<?xml version="1.0" encoding="UTF-8"?>
<!DOCTYPE html PUBLIC "-//W3C//DTD XHTML 1.0 Transitional//EN"
    "http://www.w3.org/TR/xhtml1/DTD/xhtml1-transitional.dtd">
<html xmlns="http://www.w3.org/1999/xhtml" xml:lang="en" lang="en">
 <head>
  <title>
</title>
<meta http-equiv="Content-Type" content="text/html;charset=utf-8" />
  <meta name='ocr-system' content='tesseract 3.04.00' />
  <meta name='ocr-capabilities' content='ocr_page ocr_carea ocr_par ocr_line ocrx_word'/>
</head>
<body>
  <div class='ocr_page' id='page_1' title='image "./fragmentaphiloso01mulluoft_0459.png"; bbox 0 0 2612 3814; ppageno 0'>
   <div class='ocr_carea' id='block_1_1' title="bbox 0 0 89 3814">
    <p class='ocr_par' dir='ltr' id='par_1_1' title="bbox 0 0 89 3814">
     <span class='ocr_line' id='line_1_1' title="bbox 0 0 89 3814; baseline 0 0"><span class='ocrx_word' id='word_1_1' title='bbox 0 0 89 3814; x_wconf 95' lang='lat' dir='ltr'><strong> </strong></span> 
     </span>
    </p>
   </div>
   <div class='ocr_carea' id='block_1_2' title="bbox 1000 236 1571 279">
    <p class='ocr_par' dir='ltr' id='par_1_2' title="bbox 1000 236 1571 279">
     <span class='ocr_line' id='line_1_2' title="bbox 1000 236 1571 279; baseline -0.004 -2"><span class='ocrx_word' id='word_1_2' title='bbox 1000 238 1057 278; x_wconf 89' lang='lat' dir='ltr'><strong>IN</strong></span> <span class='ocrx_word' id='word_1_3' title='bbox 1086 236 1312 279; x_wconf 80' lang='lat' dir='ltr'>AUREUM</span> <span class='ocrx_word' id='word_1_4' title='bbox 1342 236 1571 277; x_wconf 82' lang='lat' dir='ltr'>CARMEN.</span> 
     </span>
    </p>
   </div>
   <div class='ocr_carea' id='block_1_3' title="bbox 176 326 1248 1569">
    <p class='ocr_par' dir='ltr' id='par_1_3' title="bbox 176 326 1248 1569">
     <span class='ocr_line' id='line_1_3' title="bbox 187 326 1247 384; baseline -0.005 -13"><span class='ocrx_word' id='word_1_5' title='bbox 187 330 391 380; x_wconf 75' lang='grc' dir='ltr'>ὖποὸέὸηκε</span> <span class='ocrx_word' id='word_1_6' title='bbox 419 332 480 369; x_wconf 89' lang='grc' dir='ltr'><strong>τοῦ</strong></span> <span class='ocrx_word' id='word_1_7' title='bbox 501 327 616 376; x_wconf 89' lang='grc' dir='ltr'>θείου,</span> <span class='ocrx_word' id='word_1_8' title='bbox 644 327 745 384; x_wconf 81' lang='grc' dir='ltr'>φύσει</span> <span class='ocrx_word' id='word_1_9' title='bbox 774 328 881 379; x_wconf 85' lang='grc' dir='ltr'><strong>μέσον</strong></span> <span class='ocrx_word' id='word_1_10' title='bbox 903 328 1065 382; x_wconf 75' lang='grc' dir='ltr'>ὑπάρχον</span> <span class='ocrx_word' id='word_1_11' title='bbox 1085 328 1147 368; x_wconf 76' lang='grc' dir='ltr'><strong>καὶ</strong></span> <span class='ocrx_word' id='word_1_12' title='bbox 1166 326 1247 366; x_wconf 89' lang='grc' dir='ltr'>οὔτε</span> 
     </span>
     <span class='ocr_line' id='line_1_4' title="bbox 189 386 1244 444; baseline -0.005 -14"><span class='ocrx_word' id='word_1_13' title='bbox 189 393 354 444; x_wconf 82' lang='grc' dir='ltr'>προκοπῇ</span> <span class='ocrx_word' id='word_1_14' title='bbox 372 387 559 443; x_wconf 80' lang='grc' dir='ltr'>βελτιωθὲν</span> <span class='ocrx_word' id='word_1_15' title='bbox 578 387 615 433; x_wconf 80' lang='grc' dir='ltr'><strong>ἐξ</strong></span> <span class='ocrx_word' id='word_1_16' title='bbox 634 386 816 441; x_wconf 82' lang='grc' dir='ltr'>ἀνθρώπου</span> <span class='ocrx_word' id='word_1_17' title='bbox 837 387 914 427; x_wconf 85' lang='grc' dir='ltr'>οὔτε</span> <span class='ocrx_word' id='word_1_18' title='bbox 936 388 1083 441; x_wconf 73' lang='grc' dir='ltr'>ἀμελείᾳ</span> <span class='ocrx_word' id='word_1_19' title='bbox 1107 386 1244 427; x_wconf 77' lang='grc' dir='ltr'>ὑποὸὰν</span> 
     </span>
     <span class='ocr_line' id='line_1_5' title="bbox 190 446 1247 501; baseline -0.004 -12"><span class='ocrx_word' id='word_1_20' title='bbox 190 456 231 490; x_wconf 82' lang='grc' dir='ltr'><strong>ἐκ</strong></span> <span class='ocrx_word' id='word_1_21' title='bbox 247 453 324 489; x_wconf 92' lang='grc' dir='ltr'>θεοῦ</span> <span class='ocrx_word' id='word_1_22' title='bbox 341 451 389 494; x_wconf 82' lang='grc' dir='ltr'><strong>εἷς</strong></span> <span class='ocrx_word' id='word_1_23' title='bbox 406 448 472 496; x_wconf 83' lang='grc' dir='ltr'><strong>τὴν</strong></span> <span class='ocrx_word' id='word_1_24' title='bbox 489 446 599 499; x_wconf 83' lang='grc' dir='ltr'>μέσην</span> <span class='ocrx_word' id='word_1_25' title='bbox 617 446 726 493; x_wconf 84' lang='grc' dir='ltr'>τάξιν.</span> <span class='ocrx_word' id='word_1_26' title='bbox 785 449 922 500; x_wconf 82' lang='grc' dir='ltr'>Πρῶτα</span> <span class='ocrx_word' id='word_1_27' title='bbox 938 447 1006 501; x_wconf 86' lang='grc' dir='ltr'><strong>γὰρ</strong></span> <span class='ocrx_word' id='word_1_28' title='bbox 1022 447 1082 487; x_wconf 85' lang='grc' dir='ltr'><strong>καὶ</strong></span> <span class='ocrx_word' id='word_1_29' title='bbox 1103 446 1247 500; x_wconf 79' lang='grc' dir='ltr'>δεύτερα</span> 
     </span>
     <span class='ocr_line' id='line_1_6' title="bbox 183 505 1244 562; baseline -0.003 -14"><span class='ocrx_word' id='word_1_30' title='bbox 183 509 251 548; x_wconf 69' lang='grc' dir='ltr'>’καὶ</span> <span class='ocrx_word' id='word_1_31' title='bbox 271 510 372 562; x_wconf 81' lang='grc' dir='ltr'>τρίτα</span> <span class='ocrx_word' id='word_1_32' title='bbox 403 510 422 546; x_wconf 84' lang='grc' dir='ltr'><strong><em>ὃ</em></strong></span> <span class='ocrx_word' id='word_1_33' title='bbox 443 506 653 559; x_wconf 86' lang='grc' dir='ltr'>δημιουργὸς</span> <span class='ocrx_word' id='word_1_34' title='bbox 677 505 752 551; x_wconf 81' lang='grc' dir='ltr'>θεὸς</span> <span class='ocrx_word' id='word_1_35' title='bbox 780 506 960 555; x_wconf 80' lang='grc' dir='ltr'>ὑπέστησε</span> <span class='ocrx_word' id='word_1_36' title='bbox 987 506 1092 559; x_wconf 79' lang='grc' dir='ltr'>φύσει</span> <span class='ocrx_word' id='word_1_37' title='bbox 1118 506 1244 560; x_wconf 72' lang='grc' dir='ltr'>διαφέ-</span> 
     </span>
     <span class='ocr_line' id='line_1_7' title="bbox 189 565 1243 622; baseline -0.003 -15"><span class='ocrx_word' id='word_1_38' title='bbox 189 583 297 622; x_wconf 82' lang='grc' dir='ltr'>ροντα</span> <span class='ocrx_word' id='word_1_39' title='bbox 331 566 510 618; x_wconf 80' lang='grc' dir='ltr'>ἀλλήλων,</span> <span class='ocrx_word' id='word_1_40' title='bbox 542 565 604 604; x_wconf 84' lang='grc' dir='ltr'><strong>καὶ</strong></span> <span class='ocrx_word' id='word_1_41' title='bbox 634 566 683 617; x_wconf 87' lang='grc' dir='ltr'><strong>μὴ</strong></span> <span class='ocrx_word' id='word_1_42' title='bbox 713 565 935 619; x_wconf 85' lang='grc' dir='ltr'>συγχεόμενα</span> <span class='ocrx_word' id='word_1_43' title='bbox 960 566 1051 620; x_wconf 84' lang='grc' dir='ltr'>,πρὸς</span> <span class='ocrx_word' id='word_1_44' title='bbox 1074 565 1243 615; x_wconf 70' lang='grc' dir='ltr'>ἄλληλα,</span> 
     </span>
     <span class='ocr_line' id='line_1_8' title="bbox 192 623 1245 680; baseline -0.002 -14"><span class='ocrx_word' id='word_1_45' title='bbox 192 627 282 679; x_wconf 80' lang='grc' dir='ltr'>μηδὲ</span> <span class='ocrx_word' id='word_1_46' title='bbox 304 628 412 680; x_wconf 80' lang='grc' dir='ltr'>ἀρετῇ</span> <span class='ocrx_word' id='word_1_47' title='bbox 443 625 503 664; x_wconf 84' lang='grc' dir='ltr'><strong>καὶ</strong></span> <span class='ocrx_word' id='word_1_48' title='bbox 533 623 642 679; x_wconf 78' lang='grc' dir='ltr'>κακίᾳ</span> <span class='ocrx_word' id='word_1_49' title='bbox 673 624 738 673; x_wconf 83' lang='grc' dir='ltr'><strong>τὴν</strong></span> <span class='ocrx_word' id='word_1_50' title='bbox 758 625 854 671; x_wconf 81' lang='grc' dir='ltr'>τάξιν</span> <span class='ocrx_word' id='word_1_51' title='bbox 884 625 1129 678; x_wconf 77' lang='grc' dir='ltr'>διαμείὸοντα·</span> <span class='ocrx_word' id='word_1_52' title='bbox 1155 625 1178 664; x_wconf 83' lang='grc' dir='ltr'>ἃ</span> <span class='ocrx_word' id='word_1_53' title='bbox 1202 625 1245 674; x_wconf 85' lang='grc' dir='ltr'><strong>δὴ</strong></span> 
     </span>
     <span class='ocr_line' id='line_1_9' title="bbox 187 684 1248 738; baseline -0.002 -13"><span class='ocrx_word' id='word_1_54' title='bbox 187 685 272 726; x_wconf 84' lang='grc' dir='ltr'>κατ’</span> <span class='ocrx_word' id='word_1_55' title='bbox 289 685 410 724; x_wconf 83' lang='grc' dir='ltr'>οὐσίαν</span> <span class='ocrx_word' id='word_1_56' title='bbox 432 687 571 724; x_wconf 81' lang='grc' dir='ltr'>ἑστῶτα</span> <span class='ocrx_word' id='word_1_57' title='bbox 600 684 720 729; x_wconf 79' lang='grc' dir='ltr'>ἀϊδίως</span> <span class='ocrx_word' id='word_1_58' title='bbox 739 688 783 738; x_wconf 80' lang='grc' dir='ltr'><strong>τῇ</strong></span> <span class='ocrx_word' id='word_1_59' title='bbox 813 684 1109 738; x_wconf 85' lang='grc' dir='ltr'>συμπροελθούσῃ</span> <span class='ocrx_word' id='word_1_60' title='bbox 1132 687 1248 730; x_wconf 80' lang='grc' dir='ltr'>αὐτοῖς</span> 
     </span>
     <span class='ocr_line' id='line_1_10' title="bbox 184 743 1247 798; baseline -0.002 -14"><span class='ocrx_word' id='word_1_61' title='bbox 184 744 283 790; x_wconf 80' lang='grc' dir='ltr'>τάξει</span> <span class='ocrx_word' id='word_1_62' title='bbox 303 743 397 783; x_wconf 82' lang='grc' dir='ltr'>κατὰ</span> <span class='ocrx_word' id='word_1_63' title='bbox 412 743 508 797; x_wconf 83' lang='grc' dir='ltr'>γένος</span> <span class='ocrx_word' id='word_1_64' title='bbox 528 743 646 792; x_wconf 83' lang='grc' dir='ltr'>διέστη</span> <span class='ocrx_word' id='word_1_65' title='bbox 661 743 722 783; x_wconf 81' lang='grc' dir='ltr'><strong>καὶ</strong></span> <span class='ocrx_word' id='word_1_66' title='bbox 738 750 818 789; x_wconf 89' lang='grc' dir='ltr'>ταῖς</span> <span class='ocrx_word' id='word_1_67' title='bbox 834 745 1098 798; x_wconf 89' lang='grc' dir='ltr'>δημιουργικαῖς</span> <span class='ocrx_word' id='word_1_68' title='bbox 1118 743 1247 789; x_wconf 84' lang='grc' dir='ltr'>αἰτίαις</span> 
     </span>
     <span class='ocr_line' id='line_1_11' title="bbox 186 802 1245 857; baseline 0 -15"><span class='ocrx_word' id='word_1_69' title='bbox 186 803 360 855; x_wconf 78' lang='grc' dir='ltr'>ἀνάλογον</span> <span class='ocrx_word' id='word_1_70' title='bbox 379 804 527 856; x_wconf 82' lang='grc' dir='ltr'>ἐτάχθη.</span> <span class='ocrx_word' id='word_1_71' title='bbox 586 802 648 848; x_wconf 89' lang='grc' dir='ltr'><strong>Ὡς</strong></span> <span class='ocrx_word' id='word_1_72' title='bbox 667 802 734 857; x_wconf 84' lang='grc' dir='ltr'><strong>γὰρ</strong></span> <span class='ocrx_word' id='word_1_73' title='bbox 752 804 826 843; x_wconf 78' lang='grc' dir='ltr'>ἐκεῖ</span> <span class='ocrx_word' id='word_1_74' title='bbox 842 805 966 856; x_wconf 81' lang='grc' dir='ltr'>πρῶτα</span> <span class='ocrx_word' id='word_1_75' title='bbox 986 804 1050 843; x_wconf 78' lang='grc' dir='ltr'><strong>καὶ</strong></span> <span class='ocrx_word' id='word_1_76' title='bbox 1070 803 1163 855; x_wconf 84' lang='grc' dir='ltr'>μέσα</span> <span class='ocrx_word' id='word_1_77' title='bbox 1183 804 1245 842; x_wconf 83' lang='grc' dir='ltr'><strong>καὶ</strong></span> 
     </span>
     <span class='ocr_line' id='line_1_12' title="bbox 192 861 1245 923; baseline 0.001 -22"><span class='ocrx_word' id='word_1_78' title='bbox 192 861 328 916; x_wconf 85' lang='grc' dir='ltr'>ἔσχατα</span> <span class='ocrx_word' id='word_1_79' title='bbox 348 878 411 913; x_wconf 74' lang='grc' dir='ltr'><strong>της</strong></span> <span class='ocrx_word' id='word_1_80' title='bbox 441 862 648 902; x_wconf 86' lang='grc' dir='ltr'>παντελείου</span> <span class='ocrx_word' id='word_1_81' title='bbox 649 862 798 923; x_wconf 52' lang='lat' dir='ltr'><strong>nfwzpiottz</strong></span> <span class='ocrx_word' id='word_1_82' title='bbox 824 865 846 910; x_wconf 81' lang='grc' dir='ltr'>ἡ</span> <span class='ocrx_word' id='word_1_83' title='bbox 877 862 1019 908; x_wconf 80' lang='grc' dir='ltr'>τάξις”</span> <span class='ocrx_word' id='word_1_84' title='bbox 1001 878 1087 916; x_wconf 82' lang='grc' dir='ltr'>εχει·</span> <span class='ocrx_word' id='word_1_85' title='bbox 1121 863 1245 914; x_wconf 87' lang='grc' dir='ltr'>(τοῦτο</span> 
     </span>
     <span class='ocr_line' id='line_1_13' title="bbox 183 921 1245 975; baseline 0 -15"><span class='ocrx_word' id='word_1_86' title='bbox 183 921 254 973; x_wconf 84' lang='grc' dir='ltr'><strong>γάρ</strong></span> <span class='ocrx_word' id='word_1_87' title='bbox 275 921 374 961; x_wconf 79' lang='grc' dir='ltr'>ἐστιν</span> <span class='ocrx_word' id='word_1_88' title='bbox 389 922 479 974; x_wconf 82' lang='grc' dir='ltr'>αὐτῇ</span> <span class='ocrx_word' id='word_1_89' title='bbox 501 937 560 960; x_wconf 86' lang='grc' dir='ltr'><strong>και</strong></span> <span class='ocrx_word' id='word_1_90' title='bbox 578 921 619 961; x_wconf 85' lang='grc' dir='ltr'><strong>τὸ</strong></span> <span class='ocrx_word' id='word_1_91' title='bbox 638 925 727 960; x_wconf 79' lang='grc' dir='ltr'>εἶναι</span> <span class='ocrx_word' id='word_1_92' title='bbox 746 924 790 975; x_wconf 83' lang='grc' dir='ltr'><strong>τῇ</strong></span> <span class='ocrx_word' id='word_1_93' title='bbox 808 921 932 975; x_wconf 80' lang='grc' dir='ltr'>σοφία,</span> <span class='ocrx_word' id='word_1_94' title='bbox 952 921 991 960; x_wconf 86' lang='grc' dir='ltr'><strong>τὸ</strong></span> <span class='ocrx_word' id='word_1_95' title='bbox 1013 924 1047 960; x_wconf 85' lang='grc' dir='ltr'><strong>ἐν</strong></span> <span class='ocrx_word' id='word_1_96' title='bbox 1067 921 1163 967; x_wconf 83' lang='grc' dir='ltr'>τάξει</span> <span class='ocrx_word' id='word_1_97' title='bbox 1183 921 1245 961; x_wconf 74' lang='grc' dir='ltr'><strong>καὶ</strong></span> 
     </span>
     <span class='ocr_line' id='line_1_14' title="bbox 186 979 1244 1034; baseline 0 -14"><span class='ocrx_word' id='word_1_98' title='bbox 186 979 380 1028; x_wconf 70' lang='grc' dir='ltr'>τελειότητι</span> <span class='ocrx_word' id='word_1_99' title='bbox 397 980 562 1034; x_wconf 85' lang='grc' dir='ltr'>προάγειν</span> <span class='ocrx_word' id='word_1_100' title='bbox 582 980 647 1029; x_wconf 85' lang='grc' dir='ltr'><strong>τὴν</strong></span> <span class='ocrx_word' id='word_1_101' title='bbox 668 980 828 1030; x_wconf 82' lang='grc' dir='ltr'>ποίησιν,</span> <span class='ocrx_word' id='word_1_102' title='bbox 851 981 941 1021; x_wconf 83' lang='grc' dir='ltr'>ὥστε</span> <span class='ocrx_word' id='word_1_103' title='bbox 962 981 1114 1020; x_wconf 84' lang='grc' dir='ltr'>συνιέναι</span> <span class='ocrx_word' id='word_1_104' title='bbox 1134 982 1244 1029; x_wconf 83' lang='grc' dir='ltr'>ἀλλή-</span> 
     </span>
     <span class='ocr_line' id='line_1_15' title="bbox 182 1039 1244 1094; baseline 0.001 -15"><span class='ocrx_word' id='word_1_105' title='bbox 182 1041 263 1085; x_wconf 83' lang='grc' dir='ltr'>λαις</span> <span class='ocrx_word' id='word_1_106' title='bbox 278 1040 402 1094; x_wconf 79' lang='grc' dir='ltr'>σοφίαν</span> <span class='ocrx_word' id='word_1_107' title='bbox 427 1041 486 1080; x_wconf 77' lang='grc' dir='ltr'><strong>καὶ</strong></span> <span class='ocrx_word' id='word_1_108' title='bbox 507 1040 602 1086; x_wconf 77' lang='grc' dir='ltr'>τάξιν</span> <span class='ocrx_word' id='word_1_109' title='bbox 623 1040 684 1081; x_wconf 83' lang='grc' dir='ltr'><strong>καὶ</strong></span> <span class='ocrx_word' id='word_1_110' title='bbox 701 1040 940 1094; x_wconf 84' lang='grc' dir='ltr'>τελειότητα·)</span> <span class='ocrx_word' id='word_1_111' title='bbox 963 1040 1054 1080; x_wconf 81' lang='grc' dir='ltr'>οὕτω</span> <span class='ocrx_word' id='word_1_112' title='bbox 1069 1039 1111 1088; x_wconf 85' lang='grc' dir='ltr'><strong>δὴ</strong></span> <span class='ocrx_word' id='word_1_113' title='bbox 1132 1040 1192 1080; x_wconf 85' lang='grc' dir='ltr'><strong>καὶ</strong></span> <span class='ocrx_word' id='word_1_114' title='bbox 1209 1044 1244 1080; x_wconf 84' lang='grc' dir='ltr'><strong>ἐν</strong></span> 
     </span>
     <span class='ocr_line' id='line_1_16' title="bbox 185 1098 1242 1154; baseline 0 -16"><span class='ocrx_word' id='word_1_115' title='bbox 185 1101 276 1152; x_wconf 84' lang='grc' dir='ltr'>τῷδε</span> <span class='ocrx_word' id='word_1_116' title='bbox 293 1102 346 1154; x_wconf 78' lang='grc' dir='ltr'><strong>τῷ</strong></span> <span class='ocrx_word' id='word_1_117' title='bbox 367 1100 473 1139; x_wconf 79' lang='grc' dir='ltr'>παντὶ</span> <span class='ocrx_word' id='word_1_118' title='bbox 502 1098 548 1139; x_wconf 82' lang='grc' dir='ltr'><strong>τὰ</strong></span> <span class='ocrx_word' id='word_1_119' title='bbox 566 1099 652 1153; x_wconf 83' lang='grc' dir='ltr'>πρὸς</span> <span class='ocrx_word' id='word_1_120' title='bbox 673 1100 736 1147; x_wconf 82' lang='grc' dir='ltr'><strong>τὴν</strong></span> <span class='ocrx_word' id='word_1_121' title='bbox 757 1099 901 1154; x_wconf 85' lang='grc' dir='ltr'>πρώτην</span> <span class='ocrx_word' id='word_1_122' title='bbox 933 1099 1052 1148; x_wconf 84' lang='grc' dir='ltr'>νόησιν</span> <span class='ocrx_word' id='word_1_123' title='bbox 1074 1102 1135 1139; x_wconf 89' lang='grc' dir='ltr'><strong>τοῦ</strong></span> <span class='ocrx_word' id='word_1_124' title='bbox 1164 1103 1242 1139; x_wconf 91' lang='grc' dir='ltr'>θεοῦ</span> 
     </span>
     <span class='ocr_line' id='line_1_17' title="bbox 182 1157 1241 1214; baseline -0.002 -16"><span class='ocrx_word' id='word_1_125' title='bbox 182 1159 356 1211; x_wconf 87' lang='grc' dir='ltr'>γενόμενα</span> <span class='ocrx_word' id='word_1_126' title='bbox 372 1162 497 1214; x_wconf 79' lang='grc' dir='ltr'>πρῶτα</span> <span class='ocrx_word' id='word_1_127' title='bbox 515 1158 556 1199; x_wconf 80' lang='grc' dir='ltr'><strong>ἂν</strong></span> <span class='ocrx_word' id='word_1_128' title='bbox 577 1159 630 1208; x_wconf 88' lang='grc' dir='ltr'><strong>εἴη</strong></span> <span class='ocrx_word' id='word_1_129' title='bbox 652 1160 687 1198; x_wconf 82' lang='grc' dir='ltr'><strong>ἐν</strong></span> <span class='ocrx_word' id='word_1_130' title='bbox 708 1158 853 1213; x_wconf 88' lang='grc' dir='ltr'>κόσμῳ,</span> <span class='ocrx_word' id='word_1_131' title='bbox 874 1159 921 1198; x_wconf 85' lang='grc' dir='ltr'><strong>τὰ</strong></span> <span class='ocrx_word' id='word_1_132' title='bbox 942 1157 978 1198; x_wconf 82' lang='grc' dir='ltr'><strong>δὲ</strong></span> <span class='ocrx_word' id='word_1_133' title='bbox 995 1158 1080 1211; x_wconf 83' lang='grc' dir='ltr'>πρὸς</span> <span class='ocrx_word' id='word_1_134' title='bbox 1099 1157 1162 1206; x_wconf 80' lang='grc' dir='ltr'><strong>τὴν</strong></span> <span class='ocrx_word' id='word_1_135' title='bbox 1178 1158 1241 1210; x_wconf 89' lang='grc' dir='ltr'><strong>μέ-</strong></span> 
     </span>
     <span class='ocr_line' id='line_1_18' title="bbox 182 1217 1241 1275; baseline 0 -18"><span class='ocrx_word' id='word_1_136' title='bbox 182 1235 251 1267; x_wconf 84' lang='grc' dir='ltr'><strong>σην</strong></span> <span class='ocrx_word' id='word_1_137' title='bbox 267 1219 327 1259; x_wconf 81' lang='grc' dir='ltr'><strong>καὶ</strong></span> <span class='ocrx_word' id='word_1_138' title='bbox 357 1220 448 1258; x_wconf 78' lang='grc' dir='ltr'>αὐτὰ</span> <span class='ocrx_word' id='word_1_139' title='bbox 475 1218 591 1270; x_wconf 78' lang='grc' dir='ltr'>μέσα,</span> <span class='ocrx_word' id='word_1_140' title='bbox 611 1218 672 1257; x_wconf 80' lang='grc' dir='ltr'><strong>καὶ</strong></span> <span class='ocrx_word' id='word_1_141' title='bbox 695 1218 741 1258; x_wconf 81' lang='grc' dir='ltr'><strong>τὰ</strong></span> <span class='ocrx_word' id='word_1_142' title='bbox 765 1221 816 1272; x_wconf 80' lang='grc' dir='ltr'><strong>τῷ</strong></span> <span class='ocrx_word' id='word_1_143' title='bbox 844 1218 971 1275; x_wconf 78' lang='grc' dir='ltr'>πέρατι</span> <span class='ocrx_word' id='word_1_144' title='bbox 999 1220 1068 1257; x_wconf 84' lang='grc' dir='ltr'><strong>τῶν</strong></span> <span class='ocrx_word' id='word_1_145' title='bbox 1087 1217 1241 1265; x_wconf 81' lang='grc' dir='ltr'>νοήσεων</span> 
     </span>
     <span class='ocr_line' id='line_1_19' title="bbox 182 1275 1243 1331; baseline 0 -15"><span class='ocrx_word' id='word_1_146' title='bbox 182 1277 323 1318; x_wconf 79' lang='grc' dir='ltr'>ἐοικότα</span> <span class='ocrx_word' id='word_1_147' title='bbox 339 1279 524 1317; x_wconf 86' lang='grc' dir='ltr'>τελευταῖα</span> <span class='ocrx_word' id='word_1_148' title='bbox 544 1277 585 1317; x_wconf 84' lang='grc' dir='ltr'><strong>ἂν</strong></span> <span class='ocrx_word' id='word_1_149' title='bbox 607 1276 660 1325; x_wconf 83' lang='grc' dir='ltr'><strong>εἴη</strong></span> <span class='ocrx_word' id='word_1_150' title='bbox 679 1278 715 1316; x_wconf 81' lang='grc' dir='ltr'><strong>ἐν</strong></span> <span class='ocrx_word' id='word_1_151' title='bbox 732 1279 900 1330; x_wconf 86' lang='grc' dir='ltr'>λογικοῖς.</span> <span class='ocrx_word' id='word_1_152' title='bbox 958 1275 1064 1317; x_wconf 88' lang='grc' dir='ltr'>Ἔστι</span> <span class='ocrx_word' id='word_1_153' title='bbox 1084 1277 1152 1331; x_wconf 82' lang='grc' dir='ltr'><strong>γὰρ</strong></span> <span class='ocrx_word' id='word_1_154' title='bbox 1173 1284 1243 1323; x_wconf 82' lang='grc' dir='ltr'><strong>πᾶς</strong></span> 
     </span>
     <span class='ocr_line' id='line_1_20' title="bbox 180 1335 1241 1392; baseline 0.002 -17"><span class='ocrx_word' id='word_1_155' title='bbox 180 1336 248 1387; x_wconf 83' lang='grc' dir='ltr'><strong>μὲν</strong></span> <span class='ocrx_word' id='word_1_156' title='bbox 267 1339 285 1376; x_wconf 81' lang='grc' dir='ltr'>ὁ</span> <span class='ocrx_word' id='word_1_157' title='bbox 301 1336 442 1389; x_wconf 78' lang='grc' dir='ltr'>λογικὸς</span> <span class='ocrx_word' id='word_1_158' title='bbox 457 1337 647 1388; x_wconf 77' lang='grc' dir='ltr'>διάκοσμος</span> <span class='ocrx_word' id='word_1_159' title='bbox 664 1335 754 1386; x_wconf 81' lang='grc' dir='ltr'>μετὰ</span> <span class='ocrx_word' id='word_1_160' title='bbox 774 1341 834 1377; x_wconf 90' lang='grc' dir='ltr'><strong>τοῦ</strong></span> <span class='ocrx_word' id='word_1_161' title='bbox 860 1336 1128 1391; x_wconf 73' lang='grc' dir='ltr'>συμπεφυκότος</span> <span class='ocrx_word' id='word_1_162' title='bbox 1144 1339 1241 1392; x_wconf 79' lang='grc' dir='ltr'>αὐτῷ</span> 
     </span>
     <span class='ocr_line' id='line_1_21' title="bbox 180 1395 1239 1451; baseline 0.002 -17"><span class='ocrx_word' id='word_1_163' title='bbox 180 1396 362 1450; x_wconf 75' lang='grc' dir='ltr'>ἀφθάρτου</span> <span class='ocrx_word' id='word_1_164' title='bbox 399 1395 564 1448; x_wconf 88' lang='grc' dir='ltr'>σώματος</span> <span class='ocrx_word' id='word_1_165' title='bbox 590 1395 692 1436; x_wconf 80' lang='grc' dir='ltr'>εἰκὼν</span> <span class='ocrx_word' id='word_1_166' title='bbox 714 1397 795 1436; x_wconf 79' lang='grc' dir='ltr'>ὅλου</span> <span class='ocrx_word' id='word_1_167' title='bbox 824 1400 885 1435; x_wconf 92' lang='grc' dir='ltr'><strong>τοῦ</strong></span> <span class='ocrx_word' id='word_1_168' title='bbox 915 1398 1128 1451; x_wconf 79' lang='grc' dir='ltr'>δημιουργοῦ</span> <span class='ocrx_word' id='word_1_169' title='bbox 1149 1402 1239 1438; x_wconf 88' lang='grc' dir='ltr'>θεοῦ.</span> 
     </span>
     <span class='ocr_line' id='line_1_22' title="bbox 176 1455 1242 1511; baseline 0.004 -17"><span class='ocrx_word' id='word_1_170' title='bbox 176 1455 256 1502; x_wconf 81' lang='grc' dir='ltr'><strong>Τῆς</strong></span> <span class='ocrx_word' id='word_1_171' title='bbox 278 1456 314 1494; x_wconf 82' lang='grc' dir='ltr'><strong>δὲ</strong></span> <span class='ocrx_word' id='word_1_172' title='bbox 338 1457 412 1495; x_wconf 79' lang='grc' dir='ltr'>ἐκεῖ</span> <span class='ocrx_word' id='word_1_173' title='bbox 436 1455 627 1509; x_wconf 86' lang='grc' dir='ltr'>ἀκρότητος</span> <span class='ocrx_word' id='word_1_174' title='bbox 642 1455 687 1496; x_wconf 83' lang='grc' dir='ltr'><strong>τὰ</strong></span> <span class='ocrx_word' id='word_1_175' title='bbox 708 1459 743 1497; x_wconf 82' lang='grc' dir='ltr'><strong>ἐν</strong></span> <span class='ocrx_word' id='word_1_176' title='bbox 769 1456 893 1511; x_wconf 86' lang='grc' dir='ltr'>κόσμῳ</span> <span class='ocrx_word' id='word_1_177' title='bbox 914 1459 1037 1511; x_wconf 86' lang='grc' dir='ltr'>πρῶτα</span> <span class='ocrx_word' id='word_1_178' title='bbox 1065 1457 1242 1510; x_wconf 80' lang='grc' dir='ltr'>ἀκήρατος</span> 
     </span>
     <span class='ocr_line' id='line_1_23' title="bbox 176 1514 1240 1569; baseline 0.001 -16"><span class='ocrx_word' id='word_1_179' title='bbox 176 1514 305 1564; x_wconf 78' lang='grc' dir='ltr'>εἰκών,</span> <span class='ocrx_word' id='word_1_180' title='bbox 328 1515 389 1555; x_wconf 79' lang='grc' dir='ltr'><strong>καὶ</strong></span> <span class='ocrx_word' id='word_1_181' title='bbox 410 1518 472 1563; x_wconf 78' lang='grc' dir='ltr'><strong>τῆς</strong></span> <span class='ocrx_word' id='word_1_182' title='bbox 488 1518 562 1555; x_wconf 79' lang='grc' dir='ltr'>ἐκεῖ</span> <span class='ocrx_word' id='word_1_183' title='bbox 586 1517 777 1569; x_wconf 80' lang='grc' dir='ltr'>μεσότητος</span> <span class='ocrx_word' id='word_1_184' title='bbox 793 1516 884 1569; x_wconf 90' lang='grc' dir='ltr'>μέση</span> <span class='ocrx_word' id='word_1_185' title='bbox 904 1516 1008 1557; x_wconf 84' lang='grc' dir='ltr'>εἰκὼν</span> <span class='ocrx_word' id='word_1_186' title='bbox 1026 1516 1069 1556; x_wconf 86' lang='grc' dir='ltr'><strong>τὰ</strong></span> <span class='ocrx_word' id='word_1_187' title='bbox 1090 1519 1240 1557; x_wconf 84' lang='grc' dir='ltr'>ἐνταῦθα</span> 
     </span>
    </p>
   </div>
   <div class='ocr_carea' id='block_1_4' title="bbox 176 1573 1237 1683">
    <p class='ocr_par' dir='ltr' id='par_1_4' title="bbox 176 1573 1237 1683">
     <span class='ocr_line' id='line_1_24' title="bbox 180 1573 1237 1644; baseline 0.001 -31"><span class='ocrx_word' id='word_1_188' title='bbox 180 1573 300 1644; x_wconf 83' lang='grc' dir='ltr'>μέσα,</span> <span class='ocrx_word' id='word_1_189' title='bbox 323 1575 465 1614; x_wconf 78' lang='grc' dir='ltr'>καὶτοῦ</span> <span class='ocrx_word' id='word_1_190' title='bbox 491 1575 644 1630; x_wconf 86' lang='grc' dir='ltr'>πέρατος</span> <span class='ocrx_word' id='word_1_191' title='bbox 671 1594 733 1623; x_wconf 84' lang='grc' dir='ltr'><strong>της</strong></span> <span class='ocrx_word' id='word_1_192' title='bbox 756 1578 831 1616; x_wconf 82' lang='grc' dir='ltr'>ε’κει</span> <span class='ocrx_word' id='word_1_193' title='bbox 861 1578 1022 1625; x_wconf 85' lang='grc' dir='ltr'>θεότητος</span> <span class='ocrx_word' id='word_1_194' title='bbox 1052 1576 1237 1616; x_wconf 85' lang='grc' dir='ltr'>τελευταία</span> 
     </span>
     <span class='ocr_line' id='line_1_25' title="bbox 176 1626 1233 1683; baseline 0.002 -17"><span class='ocrx_word' id='word_1_195' title='bbox 176 1626 281 1667; x_wconf 82' lang='grc' dir='ltr'>εἰκὼν</span> <span class='ocrx_word' id='word_1_196' title='bbox 301 1628 347 1667; x_wconf 85' lang='grc' dir='ltr'><strong>τὰ</strong></span> <span class='ocrx_word' id='word_1_197' title='bbox 367 1631 401 1667; x_wconf 84' lang='grc' dir='ltr'><strong>ἐν</strong></span> <span class='ocrx_word' id='word_1_198' title='bbox 430 1630 582 1681; x_wconf 85' lang='grc' dir='ltr'>λογικοῖς</span> <span class='ocrx_word' id='word_1_199' title='bbox 609 1630 710 1683; x_wconf 88' lang='grc' dir='ltr'>τρίτα</span> <span class='ocrx_word' id='word_1_200' title='bbox 731 1630 791 1669; x_wconf 81' lang='grc' dir='ltr'><strong>καὶ</strong></span> <span class='ocrx_word' id='word_1_201' title='bbox 819 1629 970 1683; x_wconf 79' lang='grc' dir='ltr'>ἔσχατα.</span> <span class='ocrx_word' id='word_1_202' title='bbox 1027 1629 1175 1671; x_wconf 77' lang='grc' dir='ltr'>Τούτων</span> <span class='ocrx_word' id='word_1_203' title='bbox 1197 1628 1233 1668; x_wconf 82' lang='grc' dir='ltr'><strong>δὲ</strong></span> 
     </span>
    </p>
   </div>
   <div class='ocr_carea' id='block_1_5' title="bbox 173 1688 1239 1862">
    <p class='ocr_par' dir='ltr' id='par_1_5' title="bbox 173 1688 1239 1862">
     <span class='ocr_line' id='line_1_26' title="bbox 176 1688 1239 1743; baseline 0.002 -17"><span class='ocrx_word' id='word_1_204' title='bbox 176 1689 247 1726; x_wconf 78' lang='grc' dir='ltr'><strong>τῶν</strong></span> <span class='ocrx_word' id='word_1_205' title='bbox 267 1690 372 1741; x_wconf 82' lang='grc' dir='ltr'>τριῶν</span> <span class='ocrx_word' id='word_1_206' title='bbox 406 1693 515 1739; x_wconf 78' lang='grc' dir='ltr'>γενῶν</span> <span class='ocrx_word' id='word_1_207' title='bbox 543 1689 583 1728; x_wconf 87' lang='grc' dir='ltr'><strong>τὸ</strong></span> <span class='ocrx_word' id='word_1_208' title='bbox 613 1688 677 1741; x_wconf 82' lang='grc' dir='ltr'><strong>μὲν</strong></span> <span class='ocrx_word' id='word_1_209' title='bbox 711 1705 850 1743; x_wconf 88' lang='grc' dir='ltr'>πρωτον</span> <span class='ocrx_word' id='word_1_210' title='bbox 878 1689 1070 1734; x_wconf 87' lang='grc' dir='ltr'>ἀθανάτους</span> <span class='ocrx_word' id='word_1_211' title='bbox 1094 1690 1191 1734; x_wconf 83' lang='grc' dir='ltr'>Θεοὺς</span> <span class='ocrx_word' id='word_1_212' title='bbox 1221 1691 1239 1728; x_wconf 84' lang='grc' dir='ltr'><strong>ὁ</strong></span> 
     </span>
     <span class='ocr_line' id='line_1_27' title="bbox 174 1746 1230 1803; baseline 0.003 -18"><span class='ocrx_word' id='word_1_213' title='bbox 174 1746 302 1800; x_wconf 79' lang='grc' dir='ltr'>παρὼν</span> <span class='ocrx_word' id='word_1_214' title='bbox 322 1747 422 1800; x_wconf 88' lang='grc' dir='ltr'>λόγος</span> <span class='ocrx_word' id='word_1_215' title='bbox 454 1748 631 1799; x_wconf 77' lang='grc' dir='ltr'>ἐσήμανε,</span> <span class='ocrx_word' id='word_1_216' title='bbox 665 1748 704 1788; x_wconf 84' lang='grc' dir='ltr'><strong>τὸ</strong></span> <span class='ocrx_word' id='word_1_217' title='bbox 730 1749 767 1788; x_wconf 82' lang='grc' dir='ltr'><strong>δὲ</strong></span> <span class='ocrx_word' id='word_1_218' title='bbox 789 1749 898 1800; x_wconf 83' lang='grc' dir='ltr'>μέσον</span> <span class='ocrx_word' id='word_1_219' title='bbox 918 1749 1038 1803; x_wconf 83' lang='grc' dir='ltr'>ἥρωας</span> <span class='ocrx_word' id='word_1_220' title='bbox 1058 1749 1230 1798; x_wconf 83' lang='grc' dir='ltr'>ἀγαυούς,</span> 
     </span>
     <span class='ocr_line' id='line_1_28' title="bbox 173 1806 1239 1862; baseline 0.001 -17"><span class='ocrx_word' id='word_1_221' title='bbox 173 1806 237 1845; x_wconf 80' lang='grc' dir='ltr'><strong>καὶ</strong></span> <span class='ocrx_word' id='word_1_222' title='bbox 261 1806 301 1845; x_wconf 82' lang='grc' dir='ltr'><strong>τὸ</strong></span> <span class='ocrx_word' id='word_1_223' title='bbox 327 1806 475 1859; x_wconf 86' lang='grc' dir='ltr'>ἔσχατον</span> <span class='ocrx_word' id='word_1_224' title='bbox 501 1807 671 1860; x_wconf 87' lang='grc' dir='ltr'>δαίμονας</span> <span class='ocrx_word' id='word_1_225' title='bbox 689 1808 963 1862; x_wconf 75' lang='grc' dir='ltr'>καταχθονίους,</span> <span class='ocrx_word' id='word_1_226' title='bbox 981 1811 1027 1854; x_wconf 84' lang='grc' dir='ltr'><strong>ὡς</strong></span> <span class='ocrx_word' id='word_1_227' title='bbox 1047 1808 1173 1862; x_wconf 83' lang='grc' dir='ltr'>μικρὸν</span> <span class='ocrx_word' id='word_1_228' title='bbox 1195 1807 1239 1846; x_wconf 78' lang='grc' dir='ltr'><strong>ὕ-</strong></span> 
     </span>
    </p>
   </div>
   <div class='ocr_carea' id='block_1_6' title="bbox 2292 246 2372 280">
    <p class='ocr_par' dir='ltr' id='par_1_6' title="bbox 2292 246 2372 280">
     <span class='ocr_line' id='line_1_29' title="bbox 2292 246 2372 280; baseline -0.013 0"><span class='ocrx_word' id='word_1_229' title='bbox 2292 246 2372 280; x_wconf 78' lang='grc'><strong>419</strong></span> 
     </span>
    </p>
   </div>
   <div class='ocr_carea' id='block_1_7' title="bbox 1307 324 2368 556">
    <p class='ocr_par' dir='ltr' id='par_1_7' title="bbox 1307 324 2368 556">
     <span class='ocr_line' id='line_1_30' title="bbox 1309 324 2365 379; baseline 0.002 -14"><span class='ocrx_word' id='word_1_230' title='bbox 1309 341 1429 379; x_wconf 90' lang='grc' dir='ltr'>στερον</span> <span class='ocrx_word' id='word_1_231' title='bbox 1444 324 1625 376; x_wconf 82' lang='grc' dir='ltr'>εἰσόμεθα.</span> <span class='ocrx_word' id='word_1_232' title='bbox 1637 326 1711 364; x_wconf 86' lang='grc' dir='ltr'>Νῦν</span> <span class='ocrx_word' id='word_1_233' title='bbox 1722 324 1757 363; x_wconf 85' lang='grc' dir='ltr'><strong>δὲ</strong></span> <span class='ocrx_word' id='word_1_234' title='bbox 1770 324 1827 364; x_wconf 83' lang='grc' dir='ltr'><strong>ἐπὶ</strong></span> <span class='ocrx_word' id='word_1_235' title='bbox 1841 324 1884 363; x_wconf 77' lang='grc' dir='ltr'><strong>τὰ</strong></span> <span class='ocrx_word' id='word_1_236' title='bbox 1900 328 2024 378; x_wconf 85' lang='grc' dir='ltr'>πρῶτα</span> <span class='ocrx_word' id='word_1_237' title='bbox 2040 326 2146 365; x_wconf 86' lang='grc' dir='ltr'>πάλιν</span> <span class='ocrx_word' id='word_1_238' title='bbox 2164 327 2365 367; x_wconf 78' lang='grc' dir='ltr'>ἐπανέλθω·</span> 
     </span>
     <span class='ocr_line' id='line_1_31' title="bbox 1310 383 2366 440; baseline 0.001 -15"><span class='ocrx_word' id='word_1_239' title='bbox 1310 402 1387 437; x_wconf 90' lang='grc' dir='ltr'>μεν.</span> <span class='ocrx_word' id='word_1_240' title='bbox 1406 385 1470 429; x_wconf 84' lang='grc' dir='ltr'><strong>Τίς</strong></span> <span class='ocrx_word' id='word_1_241' title='bbox 1481 387 1499 423; x_wconf 85' lang='grc' dir='ltr'>ὁ</span> <span class='ocrx_word' id='word_1_242' title='bbox 1517 383 1621 435; x_wconf 84' lang='grc' dir='ltr'>νόμος</span> <span class='ocrx_word' id='word_1_243' title='bbox 1631 384 1691 423; x_wconf 76' lang='grc' dir='ltr'><strong>καὶ</strong></span> <span class='ocrx_word' id='word_1_244' title='bbox 1710 387 1731 431; x_wconf 88' lang='grc' dir='ltr'>ἠ</span> <span class='ocrx_word' id='word_1_245' title='bbox 1754 384 1844 423; x_wconf 71' lang='grc' dir='ltr'>κατὰ</span> <span class='ocrx_word' id='word_1_246' title='bbox 1859 388 1978 424; x_wconf 86' lang='grc' dir='ltr'>τοῦτον</span> <span class='ocrx_word' id='word_1_247' title='bbox 1992 385 2085 431; x_wconf 87' lang='grc' dir='ltr'>τάξις</span> <span class='ocrx_word' id='word_1_248' title='bbox 2098 386 2158 425; x_wconf 79' lang='grc' dir='ltr'><strong>καὶ</strong></span> <span class='ocrx_word' id='word_1_249' title='bbox 2173 388 2289 440; x_wconf 78' lang='grc' dir='ltr'>ἡπρὸς</span> <span class='ocrx_word' id='word_1_250' title='bbox 2301 386 2366 435; x_wconf 80' lang='grc' dir='ltr'><strong>τὴν</strong></span> 
     </span>
     <span class='ocr_line' id='line_1_32' title="bbox 1307 442 2368 497; baseline 0.002 -13"><span class='ocrx_word' id='word_1_251' title='bbox 1307 444 1402 491; x_wconf 83' lang='grc' dir='ltr'>τάξιν</span> <span class='ocrx_word' id='word_1_252' title='bbox 1415 444 1653 494; x_wconf 83' lang='grc' dir='ltr'>ἀποδιδομένη</span> <span class='ocrx_word' id='word_1_253' title='bbox 1667 442 1774 495; x_wconf 57' lang='lat' dir='ltr'><strong>tiu-63</strong></span> <span class='ocrx_word' id='word_1_254' title='bbox 1794 442 1897 494; x_wconf 87' lang='grc' dir='ltr'>νόμος</span> <span class='ocrx_word' id='word_1_255' title='bbox 1912 443 1974 494; x_wconf 85' lang='grc' dir='ltr'><strong>μὲν</strong></span> <span class='ocrx_word' id='word_1_256' title='bbox 1994 447 2012 483; x_wconf 83' lang='grc' dir='ltr'>ὁ</span> <span class='ocrx_word' id='word_1_257' title='bbox 2032 446 2278 497; x_wconf 85' lang='grc' dir='ltr'>δημιουργικὸς</span> <span class='ocrx_word' id='word_1_258' title='bbox 2291 450 2368 491; x_wconf 88' lang='grc' dir='ltr'>νοῦς</span> 
     </span>
     <span class='ocr_line' id='line_1_33' title="bbox 1307 502 2366 556; baseline 0.002 -12"><span class='ocrx_word' id='word_1_259' title='bbox 1307 504 1368 544; x_wconf 82' lang='grc' dir='ltr'><strong>καὶ</strong></span> <span class='ocrx_word' id='word_1_260' title='bbox 1384 508 1406 553; x_wconf 85' lang='grc' dir='ltr'>ἠ</span> <span class='ocrx_word' id='word_1_261' title='bbox 1428 503 1505 544; x_wconf 88' lang='grc' dir='ltr'>θεία</span> <span class='ocrx_word' id='word_1_262' title='bbox 1527 503 1693 556; x_wconf 82' lang='grc' dir='ltr'>βούλησις</span> <span class='ocrx_word' id='word_1_263' title='bbox 1709 507 1732 552; x_wconf 86' lang='grc' dir='ltr'>ἡ</span> <span class='ocrx_word' id='word_1_264' title='bbox 1752 502 1871 548; x_wconf 83' lang='grc' dir='ltr'>ἆῖδίως</span> <span class='ocrx_word' id='word_1_265' title='bbox 1884 503 2088 556; x_wconf 84' lang='grc' dir='ltr'>προάγουσα</span> <span class='ocrx_word' id='word_1_266' title='bbox 2103 505 2148 543; x_wconf 83' lang='grc' dir='ltr'><strong>τὰ</strong></span> <span class='ocrx_word' id='word_1_267' title='bbox 2167 506 2283 545; x_wconf 87' lang='grc' dir='ltr'>πάντα</span> <span class='ocrx_word' id='word_1_268' title='bbox 2305 507 2366 546; x_wconf 87' lang='grc' dir='ltr'><strong>καὶ</strong></span> 
     </span>
    </p>
   </div>
   <div class='ocr_carea' id='block_1_8' title="bbox 1298 561 2369 617">
    <p class='ocr_par' dir='ltr' id='par_1_8' title="bbox 1298 561 2369 617">
     <span class='ocr_line' id='line_1_34' title="bbox 1298 561 2369 617; baseline 0.001 -14"><span class='ocrx_word' id='word_1_269' title='bbox 1298 565 1356 608; x_wconf 67' lang='grc' dir='ltr'><strong>ἐἷς</strong></span> <span class='ocrx_word' id='word_1_270' title='bbox 1376 564 1431 602; x_wconf 83' lang='grc' dir='ltr'><strong>ἀεῖ</strong></span> <span class='ocrx_word' id='word_1_271' title='bbox 1451 561 1689 612; x_wconf 83' lang='grc' dir='ltr'>διασώζουσα,</span> <span class='ocrx_word' id='word_1_272' title='bbox 1707 561 1802 608; x_wconf 84' lang='grc' dir='ltr'>τάξις</span> <span class='ocrx_word' id='word_1_273' title='bbox 1818 561 1854 602; x_wconf 79' lang='grc' dir='ltr'><strong>δὲ</strong></span> <span class='ocrx_word' id='word_1_274' title='bbox 1875 561 2015 613; x_wconf 85' lang='grc' dir='ltr'>ἔννομος</span> <span class='ocrx_word' id='word_1_275' title='bbox 2034 565 2056 610; x_wconf 81' lang='grc' dir='ltr'>ἡ</span> <span class='ocrx_word' id='word_1_276' title='bbox 2073 563 2142 602; x_wconf 81' lang='grc' dir='ltr'><strong>ἀπὸ</strong></span> <span class='ocrx_word' id='word_1_277' title='bbox 2162 568 2221 602; x_wconf 80' lang='grc' dir='ltr'><strong>τοῦ</strong></span> <span class='ocrx_word' id='word_1_278' title='bbox 2236 565 2369 617; x_wconf 82' lang='grc' dir='ltr'>πατρὸς</span> 
     </span>
    </p>
   </div>
   <div class='ocr_carea' id='block_1_9' title="bbox 1301 621 2368 1864">
    <p class='ocr_par' dir='ltr' id='par_1_9' title="bbox 1301 621 2368 1864">
     <span class='ocr_line' id='line_1_35' title="bbox 1307 621 2366 674; baseline -0.001 -11"><span class='ocrx_word' id='word_1_279' title='bbox 1307 625 1375 663; x_wconf 84' lang='grc' dir='ltr'><strong>τῶν</strong></span> <span class='ocrx_word' id='word_1_280' title='bbox 1400 622 1490 661; x_wconf 82' lang='grc' dir='ltr'>ὅλων</span> <span class='ocrx_word' id='word_1_281' title='bbox 1501 621 1561 660; x_wconf 79' lang='grc' dir='ltr'><strong>καὶ</strong></span> <span class='ocrx_word' id='word_1_282' title='bbox 1576 622 1788 674; x_wconf 81' lang='grc' dir='ltr'>δημιουργοῦ</span> <span class='ocrx_word' id='word_1_283' title='bbox 1809 626 1880 667; x_wconf 89' lang='grc' dir='ltr'>τοῖς</span> <span class='ocrx_word' id='word_1_284' title='bbox 1895 621 2077 666; x_wconf 88' lang='grc' dir='ltr'>ἀθανάτοις</span> <span class='ocrx_word' id='word_1_285' title='bbox 2091 622 2180 666; x_wconf 84' lang='grc' dir='ltr'>θεοῖς</span> <span class='ocrx_word' id='word_1_286' title='bbox 2193 625 2366 662; x_wconf 87' lang='grc' dir='ltr'>συνεισελ-</span> 
     </span>
     <span class='ocr_line' id='line_1_36' title="bbox 1307 680 2368 733; baseline -0.001 -11"><span class='ocrx_word' id='word_1_287' title='bbox 1307 685 1434 730; x_wconf 85' lang='grc' dir='ltr'>θοῦσα,</span> <span class='ocrx_word' id='word_1_288' title='bbox 1457 681 1518 721; x_wconf 77' lang='grc' dir='ltr'><strong>καὶ</strong></span> <span class='ocrx_word' id='word_1_289' title='bbox 1534 685 1684 721; x_wconf 91' lang='grc' dir='ltr'>ποιοῦσα</span> <span class='ocrx_word' id='word_1_290' title='bbox 1705 683 1740 721; x_wconf 82' lang='grc' dir='ltr'><strong>ἐν</strong></span> <span class='ocrx_word' id='word_1_291' title='bbox 1765 682 1883 726; x_wconf 78' lang='grc' dir='ltr'>αὐτοῖς</span> <span class='ocrx_word' id='word_1_292' title='bbox 1898 680 1976 725; x_wconf 78' lang='grc' dir='ltr'>τοὺς</span> <span class='ocrx_word' id='word_1_293' title='bbox 1993 681 2055 732; x_wconf 75' lang='grc' dir='ltr'><strong>μὲν</strong></span> <span class='ocrx_word' id='word_1_294' title='bbox 2077 680 2238 733; x_wconf 82' lang='grc' dir='ltr'>πρώτους</span> <span class='ocrx_word' id='word_1_295' title='bbox 2252 711 2262 729; x_wconf 94' lang='grc'>,</span> <span class='ocrx_word' id='word_1_296' title='bbox 2290 681 2368 727; x_wconf 77' lang='grc' dir='ltr'>τοὺς</span> 
     </span>
     <span class='ocr_line' id='line_1_37' title="bbox 1307 739 2367 795; baseline 0 -15"><span class='ocrx_word' id='word_1_297' title='bbox 1307 742 1345 782; x_wconf 79' lang='grc' dir='ltr'><strong>δὲ</strong></span> <span class='ocrx_word' id='word_1_298' title='bbox 1363 740 1558 794; x_wconf 81' lang='grc' dir='ltr'>δευτέρους.</span> <span class='ocrx_word' id='word_1_299' title='bbox 1628 742 1674 780; x_wconf 81' lang='grc' dir='ltr'><strong>Εἰ</strong></span> <span class='ocrx_word' id='word_1_300' title='bbox 1695 739 1764 794; x_wconf 84' lang='grc' dir='ltr'><strong>γὰρ</strong></span> <span class='ocrx_word' id='word_1_301' title='bbox 1785 740 1845 780; x_wconf 89' lang='grc' dir='ltr'><strong>καί</strong></span> <span class='ocrx_word' id='word_1_302' title='bbox 1860 770 1872 790; x_wconf 92' lang='grc'>,</span> <span class='ocrx_word' id='word_1_303' title='bbox 1905 741 1952 785; x_wconf 84' lang='grc' dir='ltr'><strong>ὡς</strong></span> <span class='ocrx_word' id='word_1_304' title='bbox 1972 741 2006 779; x_wconf 83' lang='grc' dir='ltr'><strong>ἐν</strong></span> <span class='ocrx_word' id='word_1_305' title='bbox 2025 740 2132 779; x_wconf 89' lang='grc' dir='ltr'>παντὶ</span> <span class='ocrx_word' id='word_1_306' title='bbox 2152 744 2203 795; x_wconf 84' lang='grc' dir='ltr'><strong>τῷ</strong></span> <span class='ocrx_word' id='word_1_307' title='bbox 2233 742 2367 794; x_wconf 84' lang='grc' dir='ltr'>λογικῷ</span> 
     </span>
     <span class='ocr_line' id='line_1_38' title="bbox 1307 798 2368 854; baseline 0.001 -15"><span class='ocrx_word' id='word_1_308' title='bbox 1307 800 1489 854; x_wconf 86' lang='grc' dir='ltr'>διακόσμῳ</span> <span class='ocrx_word' id='word_1_309' title='bbox 1504 831 1514 848; x_wconf 92' lang='grc'>,</span> <span class='ocrx_word' id='word_1_310' title='bbox 1533 798 1597 848; x_wconf 79' lang='grc' dir='ltr'><strong>τὴν</strong></span> <span class='ocrx_word' id='word_1_311' title='bbox 1623 799 1804 852; x_wconf 82' lang='grc' dir='ltr'>ἀκρότητα</span> <span class='ocrx_word' id='word_1_312' title='bbox 1824 799 1976 853; x_wconf 84' lang='grc' dir='ltr'>ἔλαχον,</span> <span class='ocrx_word' id='word_1_313' title='bbox 1993 800 2072 838; x_wconf 85' lang='grc' dir='ltr'>ἀλλ’</span> <span class='ocrx_word' id='word_1_314' title='bbox 2086 800 2216 851; x_wconf 79' lang='grc' dir='ltr'>ὁμοίως</span> <span class='ocrx_word' id='word_1_315' title='bbox 2236 801 2271 839; x_wconf 85' lang='grc' dir='ltr'><strong>ἐν</strong></span> <span class='ocrx_word' id='word_1_316' title='bbox 2287 803 2368 840; x_wconf 85' lang='grc' dir='ltr'>ἑαυ-</span> 
     </span>
     <span class='ocr_line' id='line_1_39' title="bbox 1306 859 2363 914; baseline 0.002 -15"><span class='ocrx_word' id='word_1_317' title='bbox 1306 866 1377 906; x_wconf 88' lang='grc' dir='ltr'>τοῖς</span> <span class='ocrx_word' id='word_1_318' title='bbox 1402 859 1644 900; x_wconf 85' lang='grc' dir='ltr'>ποικίλλονται</span> <span class='ocrx_word' id='word_1_319' title='bbox 1681 859 1743 900; x_wconf 90' lang='grc' dir='ltr'><strong>καί</strong></span> <span class='ocrx_word' id='word_1_320' title='bbox 1770 861 1857 900; x_wconf 82' lang='grc' dir='ltr'>εἶσιν</span> <span class='ocrx_word' id='word_1_321' title='bbox 1890 861 1992 900; x_wconf 82' lang='grc' dir='ltr'>ἄλλοι</span> <span class='ocrx_word' id='word_1_322' title='bbox 2030 860 2147 899; x_wconf 85' lang='grc' dir='ltr'>ἄλλων</span> <span class='ocrx_word' id='word_1_323' title='bbox 2184 861 2363 914; x_wconf 88' lang='grc' dir='ltr'>θειότεροι.</span> 
     </span>
     <span class='ocr_line' id='line_1_40' title="bbox 1307 918 2368 973; baseline 0 -14"><span class='ocrx_word' id='word_1_324' title='bbox 1307 919 1467 970; x_wconf 82' lang='grc' dir='ltr'>Μήνυμα</span> <span class='ocrx_word' id='word_1_325' title='bbox 1485 918 1521 957; x_wconf 75' lang='grc' dir='ltr'><strong>δὲ</strong></span> <span class='ocrx_word' id='word_1_326' title='bbox 1548 921 1610 966; x_wconf 69' lang='grc' dir='ltr'><strong>τῆς</strong></span> <span class='ocrx_word' id='word_1_327' title='bbox 1638 918 1719 959; x_wconf 87' lang='grc' dir='ltr'>κατ’</span> <span class='ocrx_word' id='word_1_328' title='bbox 1747 919 1868 959; x_wconf 82' lang='grc' dir='ltr'>οὐσίαν</span> <span class='ocrx_word' id='word_1_329' title='bbox 1902 920 2016 958; x_wconf 78' lang='grc' dir='ltr'>αὐτῶν</span> <span class='ocrx_word' id='word_1_330' title='bbox 2045 922 2222 973; x_wconf 73' lang='grc' dir='ltr'>ὑπεροχῆς</span> <span class='ocrx_word' id='word_1_331' title='bbox 2248 935 2286 958; x_wconf 88' lang='grc' dir='ltr'><strong>τε</strong></span> <span class='ocrx_word' id='word_1_332' title='bbox 2307 921 2368 959; x_wconf 79' lang='grc' dir='ltr'><strong>καὶ</strong></span> 
     </span>
     <span class='ocr_line' id='line_1_41' title="bbox 1305 978 2367 1032; baseline 0.001 -14"><span class='ocrx_word' id='word_1_333' title='bbox 1305 979 1512 1023; x_wconf 61' lang='grc' dir='ltr'>ὑποςάσεως</span> <span class='ocrx_word' id='word_1_334' title='bbox 1531 981 1553 1026; x_wconf 79' lang='grc' dir='ltr'>ἡ</span> <span class='ocrx_word' id='word_1_335' title='bbox 1577 981 1646 1018; x_wconf 85' lang='grc' dir='ltr'><strong>τῶν</strong></span> <span class='ocrx_word' id='word_1_336' title='bbox 1675 978 1846 1032; x_wconf 78' lang='grc' dir='ltr'>οὐρανίων</span> <span class='ocrx_word' id='word_1_337' title='bbox 1884 981 2042 1032; x_wconf 73' lang='grc' dir='ltr'>σφαιρῶν</span> <span class='ocrx_word' id='word_1_338' title='bbox 2073 979 2190 1027; x_wconf 84' lang='grc' dir='ltr'>τάξις,</span> <span class='ocrx_word' id='word_1_339' title='bbox 2213 981 2292 1018; x_wconf 87' lang='grc' dir='ltr'>κατ’</span> <span class='ocrx_word' id='word_1_340' title='bbox 2308 981 2367 1019; x_wconf 80' lang='grc' dir='ltr'>οὗ·</span> 
     </span>
     <span class='ocr_line' id='line_1_42' title="bbox 1307 1037 2367 1093; baseline 0.001 -16"><span class='ocrx_word' id='word_1_341' title='bbox 1307 1038 1384 1077; x_wconf 91' lang='grc' dir='ltr'>σίαν</span> <span class='ocrx_word' id='word_1_342' title='bbox 1412 1054 1474 1077; x_wconf 83' lang='grc' dir='ltr'><strong>και</strong></span> <span class='ocrx_word' id='word_1_343' title='bbox 1504 1037 1652 1089; x_wconf 82' lang='grc' dir='ltr'>δύναμιν</span> <span class='ocrx_word' id='word_1_344' title='bbox 1681 1037 1744 1086; x_wconf 80' lang='grc' dir='ltr'><strong>τὴν</strong></span> <span class='ocrx_word' id='word_1_345' title='bbox 1780 1037 1873 1077; x_wconf 84' lang='grc' dir='ltr'>θέσιν</span> <span class='ocrx_word' id='word_1_346' title='bbox 1908 1040 2156 1091; x_wconf 82' lang='grc' dir='ltr'>διαλαχοῦσα,</span> <span class='ocrx_word' id='word_1_347' title='bbox 2186 1042 2233 1083; x_wconf 84' lang='grc' dir='ltr'><strong>ὡς</strong></span> <span class='ocrx_word' id='word_1_348' title='bbox 2266 1041 2300 1078; x_wconf 82' lang='grc' dir='ltr'><strong>ἐν</strong></span> <span class='ocrx_word' id='word_1_349' title='bbox 2323 1042 2367 1093; x_wconf 80' lang='grc' dir='ltr'><strong>τῇ</strong></span> 
     </span>
     <span class='ocr_line' id='line_1_43' title="bbox 1304 1076 2367 1157; baseline 0.004 -22"><span class='ocrx_word' id='word_1_350' title='bbox 1304 1097 1405 1157; x_wconf 77' lang='grc' dir='ltr'>οὐσίᾳ</span> <span class='ocrx_word' id='word_1_351' title='bbox 1426 1099 1541 1136; x_wconf 79' lang='grc' dir='ltr'>αὐτων</span> <span class='ocrx_word' id='word_1_352' title='bbox 1561 1076 1699 1136; x_wconf 79' lang='grc' dir='ltr'>κέῑσθαι</span> <span class='ocrx_word' id='word_1_353' title='bbox 1713 1098 1772 1137; x_wconf 84' lang='grc' dir='ltr'><strong>τὸν</strong></span> <span class='ocrx_word' id='word_1_354' title='bbox 1793 1097 1921 1150; x_wconf 88' lang='grc' dir='ltr'>νόμον,</span> <span class='ocrx_word' id='word_1_355' title='bbox 1951 1099 2027 1138; x_wconf 88' lang='grc' dir='ltr'><strong>καὶ</strong></span> <span class='ocrx_word' id='word_1_356' title='bbox 2029 1115 2092 1147; x_wconf 78' lang='grc' dir='ltr'><strong>την</strong></span> <span class='ocrx_word' id='word_1_357' title='bbox 2110 1098 2208 1143; x_wconf 75' lang='grc' dir='ltr'>τάξιν</span> <span class='ocrx_word' id='word_1_358' title='bbox 2229 1101 2367 1154; x_wconf 73' lang='grc' dir='ltr'>ὁμοφυῆ</span> 
     </span>
     <span class='ocr_line' id='line_1_44' title="bbox 1303 1155 2368 1211; baseline 0.003 -18"><span class='ocrx_word' id='word_1_359' title='bbox 1303 1159 1393 1194; x_wconf 90' lang='grc' dir='ltr'>εἰναι</span> <span class='ocrx_word' id='word_1_360' title='bbox 1414 1157 1527 1195; x_wconf 78' lang='grc' dir='ltr'>αὐτῶν</span> <span class='ocrx_word' id='word_1_361' title='bbox 1552 1158 1595 1208; x_wconf 82' lang='grc' dir='ltr'><strong>τῇ</strong></span> <span class='ocrx_word' id='word_1_362' title='bbox 1616 1155 1711 1210; x_wconf 84' lang='grc' dir='ltr'>αξία.</span> <span class='ocrx_word' id='word_1_363' title='bbox 1771 1159 1825 1197; x_wconf 87' lang='grc' dir='ltr'><strong>Οὖ</strong></span> <span class='ocrx_word' id='word_1_364' title='bbox 1846 1157 1931 1210; x_wconf 87' lang='grc' dir='ltr'>γάρ,</span> <span class='ocrx_word' id='word_1_365' title='bbox 1955 1159 2002 1202; x_wconf 81' lang='grc' dir='ltr'><strong>ὥς</strong></span> <span class='ocrx_word' id='word_1_366' title='bbox 2020 1157 2164 1211; x_wconf 83' lang='grc' dir='ltr'>ἔτυχεν,</span> <span class='ocrx_word' id='word_1_367' title='bbox 2192 1158 2368 1198; x_wconf 81' lang='grc' dir='ltr'>ὑποστάν-</span> 
     </span>
     <span class='ocr_line' id='line_1_45' title="bbox 1304 1213 2365 1270; baseline 0.002 -16"><span class='ocrx_word' id='word_1_368' title='bbox 1304 1230 1360 1259; x_wconf 82' lang='grc' dir='ltr'><strong>τες</strong></span> <span class='ocrx_word' id='word_1_369' title='bbox 1379 1213 1522 1267; x_wconf 80' lang='grc' dir='ltr'>ὕστερον</span> <span class='ocrx_word' id='word_1_370' title='bbox 1558 1215 1798 1269; x_wconf 86' lang='grc' dir='ltr'>διεκρίθησαν,</span> <span class='ocrx_word' id='word_1_371' title='bbox 1827 1215 1919 1255; x_wconf 84' lang='grc' dir='ltr'>ἀλλὰ</span> <span class='ocrx_word' id='word_1_372' title='bbox 1948 1218 2156 1269; x_wconf 81' lang='grc' dir='ltr'>τεταγμένοι</span> <span class='ocrx_word' id='word_1_373' title='bbox 2188 1220 2365 1270; x_wconf 88' lang='grc' dir='ltr'>προηλθον</span> 
     </span>
     <span class='ocr_line' id='line_1_46' title="bbox 1305 1273 2366 1332; baseline 0.003 -20"><span class='ocrx_word' id='word_1_374' title='bbox 1305 1276 1353 1319; x_wconf 88' lang='grc' dir='ltr'><strong>εἷς</strong></span> <span class='ocrx_word' id='word_1_375' title='bbox 1371 1273 1411 1313; x_wconf 86' lang='grc' dir='ltr'><strong>τὸ</strong></span> <span class='ocrx_word' id='word_1_376' title='bbox 1431 1278 1539 1322; x_wconf 82' lang='grc' dir='ltr'>εἶναι,</span> <span class='ocrx_word' id='word_1_377' title='bbox 1554 1273 1674 1328; x_wconf 85' lang='grc' dir='ltr'>ὥσπερ</span> <span class='ocrx_word' id='word_1_378' title='bbox 1696 1277 1731 1314; x_wconf 83' lang='grc' dir='ltr'><strong>ἐν</strong></span> <span class='ocrx_word' id='word_1_379' title='bbox 1743 1275 1793 1314; x_wconf 84' lang='grc' dir='ltr'><strong>ἐνὶ</strong></span> <span class='ocrx_word' id='word_1_380' title='bbox 1809 1275 1888 1328; x_wconf 86' lang='grc' dir='ltr'><strong>ζώῳ</strong></span> <span class='ocrx_word' id='word_1_381' title='bbox 1902 1292 1952 1329; x_wconf 89' lang='grc' dir='ltr'><strong>τῳ</strong></span> <span class='ocrx_word' id='word_1_382' title='bbox 1969 1275 2040 1329; x_wconf 80' lang='grc' dir='ltr'><strong>ὅλῳ</strong></span> <span class='ocrx_word' id='word_1_383' title='bbox 2060 1277 2198 1330; x_wconf 79' lang='grc' dir='ltr'>οὐρανῷ</span> <span class='ocrx_word' id='word_1_384' title='bbox 2218 1277 2366 1332; x_wconf 76' lang='grc' dir='ltr'>διάφορα</span> 
     </span>
     <span class='ocr_line' id='line_1_47' title="bbox 1304 1333 2360 1390; baseline 0.003 -18"><span class='ocrx_word' id='word_1_385' title='bbox 1304 1334 1399 1379; x_wconf 86' lang='grc' dir='ltr'>ὄντες</span> <span class='ocrx_word' id='word_1_386' title='bbox 1420 1334 1510 1387; x_wconf 86' lang='grc' dir='ltr'>μέρη</span> <span class='ocrx_word' id='word_1_387' title='bbox 1527 1333 1586 1373; x_wconf 88' lang='grc' dir='ltr'><strong>και</strong></span> <span class='ocrx_word' id='word_1_388' title='bbox 1606 1333 1671 1382; x_wconf 87' lang='grc' dir='ltr'><strong>τὴν</strong></span> <span class='ocrx_word' id='word_1_389' title='bbox 1701 1334 1789 1389; x_wconf 83' lang='grc' dir='ltr'>πρὸς</span> <span class='ocrx_word' id='word_1_390' title='bbox 1809 1334 1949 1383; x_wconf 87' lang='grc' dir='ltr'>ἄλληλα</span> <span class='ocrx_word' id='word_1_391' title='bbox 1966 1334 2127 1381; x_wconf 79' lang='grc' dir='ltr'>σύνταξιν</span> <span class='ocrx_word' id='word_1_392' title='bbox 2158 1337 2194 1374; x_wconf 80' lang='grc' dir='ltr'><strong>ἓν</strong></span> <span class='ocrx_word' id='word_1_393' title='bbox 2216 1339 2259 1390; x_wconf 85' lang='grc' dir='ltr'><strong>τῇ</strong></span> <span class='ocrx_word' id='word_1_394' title='bbox 2281 1337 2360 1375; x_wconf 80' lang='grc' dir='ltr'>κατ’</span> 
     </span>
     <span class='ocr_line' id='line_1_48' title="bbox 1304 1387 2363 1449; baseline 0.002 -16"><span class='ocrx_word' id='word_1_395' title='bbox 1304 1387 1393 1438; x_wconf 82' lang='grc' dir='ltr'>εἶδος</span> <span class='ocrx_word' id='word_1_396' title='bbox 1412 1393 1596 1432; x_wconf 87' lang='grc' dir='ltr'>διαστάσει</span> <span class='ocrx_word' id='word_1_397' title='bbox 1615 1393 1692 1445; x_wconf 82' lang='grc' dir='ltr'><strong>ἅμα</strong></span> <span class='ocrx_word' id='word_1_398' title='bbox 1724 1393 1786 1433; x_wconf 79' lang='grc' dir='ltr'><strong>καὶ</strong></span> <span class='ocrx_word' id='word_1_399' title='bbox 1807 1397 1946 1449; x_wconf 83' lang='grc' dir='ltr'>συναφῇ</span> <span class='ocrx_word' id='word_1_400' title='bbox 1979 1394 2240 1445; x_wconf 81' lang='grc' dir='ltr'>ἀποσώζοντες,</span> <span class='ocrx_word' id='word_1_401' title='bbox 2273 1394 2363 1435; x_wconf 81' lang='grc' dir='ltr'>ὥστε</span> 
     </span>
     <span class='ocr_line' id='line_1_49' title="bbox 1307 1452 2365 1505; baseline 0.004 -15"><span class='ocrx_word' id='word_1_402' title='bbox 1307 1453 1397 1505; x_wconf 81' lang='grc' dir='ltr'>μηδὲ</span> <span class='ocrx_word' id='word_1_403' title='bbox 1416 1452 1605 1498; x_wconf 76' lang='grc' dir='ltr'>ἐπάλλαξιν</span> <span class='ocrx_word' id='word_1_404' title='bbox 1637 1456 1700 1501; x_wconf 77' lang='grc' dir='ltr'><strong>τῆς</strong></span> <span class='ocrx_word' id='word_1_405' title='bbox 1730 1453 1858 1497; x_wconf 83' lang='grc' dir='ltr'>θέσεως</span> <span class='ocrx_word' id='word_1_406' title='bbox 1885 1455 2001 1493; x_wconf 80' lang='grc' dir='ltr'>αὐτῶν</span> <span class='ocrx_word' id='word_1_407' title='bbox 2031 1454 2259 1502; x_wconf 85' lang='grc' dir='ltr'>ἐπινοηθηναί</span> <span class='ocrx_word' id='word_1_408' title='bbox 2279 1471 2365 1494; x_wconf 84' lang='grc' dir='ltr'>ποτε</span> 
     </span>
     <span class='ocr_line' id='line_1_50' title="bbox 1303 1512 2367 1567; baseline 0.002 -17"><span class='ocrx_word' id='word_1_409' title='bbox 1303 1512 1471 1551; x_wconf 73' lang='grc' dir='ltr'>δύνασθαι</span> <span class='ocrx_word' id='word_1_410' title='bbox 1505 1513 1535 1551; x_wconf 83' lang='grc' dir='ltr'><strong>εἰ</strong></span> <span class='ocrx_word' id='word_1_411' title='bbox 1569 1512 1618 1564; x_wconf 87' lang='grc' dir='ltr'><strong>μὴ</strong></span> <span class='ocrx_word' id='word_1_412' title='bbox 1661 1512 1752 1563; x_wconf 86' lang='grc' dir='ltr'>μετὰ</span> <span class='ocrx_word' id='word_1_413' title='bbox 1787 1515 1850 1560; x_wconf 80' lang='grc' dir='ltr'><strong>τῆς</strong></span> <span class='ocrx_word' id='word_1_414' title='bbox 1882 1517 2011 1567; x_wconf 83' lang='grc' dir='ltr'>φθορᾶς</span> <span class='ocrx_word' id='word_1_415' title='bbox 2046 1516 2109 1552; x_wconf 85' lang='grc' dir='ltr'><strong>τοῦ</strong></span> <span class='ocrx_word' id='word_1_416' title='bbox 2144 1515 2272 1558; x_wconf 81' lang='grc' dir='ltr'>παντός</span> <span class='ocrx_word' id='word_1_417' title='bbox 2323 1515 2367 1562; x_wconf 80' lang='grc' dir='ltr'><strong>ἣν</strong></span> 
     </span>
     <span class='ocr_line' id='line_1_51' title="bbox 1303 1566 2367 1626; baseline 0.003 -17"><span class='ocrx_word' id='word_1_418' title='bbox 1303 1571 1473 1610; x_wconf 82' lang='grc' dir='ltr'>ἀδύνατον</span> <span class='ocrx_word' id='word_1_419' title='bbox 1504 1571 1765 1622; x_wconf 75' lang='grc' dir='ltr'>ε’πισυμὸηναι,</span> <span class='ocrx_word' id='word_1_420' title='bbox 1797 1570 1871 1611; x_wconf 86' lang='grc' dir='ltr'>ἔστ’</span> <span class='ocrx_word' id='word_1_421' title='bbox 1896 1572 1936 1611; x_wconf 82' lang='grc' dir='ltr'><strong>ἂν</strong></span> <span class='ocrx_word' id='word_1_422' title='bbox 1967 1566 2051 1626; x_wconf 74' lang='grc' dir='ltr'><strong>ᾗτὸ</strong></span> <span class='ocrx_word' id='word_1_423' title='bbox 2083 1575 2221 1626; x_wconf 81' lang='grc' dir='ltr'>πρῶτον</span> <span class='ocrx_word' id='word_1_424' title='bbox 2253 1574 2367 1612; x_wconf 80' lang='grc' dir='ltr'>αὐτῶν</span> 
     </span>
     <span class='ocr_line' id='line_1_52' title="bbox 1307 1629 2368 1684; baseline 0.003 -16"><span class='ocrx_word' id='word_1_425' title='bbox 1307 1629 1415 1670; x_wconf 85' lang='grc' dir='ltr'>αἴτιον</span> <span class='ocrx_word' id='word_1_426' title='bbox 1449 1629 1695 1680; x_wconf 76' lang='grc' dir='ltr'>ἀμετάὸλητον</span> <span class='ocrx_word' id='word_1_427' title='bbox 1736 1630 1853 1679; x_wconf 88' lang='grc' dir='ltr'>πάντη</span> <span class='ocrx_word' id='word_1_428' title='bbox 1889 1631 1950 1671; x_wconf 74' lang='grc' dir='ltr'><strong>καὶ</strong></span> <span class='ocrx_word' id='word_1_429' title='bbox 1983 1631 2176 1684; x_wconf 84' lang='grc' dir='ltr'>ἄτρεπτον,</span> <span class='ocrx_word' id='word_1_430' title='bbox 2211 1633 2272 1671; x_wconf 85' lang='grc' dir='ltr'><strong>καὶ</strong></span> <span class='ocrx_word' id='word_1_431' title='bbox 2303 1649 2368 1680; x_wconf 87' lang='grc' dir='ltr'><strong>την</strong></span> 
     </span>
     <span class='ocr_line' id='line_1_53' title="bbox 1301 1688 2366 1743; baseline 0.003 -14"><span class='ocrx_word' id='word_1_432' title='bbox 1301 1689 1422 1729; x_wconf 79' lang='grc' dir='ltr'>οὐσίαν</span> <span class='ocrx_word' id='word_1_433' title='bbox 1452 1692 1496 1743; x_wconf 83' lang='grc' dir='ltr'><strong>τῇ</strong></span> <span class='ocrx_word' id='word_1_434' title='bbox 1526 1689 1681 1743; x_wconf 76' lang='grc' dir='ltr'>ἐνεργείᾳ</span> <span class='ocrx_word' id='word_1_435' title='bbox 1711 1688 1787 1740; x_wconf 68' lang='grc' dir='ltr'><strong>τὴνι</strong></span> <span class='ocrx_word' id='word_1_436' title='bbox 1808 1690 1918 1738; x_wconf 81' lang='grc' dir='ltr'>αὐτὴν</span> <span class='ocrx_word' id='word_1_437' title='bbox 1951 1690 2178 1743; x_wconf 84' lang='grc' dir='ltr'>κεκτημένον,</span> <span class='ocrx_word' id='word_1_438' title='bbox 2209 1692 2271 1731; x_wconf 83' lang='grc' dir='ltr'><strong>καὶ</strong></span> <span class='ocrx_word' id='word_1_439' title='bbox 2302 1691 2366 1740; x_wconf 81' lang='grc' dir='ltr'><strong>τὴν</strong></span> 
     </span>
     <span class='ocr_line' id='line_1_54' title="bbox 1307 1748 2365 1802; baseline 0.003 -15"><span class='ocrx_word' id='word_1_440' title='bbox 1307 1748 1510 1800; x_wconf 85' lang='grc' dir='ltr'>ἀγαθότητα</span> <span class='ocrx_word' id='word_1_441' title='bbox 1542 1750 1606 1788; x_wconf 79' lang='grc' dir='ltr'><strong>οὒκ</strong></span> <span class='ocrx_word' id='word_1_442' title='bbox 1626 1748 1814 1798; x_wconf 82' lang='grc' dir='ltr'>ἐπίκτητον</span> <span class='ocrx_word' id='word_1_443' title='bbox 1836 1749 1930 1802; x_wconf 86' lang='grc' dir='ltr'>ἔχον,</span> <span class='ocrx_word' id='word_1_444' title='bbox 1953 1751 2030 1790; x_wconf 86' lang='grc' dir='ltr'>ἀλλ’</span> <span class='ocrx_word' id='word_1_445' title='bbox 2049 1750 2267 1800; x_wconf 82' lang='grc' dir='ltr'>οὖσιωμένην</span> <span class='ocrx_word' id='word_1_446' title='bbox 2287 1754 2365 1790; x_wconf 89' lang='grc' dir='ltr'>καθ’</span> 
     </span>
     <span class='ocr_line' id='line_1_55' title="bbox 1306 1803 2368 1864; baseline 0.003 -17"><span class='ocrx_word' id='word_1_447' title='bbox 1306 1807 1416 1855; x_wconf 78' lang='grc' dir='ltr'>αὑτὴν</span> <span class='ocrx_word' id='word_1_448' title='bbox 1438 1808 1498 1847; x_wconf 80' lang='grc' dir='ltr'><strong>καὶ</strong></span> <span class='ocrx_word' id='word_1_449' title='bbox 1520 1808 1564 1847; x_wconf 78' lang='grc' dir='ltr'>δι’</span> <span class='ocrx_word' id='word_1_450' title='bbox 1586 1808 1694 1856; x_wconf 78' lang='grc' dir='ltr'>αὐτὴν</span> <span class='ocrx_word' id='word_1_451' title='bbox 1713 1808 1757 1848; x_wconf 80' lang='grc' dir='ltr'><strong>τὰ</strong></span> <span class='ocrx_word' id='word_1_452' title='bbox 1773 1808 1892 1848; x_wconf 84' lang='grc' dir='ltr'>πάντα</span> <span class='ocrx_word' id='word_1_453' title='bbox 1910 1809 1997 1862; x_wconf 82' lang='grc' dir='ltr'>πρὸς</span> <span class='ocrx_word' id='word_1_454' title='bbox 2014 1809 2052 1848; x_wconf 86' lang='grc' dir='ltr'><strong>τὸ</strong></span> <span class='ocrx_word' id='word_1_455' title='bbox 2073 1803 2110 1848; x_wconf 63' lang='grc' dir='ltr'><strong>εὖ</strong></span> <span class='ocrx_word' id='word_1_456' title='bbox 2130 1803 2219 1849; x_wconf 66' lang='grc' dir='ltr'>εἶναι</span> <span class='ocrx_word' id='word_1_457' title='bbox 2249 1810 2368 1864; x_wconf 86' lang='grc' dir='ltr'>παρά-</span> 
     </span>
    </p>
   </div>
   <div class='ocr_carea' id='block_1_10' title="bbox 206 1901 2349 1915">
    <p class='ocr_par' dir='ltr' id='par_1_10' title="bbox 206 1901 2349 1915">
     <span class='ocr_line' id='line_1_56' title="bbox 206 1901 2349 1915; baseline 0 1899"><span class='ocrx_word' id='word_1_458' title='bbox 206 1901 2349 1915; x_wconf 95' lang='lat' dir='ltr'><strong> </strong></span> 
     </span>
    </p>
   </div>
   <div class='ocr_carea' id='block_1_11' title="bbox 176 1957 1244 3449">
    <p class='ocr_par' dir='ltr' id='par_1_11' title="bbox 176 1957 1244 3425">
     <span class='ocr_line' id='line_1_57' title="bbox 176 1957 1243 2008; baseline 0.003 -16"><span class='ocrx_word' id='word_1_459' title='bbox 176 1957 256 1993; x_wconf 76' lang='lat' dir='ltr'><strong>rius</strong></span> <span class='ocrx_word' id='word_1_460' title='bbox 293 1964 369 2003; x_wconf 89' lang='lat' dir='ltr'><strong>est,</strong></span> <span class='ocrx_word' id='word_1_461' title='bbox 410 1960 554 2008; x_wconf 89' lang='lat' dir='ltr'><strong>quippe</strong></span> <span class='ocrx_word' id='word_1_462' title='bbox 592 1959 700 2008; x_wconf 87' lang='lat' dir='ltr'><strong>quod</strong></span> <span class='ocrx_word' id='word_1_463' title='bbox 731 1967 869 1997; x_wconf 84' lang='lat' dir='ltr'><strong>natura</strong></span> <span class='ocrx_word' id='word_1_464' title='bbox 902 1960 1074 1997; x_wconf 91' lang='lat' dir='ltr'><strong>medium</strong></span> <span class='ocrx_word' id='word_1_465' title='bbox 1113 1967 1243 1996; x_wconf 89' lang='lat' dir='ltr'><strong>tenens</strong></span> 
     </span>
     <span class='ocr_line' id='line_1_58' title="bbox 179 2017 1243 2067; baseline 0.002 -15"><span class='ocrx_word' id='word_1_466' title='bbox 179 2028 305 2065; x_wconf 88' lang='lat' dir='ltr'><strong>neque</strong></span> <span class='ocrx_word' id='word_1_467' title='bbox 331 2017 511 2067; x_wconf 85' lang='lat' dir='ltr'><strong>profectu</strong></span> <span class='ocrx_word' id='word_1_468' title='bbox 543 2030 590 2054; x_wconf 88' lang='lat' dir='ltr'><strong>ex</strong></span> <span class='ocrx_word' id='word_1_469' title='bbox 615 2019 772 2055; x_wconf 88' lang='lat' dir='ltr'><strong>homine</strong></span> <span class='ocrx_word' id='word_1_470' title='bbox 807 2020 847 2055; x_wconf 90' lang='lat' dir='ltr'><strong>in</strong></span> <span class='ocrx_word' id='word_1_471' title='bbox 877 2027 1018 2056; x_wconf 87' lang='lat' dir='ltr'><strong>statum</strong></span> <span class='ocrx_word' id='word_1_472' title='bbox 1042 2020 1243 2056; x_wconf 86' lang='lat' dir='ltr'><strong>meliorem</strong></span> 
     </span>
     <span class='ocr_line' id='line_1_59' title="bbox 177 2077 1239 2127; baseline 0.004 -16"><span class='ocrx_word' id='word_1_473' title='bbox 177 2083 354 2113; x_wconf 83' lang='lat' dir='ltr'><strong>evectum</strong></span> <span class='ocrx_word' id='word_1_474' title='bbox 370 2077 441 2123; x_wconf 89' lang='lat' dir='ltr'><strong>sit,</strong></span> <span class='ocrx_word' id='word_1_475' title='bbox 462 2090 588 2125; x_wconf 87' lang='lat' dir='ltr'><strong>neque</strong></span> <span class='ocrx_word' id='word_1_476' title='bbox 608 2079 840 2127; x_wconf 82' lang='lat' dir='ltr'><strong>negligentia</strong></span> <span class='ocrx_word' id='word_1_477' title='bbox 855 2091 902 2115; x_wconf 86' lang='lat' dir='ltr'><strong>ex</strong></span> <span class='ocrx_word' id='word_1_478' title='bbox 922 2079 992 2115; x_wconf 90' lang='lat' dir='ltr'><strong>deo</strong></span> <span class='ocrx_word' id='word_1_479' title='bbox 1014 2080 1055 2115; x_wconf 91' lang='lat' dir='ltr'><strong>in</strong></span> <span class='ocrx_word' id='word_1_480' title='bbox 1073 2077 1239 2115; x_wconf 85' lang='lat' dir='ltr'><strong>medium</strong></span> 
     </span>
     <span class='ocr_line' id='line_1_60' title="bbox 179 2135 1244 2187; baseline 0.004 -16"><span class='ocrx_word' id='word_1_481' title='bbox 179 2135 354 2173; x_wconf 82' lang='lat' dir='ltr'>ordinem</span> <span class='ocrx_word' id='word_1_482' title='bbox 381 2135 594 2186; x_wconf 86' lang='lat' dir='ltr'><strong>delapsum.</strong></span> <span class='ocrx_word' id='word_1_483' title='bbox 631 2137 770 2187; x_wconf 87' lang='lat' dir='ltr'><strong>Opifex</strong></span> <span class='ocrx_word' id='word_1_484' title='bbox 801 2138 901 2174; x_wconf 87' lang='lat' dir='ltr'><strong>enim</strong></span> <span class='ocrx_word' id='word_1_485' title='bbox 927 2138 1018 2175; x_wconf 88' lang='lat' dir='ltr'><strong>deus</strong></span> <span class='ocrx_word' id='word_1_486' title='bbox 1050 2139 1176 2187; x_wconf 90' lang='lat' dir='ltr'><strong>prima</strong></span> <span class='ocrx_word' id='word_1_487' title='bbox 1207 2145 1244 2175; x_wconf 90' lang='lat' dir='ltr'><strong>et</strong></span> 
     </span>
     <span class='ocr_line' id='line_1_61' title="bbox 178 2193 1243 2247; baseline 0.002 -17"><span class='ocrx_word' id='word_1_488' title='bbox 178 2193 349 2231; x_wconf 87' lang='lat' dir='ltr'><strong>secunda</strong></span> <span class='ocrx_word' id='word_1_489' title='bbox 369 2202 407 2231; x_wconf 93' lang='lat' dir='ltr'><strong>et</strong></span> <span class='ocrx_word' id='word_1_490' title='bbox 426 2196 536 2232; x_wconf 85' lang='lat' dir='ltr'><strong>tertia</strong></span> <span class='ocrx_word' id='word_1_491' title='bbox 551 2197 772 2245; x_wconf 88' lang='lat' dir='ltr'><strong>procreavit</strong></span> <span class='ocrx_word' id='word_1_492' title='bbox 792 2196 928 2233; x_wconf 68' lang='lat' dir='ltr'><strong>natura</strong></span> <span class='ocrx_word' id='word_1_493' title='bbox 949 2197 1187 2247; x_wconf 79' lang='lat' dir='ltr'><strong>differentia,</strong></span> <span class='ocrx_word' id='word_1_494' title='bbox 1206 2204 1243 2234; x_wconf 87' lang='lat' dir='ltr'><strong>et</strong></span> 
     </span>
     <span class='ocr_line' id='line_1_62' title="bbox 178 2255 1242 2304; baseline 0.004 -14"><span class='ocrx_word' id='word_1_495' title='bbox 178 2266 248 2291; x_wconf 87' lang='lat' dir='ltr'><strong>nec</strong></span> <span class='ocrx_word' id='word_1_496' title='bbox 267 2255 367 2291; x_wconf 75' lang='lat' dir='ltr'><strong>inter</strong></span> <span class='ocrx_word' id='word_1_497' title='bbox 385 2267 423 2291; x_wconf 87' lang='lat' dir='ltr'><strong>se</strong></span> <span class='ocrx_word' id='word_1_498' title='bbox 442 2255 599 2291; x_wconf 89' lang='lat' dir='ltr'><strong>confusa</strong></span> <span class='ocrx_word' id='word_1_499' title='bbox 611 2284 621 2304; x_wconf 86' lang='lat'><strong>,</strong></span> <span class='ocrx_word' id='word_1_500' title='bbox 644 2268 716 2292; x_wconf 87' lang='lat' dir='ltr'><strong>nec</strong></span> <span class='ocrx_word' id='word_1_501' title='bbox 732 2257 874 2293; x_wconf 88' lang='lat' dir='ltr'><strong>virtute</strong></span> <span class='ocrx_word' id='word_1_502' title='bbox 896 2264 934 2293; x_wconf 92' lang='lat' dir='ltr'><strong>et</strong></span> <span class='ocrx_word' id='word_1_503' title='bbox 952 2258 1046 2294; x_wconf 86' lang='lat' dir='ltr'><strong>vitio</strong></span> <span class='ocrx_word' id='word_1_504' title='bbox 1066 2257 1242 2294; x_wconf 81' lang='lat' dir='ltr'><strong>ordinem</strong></span> 
     </span>
     <span class='ocr_line' id='line_1_63' title="bbox 179 2316 1241 2367; baseline 0.003 -17"><span class='ocrx_word' id='word_1_505' title='bbox 179 2325 288 2351; x_wconf 83' lang='lat' dir='ltr'><strong>suum</strong></span> <span class='ocrx_word' id='word_1_506' title='bbox 307 2316 506 2362; x_wconf 81' lang='lat' dir='ltr'><strong>mutantia,</strong></span> <span class='ocrx_word' id='word_1_507' title='bbox 526 2316 669 2365; x_wconf 83' lang='lat' dir='ltr'><strong>quippe</strong></span> <span class='ocrx_word' id='word_1_508' title='bbox 687 2329 770 2365; x_wconf 88' lang='lat' dir='ltr'><strong>quae</strong></span> <span class='ocrx_word' id='word_1_509' title='bbox 789 2317 1036 2354; x_wconf 87' lang='lat' dir='ltr'><strong>substantiam</strong></span> <span class='ocrx_word' id='word_1_510' title='bbox 1050 2324 1241 2367; x_wconf 85' lang='lat' dir='ltr'><strong>perpetuo</strong></span> 
     </span>
     <span class='ocr_line' id='line_1_64' title="bbox 180 2371 1242 2425; baseline 0.005 -17"><span class='ocrx_word' id='word_1_511' title='bbox 180 2371 294 2410; x_wconf 86' lang='lat' dir='ltr'><strong>fixam</strong></span> <span class='ocrx_word' id='word_1_512' title='bbox 314 2374 498 2411; x_wconf 86' lang='lat' dir='ltr'><strong>habentia</strong></span> <span class='ocrx_word' id='word_1_513' title='bbox 528 2388 600 2424; x_wconf 90' lang='lat' dir='ltr'><strong>per</strong></span> <span class='ocrx_word' id='word_1_514' title='bbox 619 2377 867 2425; x_wconf 86' lang='lat' dir='ltr'><strong>congenitum</strong></span> <span class='ocrx_word' id='word_1_515' title='bbox 891 2377 944 2413; x_wconf 87' lang='lat' dir='ltr'><strong>eis</strong></span> <span class='ocrx_word' id='word_1_516' title='bbox 972 2377 1146 2413; x_wconf 83' lang='lat' dir='ltr'><strong>ordinem</strong></span> <span class='ocrx_word' id='word_1_517' title='bbox 1168 2378 1242 2413; x_wconf 89' lang='lat' dir='ltr'><strong>sint</strong></span> 
     </span>
     <span class='ocr_line' id='line_1_65' title="bbox 177 2433 1241 2484; baseline 0.002 -15"><span class='ocrx_word' id='word_1_518' title='bbox 177 2444 316 2482; x_wconf 85' lang='lat' dir='ltr'><strong>genere</strong></span> <span class='ocrx_word' id='word_1_519' title='bbox 331 2433 508 2470; x_wconf 82' lang='lat' dir='ltr'><strong>distincta</strong></span> <span class='ocrx_word' id='word_1_520' title='bbox 532 2442 569 2470; x_wconf 91' lang='lat' dir='ltr'><strong>et</strong></span> <span class='ocrx_word' id='word_1_521' title='bbox 587 2447 660 2484; x_wconf 89' lang='lat' dir='ltr'><strong>pro</strong></span> <span class='ocrx_word' id='word_1_522' title='bbox 681 2436 832 2472; x_wconf 88' lang='lat' dir='ltr'><strong>ratione</strong></span> <span class='ocrx_word' id='word_1_523' title='bbox 854 2448 1057 2473; x_wconf 87' lang='lat' dir='ltr'><strong>causarum</strong></span> <span class='ocrx_word' id='word_1_524' title='bbox 1079 2437 1241 2472; x_wconf 85' lang='lat' dir='ltr'><strong>creatri-</strong></span> 
     </span>
     <span class='ocr_line' id='line_1_66' title="bbox 179 2491 1242 2545; baseline 0.005 -18"><span class='ocrx_word' id='word_1_525' title='bbox 179 2504 272 2528; x_wconf 85' lang='lat' dir='ltr'><strong>cum</strong></span> <span class='ocrx_word' id='word_1_526' title='bbox 292 2491 487 2541; x_wconf 86' lang='lat' dir='ltr'><strong>disposita.</strong></span> <span class='ocrx_word' id='word_1_527' title='bbox 513 2494 619 2530; x_wconf 88' lang='lat' dir='ltr'><strong>Sicut</strong></span> <span class='ocrx_word' id='word_1_528' title='bbox 643 2495 746 2531; x_wconf 90' lang='lat' dir='ltr'><strong>enim</strong></span> <span class='ocrx_word' id='word_1_529' title='bbox 771 2495 827 2531; x_wconf 90' lang='lat' dir='ltr'><strong>ibi</strong></span> <span class='ocrx_word' id='word_1_530' title='bbox 845 2496 970 2545; x_wconf 87' lang='lat' dir='ltr'><strong>prima</strong></span> <span class='ocrx_word' id='word_1_531' title='bbox 1001 2503 1039 2532; x_wconf 91' lang='lat' dir='ltr'><strong>et</strong></span> <span class='ocrx_word' id='word_1_532' title='bbox 1057 2495 1184 2532; x_wconf 87' lang='lat' dir='ltr'><strong>media</strong></span> <span class='ocrx_word' id='word_1_533' title='bbox 1205 2503 1242 2532; x_wconf 93' lang='lat' dir='ltr'><strong>et</strong></span> 
     </span>
     <span class='ocr_line' id='line_1_67' title="bbox 178 2551 1242 2605; baseline 0.004 -18"><span class='ocrx_word' id='word_1_534' title='bbox 178 2551 314 2588; x_wconf 88' lang='lat' dir='ltr'><strong>ultima</strong></span> <span class='ocrx_word' id='word_1_535' title='bbox 331 2551 610 2600; x_wconf 73' lang='lat' dir='ltr'><strong>perfectissimae</strong></span> <span class='ocrx_word' id='word_1_536' title='bbox 629 2554 822 2602; x_wconf 74' lang='lat' dir='ltr'><strong>sapientiae</strong></span> <span class='ocrx_word' id='word_1_537' title='bbox 840 2554 938 2591; x_wconf 87' lang='lat' dir='ltr'><strong>ordo</strong></span> <span class='ocrx_word' id='word_1_538' title='bbox 952 2555 1073 2604; x_wconf 83' lang='lat' dir='ltr'><strong>regit3</strong></span> <span class='ocrx_word' id='word_1_539' title='bbox 1094 2554 1154 2605; x_wconf 91' lang='lat' dir='ltr'><strong>(in</strong></span> <span class='ocrx_word' id='word_1_540' title='bbox 1167 2555 1242 2591; x_wconf 88' lang='lat' dir='ltr'><strong>hoc</strong></span> 
     </span>
     <span class='ocr_line' id='line_1_68' title="bbox 176 2610 1241 2663; baseline 0.006 -18"><span class='ocrx_word' id='word_1_541' title='bbox 176 2610 282 2646; x_wconf 83' lang='lat' dir='ltr'><strong>enim</strong></span> <span class='ocrx_word' id='word_1_542' title='bbox 301 2610 385 2658; x_wconf 89' lang='lat' dir='ltr'><strong>ipsa</strong></span> <span class='ocrx_word' id='word_1_543' title='bbox 413 2612 608 2660; x_wconf 77' lang='lat' dir='ltr'><strong>sapientiae</strong></span> <span class='ocrx_word' id='word_1_544' title='bbox 631 2613 688 2648; x_wconf 86' lang='lat' dir='ltr'><strong>vis</strong></span> <span class='ocrx_word' id='word_1_545' title='bbox 721 2614 793 2649; x_wconf 83' lang='lat' dir='ltr'><strong>sita</strong></span> <span class='ocrx_word' id='word_1_546' title='bbox 827 2621 904 2659; x_wconf 90' lang='lat' dir='ltr'><strong>est,</strong></span> <span class='ocrx_word' id='word_1_547' title='bbox 940 2614 1048 2663; x_wconf 90' lang='lat' dir='ltr'><strong>quod</strong></span> <span class='ocrx_word' id='word_1_548' title='bbox 1079 2627 1122 2651; x_wconf 80' lang='lat' dir='ltr'><strong>ea</strong></span> <span class='ocrx_word' id='word_1_549' title='bbox 1158 2628 1241 2663; x_wconf 84' lang='lat' dir='ltr'><strong>quae</strong></span> 
     </span>
     <span class='ocr_line' id='line_1_69' title="bbox 176 2668 1242 2723; baseline 0.007 -19"><span class='ocrx_word' id='word_1_550' title='bbox 176 2668 272 2705; x_wconf 73' lang='lat' dir='ltr'><strong>tfacit</strong></span> <span class='ocrx_word' id='word_1_551' title='bbox 291 2668 467 2706; x_wconf 89' lang='lat' dir='ltr'><strong>ordinate</strong></span> <span class='ocrx_word' id='word_1_552' title='bbox 487 2677 524 2706; x_wconf 90' lang='lat' dir='ltr'><strong>et</strong></span> <span class='ocrx_word' id='word_1_553' title='bbox 557 2672 727 2721; x_wconf 85' lang='lat' dir='ltr'><strong>perfecte</strong></span> <span class='ocrx_word' id='word_1_554' title='bbox 765 2674 984 2723; x_wconf 85' lang='lat' dir='ltr'><strong>progignit,</strong></span> <span class='ocrx_word' id='word_1_555' title='bbox 1006 2673 1103 2710; x_wconf 86' lang='lat' dir='ltr'><strong>adeo</strong></span> <span class='ocrx_word' id='word_1_556' title='bbox 1131 2682 1181 2710; x_wconf 79' lang='lat' dir='ltr'><strong>ut·</strong></span> <span class='ocrx_word' id='word_1_557' title='bbox 1203 2687 1242 2712; x_wconf 87' lang='lat' dir='ltr'><strong>se</strong></span> 
     </span>
     <span class='ocr_line' id='line_1_70' title="bbox 180 2730 1239 2785; baseline 0.007 -22"><span class='ocrx_word' id='word_1_558' title='bbox 180 2730 569 2766; x_wconf 17' lang='lat' dir='ltr'><strong>mutuoicomitentur</strong></span> <span class='ocrx_word' id='word_1_559' title='bbox 583 2732 767 2780; x_wconf 82' lang='lat' dir='ltr'><strong>sapientia</strong></span> <span class='ocrx_word' id='word_1_560' title='bbox 787 2739 825 2768; x_wconf 91' lang='lat' dir='ltr'><strong>et</strong></span> <span class='ocrx_word' id='word_1_561' title='bbox 843 2732 939 2769; x_wconf 87' lang='lat' dir='ltr'><strong>ordo</strong></span> <span class='ocrx_word' id='word_1_562' title='bbox 953 2739 988 2769; x_wconf 89' lang='lat' dir='ltr'><strong>et</strong></span> <span class='ocrx_word' id='word_1_563' title='bbox 1004 2732 1212 2785; x_wconf 83' lang='lat' dir='ltr'><strong>perfectio)</strong></span> <span class='ocrx_word' id='word_1_564' title='bbox 1231 2745 1239 2771; x_wconf 90' lang='lat'>:</span> 
     </span>
     <span class='ocr_line' id='line_1_71' title="bbox 176 2786 1242 2839; baseline 0.007 -18"><span class='ocrx_word' id='word_1_565' title='bbox 176 2786 232 2822; x_wconf 83' lang='lat' dir='ltr'><strong>sic</strong></span> <span class='ocrx_word' id='word_1_566' title='bbox 262 2797 353 2822; x_wconf 89' lang='lat' dir='ltr'><strong>sane</strong></span> <span class='ocrx_word' id='word_1_567' title='bbox 373 2787 466 2823; x_wconf 89' lang='lat' dir='ltr'><strong>etin</strong></span> <span class='ocrx_word' id='word_1_568' title='bbox 484 2788 555 2824; x_wconf 89' lang='lat' dir='ltr'><strong>hac</strong></span> <span class='ocrx_word' id='word_1_569' title='bbox 586 2801 715 2825; x_wconf 89' lang='lat' dir='ltr'><strong>rerum</strong></span> <span class='ocrx_word' id='word_1_570' title='bbox 745 2791 991 2827; x_wconf 84' lang='lat' dir='ltr'><strong>universitate</strong></span> <span class='ocrx_word' id='word_1_571' title='bbox 1019 2803 1062 2828; x_wconf 88' lang='lat' dir='ltr'><strong>ea</strong></span> <span class='ocrx_word' id='word_1_572' title='bbox 1079 2803 1162 2839; x_wconf 86' lang='lat' dir='ltr'><strong>quae</strong></span> <span class='ocrx_word' id='word_1_573' title='bbox 1193 2792 1242 2828; x_wconf 87' lang='lat' dir='ltr'><strong>ad</strong></span> 
     </span>
     <span class='ocr_line' id='line_1_72' title="bbox 179 2842 1242 2901; baseline 0.008 -21"><span class='ocrx_word' id='word_1_574' title='bbox 179 2845 343 2894; x_wconf 72' lang='lat' dir='ltr'><strong>primam</strong></span> <span class='ocrx_word' id='word_1_575' title='bbox 374 2842 448 2883; x_wconf 91' lang='lat' dir='ltr'><strong>Dei</strong></span> <span class='ocrx_word' id='word_1_576' title='bbox 483 2849 757 2896; x_wconf 86' lang='lat' dir='ltr'><strong>cogitationem</strong></span> <span class='ocrx_word' id='word_1_577' title='bbox 790 2850 889 2887; x_wconf 89' lang='lat' dir='ltr'><strong>facta</strong></span> <span class='ocrx_word' id='word_1_578' title='bbox 917 2858 1005 2887; x_wconf 92' lang='lat' dir='ltr'><strong>sunt</strong></span> <span class='ocrx_word' id='word_1_579' title='bbox 1040 2852 1167 2901; x_wconf 90' lang='lat' dir='ltr'><strong>prima</strong></span> <span class='ocrx_word' id='word_1_580' title='bbox 1201 2852 1242 2888; x_wconf 91' lang='lat' dir='ltr'><strong>in</strong></span> 
     </span>
     <span class='ocr_line' id='line_1_73' title="bbox 179 2903 1241 2958; baseline 0.008 -19"><span class='ocrx_word' id='word_1_581' title='bbox 179 2903 328 2940; x_wconf 86' lang='lat' dir='ltr'><strong>mundo</strong></span> <span class='ocrx_word' id='word_1_582' title='bbox 349 2904 581 2953; x_wconf 86' lang='lat' dir='ltr'><strong>habeantur,</strong></span> <span class='ocrx_word' id='word_1_583' title='bbox 602 2915 639 2944; x_wconf 89' lang='lat' dir='ltr'><strong>et</strong></span> <span class='ocrx_word' id='word_1_584' title='bbox 661 2921 744 2957; x_wconf 87' lang='lat' dir='ltr'><strong>quae</strong></span> <span class='ocrx_word' id='word_1_585' title='bbox 765 2909 812 2946; x_wconf 90' lang='lat' dir='ltr'><strong>ad</strong></span> <span class='ocrx_word' id='word_1_586' title='bbox 832 2910 997 2947; x_wconf 87' lang='lat' dir='ltr'><strong>mediam</strong></span> <span class='ocrx_word' id='word_1_587' title='bbox 1023 2911 1169 2958; x_wconf 82' lang='lat' dir='ltr'><strong>media3</strong></span> <span class='ocrx_word' id='word_1_588' title='bbox 1197 2924 1241 2948; x_wconf 88' lang='lat' dir='ltr'><strong>ea</strong></span> 
     </span>
     <span class='ocr_line' id='line_1_74' title="bbox 179 2969 1242 3021; baseline 0.009 -23"><span class='ocrx_word' id='word_1_589' title='bbox 179 2974 274 3000; x_wconf 74' lang='lat' dir='ltr'><strong>vero</strong></span> <span class='ocrx_word' id='word_1_590' title='bbox 295 2976 379 3012; x_wconf 84' lang='lat' dir='ltr'><strong>quae</strong></span> <span class='ocrx_word' id='word_1_591' title='bbox 398 2973 599 3014; x_wconf 77' lang='lat' dir='ltr'><strong>postremae</strong></span> <span class='ocrx_word' id='word_1_592' title='bbox 618 2969 845 3018; x_wconf 87' lang='lat' dir='ltr'><strong>cogitationi</strong></span> <span class='ocrx_word' id='word_1_593' title='bbox 877 2971 1143 3021; x_wconf 88' lang='lat' dir='ltr'><strong>assimilantur,</strong></span> <span class='ocrx_word' id='word_1_594' title='bbox 1168 2972 1242 3008; x_wconf 91' lang='lat' dir='ltr'><strong>sint</strong></span> 
     </span>
     <span class='ocr_line' id='line_1_75' title="bbox 183 3022 1240 3068; baseline 0.01 -11"><span class='ocrx_word' id='word_1_595' title='bbox 183 3022 225 3058; x_wconf 91' lang='lat' dir='ltr'><strong>in</strong></span> <span class='ocrx_word' id='word_1_596' title='bbox 257 3024 511 3063; x_wconf 89' lang='lat' dir='ltr'><strong>rationalibus</strong></span> <span class='ocrx_word' id='word_1_597' title='bbox 547 3028 694 3067; x_wconf 90' lang='lat' dir='ltr'><strong>ultima.</strong></span> <span class='ocrx_word' id='word_1_598' title='bbox 723 3031 843 3066; x_wconf 89' lang='lat' dir='ltr'><strong>Totus</strong></span> <span class='ocrx_word' id='word_1_599' title='bbox 876 3031 979 3067; x_wconf 88' lang='lat' dir='ltr'><strong>enim</strong></span> <span class='ocrx_word' id='word_1_600' title='bbox 1015 3038 1240 3068; x_wconf 86' lang='lat' dir='ltr'><strong>naturarum</strong></span> 
     </span>
     <span class='ocr_line' id='line_1_76' title="bbox 181 3082 1240 3138; baseline 0.01 -23"><span class='ocrx_word' id='word_1_601' title='bbox 181 3087 309 3117; x_wconf 86' lang='lat' dir='ltr'><strong>mente</strong></span> <span class='ocrx_word' id='word_1_602' title='bbox 344 3082 594 3131; x_wconf 82' lang='lat' dir='ltr'><strong>praeditarum</strong></span> <span class='ocrx_word' id='word_1_603' title='bbox 628 3093 748 3123; x_wconf 87' lang='lat' dir='ltr'><strong>coetus</strong></span> <span class='ocrx_word' id='word_1_604' title='bbox 780 3100 858 3124; x_wconf 90' lang='lat' dir='ltr'><strong>una</strong></span> <span class='ocrx_word' id='word_1_605' title='bbox 892 3101 979 3125; x_wconf 92' lang='lat' dir='ltr'><strong>cum</strong></span> <span class='ocrx_word' id='word_1_606' title='bbox 1013 3089 1240 3138; x_wconf 84' lang='lat' dir='ltr'><strong>incorrupto</strong></span> 
     </span>
     <span class='ocr_line' id='line_1_77' title="bbox 180 3143 1242 3196; baseline 0.011 -22"><span class='ocrx_word' id='word_1_607' title='bbox 180 3151 350 3189; x_wconf 86' lang='lat' dir='ltr'><strong>corpore</strong></span> <span class='ocrx_word' id='word_1_608' title='bbox 370 3143 423 3178; x_wconf 88' lang='lat' dir='ltr'><strong>eis</strong></span> <span class='ocrx_word' id='word_1_609' title='bbox 460 3152 622 3193; x_wconf 86' lang='lat' dir='ltr'><strong>cognato</strong></span> <span class='ocrx_word' id='word_1_610' title='bbox 661 3147 778 3183; x_wconf 91' lang='lat' dir='ltr'><strong>totius</strong></span> <span class='ocrx_word' id='word_1_611' title='bbox 807 3149 1064 3196; x_wconf 85' lang='lat' dir='ltr'><strong>procreatoris</strong></span> <span class='ocrx_word' id='word_1_612' title='bbox 1088 3150 1161 3185; x_wconf 92' lang='lat' dir='ltr'><strong>Dei</strong></span> <span class='ocrx_word' id='word_1_613' title='bbox 1188 3157 1242 3186; x_wconf 90' lang='lat' dir='ltr'><strong>est</strong></span> 
     </span>
     <span class='ocr_line' id='line_1_78' title="bbox 181 3198 1241 3257; baseline 0.01 -24"><span class='ocrx_word' id='word_1_614' title='bbox 181 3198 323 3247; x_wconf 76' lang='lat' dir='ltr'><strong>imago,</strong></span> <span class='ocrx_word' id='word_1_615' title='bbox 343 3198 432 3250; x_wconf 87' lang='lat' dir='ltr'><strong>Ejus</strong></span> <span class='ocrx_word' id='word_1_616' title='bbox 449 3209 597 3250; x_wconf 86' lang='lat' dir='ltr'><strong>autem,</strong></span> <span class='ocrx_word' id='word_1_617' title='bbox 616 3205 792 3253; x_wconf 91' lang='lat' dir='ltr'><strong>quodibi</strong></span> <span class='ocrx_word' id='word_1_618' title='bbox 809 3220 998 3243; x_wconf 87' lang='lat' dir='ltr'><strong>summum</strong></span> <span class='ocrx_word' id='word_1_619' title='bbox 1015 3214 1092 3253; x_wconf 87' lang='lat' dir='ltr'><strong>est,</strong></span> <span class='ocrx_word' id='word_1_620' title='bbox 1115 3208 1241 3257; x_wconf 88' lang='lat' dir='ltr'><strong>imago</strong></span> 
     </span>
     <span class='ocr_line' id='line_1_79' title="bbox 181 3264 1240 3315; baseline 0.013 -24"><span class='ocrx_word' id='word_1_621' title='bbox 181 3269 280 3305; x_wconf 87' lang='lat' dir='ltr'><strong>pura</strong></span> <span class='ocrx_word' id='word_1_622' title='bbox 298 3267 386 3295; x_wconf 89' lang='lat' dir='ltr'><strong>sunt</strong></span> <span class='ocrx_word' id='word_1_623' title='bbox 413 3273 457 3297; x_wconf 91' lang='lat' dir='ltr'><strong>ea</strong></span> <span class='ocrx_word' id='word_1_624' title='bbox 480 3274 563 3310; x_wconf 86' lang='lat' dir='ltr'><strong>quae</strong></span> <span class='ocrx_word' id='word_1_625' title='bbox 597 3264 637 3300; x_wconf 92' lang='lat' dir='ltr'><strong>in</strong></span> <span class='ocrx_word' id='word_1_626' title='bbox 664 3265 811 3302; x_wconf 90' lang='lat' dir='ltr'><strong>mundo</strong></span> <span class='ocrx_word' id='word_1_627' title='bbox 832 3267 955 3315; x_wconf 91' lang='lat' dir='ltr'><strong>prima</strong></span> <span class='ocrx_word' id='word_1_628' title='bbox 973 3267 1165 3303; x_wconf 88' lang='lat' dir='ltr'><strong>habentur</strong></span> <span class='ocrx_word' id='word_1_629' title='bbox 1181 3275 1240 3304; x_wconf 87' lang='lat' dir='ltr'><strong>at—</strong></span> 
     </span>
     <span class='ocr_line' id='line_1_80' title="bbox 179 3316 1241 3376; baseline 0.01 -24"><span class='ocrx_word' id='word_1_630' title='bbox 179 3328 257 3365; x_wconf 89' lang='lat' dir='ltr'><strong>que</strong></span> <span class='ocrx_word' id='word_1_631' title='bbox 272 3316 351 3365; x_wconf 88' lang='lat' dir='ltr'><strong>ejus</strong></span> <span class='ocrx_word' id='word_1_632' title='bbox 371 3321 477 3368; x_wconf 91' lang='lat' dir='ltr'><strong>quod</strong></span> <span class='ocrx_word' id='word_1_633' title='bbox 497 3328 551 3358; x_wconf 91' lang='lat' dir='ltr'><strong>est</strong></span> <span class='ocrx_word' id='word_1_634' title='bbox 568 3322 647 3361; x_wconf 84' lang='lat' dir='ltr'><strong>illic</strong></span> <span class='ocrx_word' id='word_1_635' title='bbox 661 3325 851 3373; x_wconf 87' lang='lat' dir='ltr'><strong>medium,</strong></span> <span class='ocrx_word' id='word_1_636' title='bbox 874 3327 999 3376; x_wconf 86' lang='lat' dir='ltr'><strong>imago</strong></span> <span class='ocrx_word' id='word_1_637' title='bbox 1016 3326 1142 3363; x_wconf 91' lang='lat' dir='ltr'><strong>media</strong></span> <span class='ocrx_word' id='word_1_638' title='bbox 1155 3335 1241 3363; x_wconf 91' lang='lat' dir='ltr'><strong>sunt</strong></span> 
     </span>
     <span class='ocr_line' id='line_1_81' title="bbox 180 3380 1240 3449; baseline 0.01 -37"><span class='ocrx_word' id='word_1_639' title='bbox 180 3388 224 3413; x_wconf 87' lang='lat' dir='ltr'><strong>ea</strong></span> <span class='ocrx_word' id='word_1_640' title='bbox 257 3389 340 3425; x_wconf 84' lang='lat' dir='ltr'><strong>quae</strong></span> <span class='ocrx_word' id='word_1_641' title='bbox 379 3380 509 3417; x_wconf 90' lang='lat' dir='ltr'><strong>locum</strong></span> <span class='ocrx_word' id='word_1_642' title='bbox 539 3383 708 3420; x_wconf 90' lang='lat' dir='ltr'><strong>medium</strong></span> <span class='ocrx_word' id='word_1_643' title='bbox 740 3385 804 3422; x_wconf 91' lang='lat' dir='ltr'><strong>hic</strong></span> <span class='ocrx_word' id='word_1_644' title='bbox 838 3386 1034 3432; x_wconf 88' lang='lat' dir='ltr'><strong>obtinent,</strong></span> <span class='ocrx_word' id='word_1_645' title='bbox 1065 3393 1240 3449; x_wconf 74' lang='lat' dir='ltr'><strong>extremae</strong></span> 
     </span>
    </p>
   </div>
   <div class='ocr_carea' id='block_1_12' title="bbox 178 3489 1238 3547">
    <p class='ocr_par' dir='ltr' id='par_1_12' title="bbox 178 3489 1238 3547">
     <span class='ocr_line' id='line_1_82' title="bbox 178 3489 1238 3547; baseline 0.012 -23"><span class='ocrx_word' id='word_1_646' title='bbox 178 3489 431 3530; x_wconf 78' lang='lat' dir='ltr'><strong>rationalibus</strong></span> <span class='ocrx_word' id='word_1_647' title='bbox 453 3497 563 3532; x_wconf 82' lang='lat' dir='ltr'><strong>tertia</strong></span> <span class='ocrx_word' id='word_1_648' title='bbox 592 3504 680 3534; x_wconf 90' lang='lat' dir='ltr'><strong>sunt</strong></span> <span class='ocrx_word' id='word_1_649' title='bbox 700 3505 737 3535; x_wconf 89' lang='lat' dir='ltr'><strong>et</strong></span> <span class='ocrx_word' id='word_1_650' title='bbox 754 3505 958 3547; x_wconf 86' lang='lat' dir='ltr'><strong>postrema.</strong></span> <span class='ocrx_word' id='word_1_651' title='bbox 992 3497 1021 3535; x_wconf 83' lang='grc' dir='ltr'>Ε</span> <span class='ocrx_word' id='word_1_652' title='bbox 1023 3511 1045 3534; x_wconf 90' lang='lat' dir='ltr'>x</span> <span class='ocrx_word' id='word_1_653' title='bbox 1067 3499 1125 3535; x_wconf 77' lang='lat' dir='ltr'><strong>his</strong></span> <span class='ocrx_word' id='word_1_654' title='bbox 1147 3512 1238 3537; x_wconf 83' lang='lat' dir='ltr'><strong>vero</strong></span> 
     </span>
    </p>
   </div>
   <div class='ocr_carea' id='block_1_13' title="bbox 1301 1957 2368 3601">
    <p class='ocr_par' dir='ltr' id='par_1_13' title="bbox 1301 1957 2368 3601">
     <span class='ocr_line' id='line_1_83' title="bbox 1306 1957 2368 2008; baseline 0.006 -15"><span class='ocrx_word' id='word_1_655' title='bbox 1306 1958 1429 1994; x_wconf 91' lang='lat' dir='ltr'><strong>tribus</strong></span> <span class='ocrx_word' id='word_1_656' title='bbox 1463 1958 1667 2007; x_wconf 85' lang='lat' dir='ltr'><strong>generibus</strong></span> <span class='ocrx_word' id='word_1_657' title='bbox 1695 1957 1736 1994; x_wconf 92' lang='lat' dir='ltr'><strong>id</strong></span> <span class='ocrx_word' id='word_1_658' title='bbox 1757 1958 1864 2007; x_wconf 90' lang='lat' dir='ltr'><strong>quod</strong></span> <span class='ocrx_word' id='word_1_659' title='bbox 1892 1960 2060 2008; x_wconf 87' lang='lat' dir='ltr'><strong>primum</strong></span> <span class='ocrx_word' id='word_1_660' title='bbox 2087 1969 2157 2006; x_wconf 87' lang='lat' dir='ltr'><strong>est,</strong></span> <span class='ocrx_word' id='word_1_661' title='bbox 2178 1961 2271 1998; x_wconf 89' lang='lat' dir='ltr'><strong>deos</strong></span> <span class='ocrx_word' id='word_1_662' title='bbox 2294 1962 2368 1998; x_wconf 90' lang='lat' dir='ltr'><strong>im-</strong></span> 
     </span>
     <span class='ocr_line' id='line_1_84' title="bbox 1303 2017 2367 2066; baseline 0.005 -14"><span class='ocrx_word' id='word_1_663' title='bbox 1303 2017 1484 2053; x_wconf 82' lang='lat' dir='ltr'><strong>mortales</strong></span> <span class='ocrx_word' id='word_1_664' title='bbox 1502 2017 1564 2053; x_wconf 92' lang='lat' dir='ltr'><strong>hic</strong></span> <span class='ocrx_word' id='word_1_665' title='bbox 1583 2017 1753 2066; x_wconf 88' lang='lat' dir='ltr'><strong>appellat</strong></span> <span class='ocrx_word' id='word_1_666' title='bbox 1769 2029 1946 2064; x_wconf 87' lang='lat' dir='ltr'><strong>carmen,</strong></span> <span class='ocrx_word' id='word_1_667' title='bbox 1971 2020 2136 2055; x_wconf 86' lang='lat' dir='ltr'><strong>medium</strong></span> <span class='ocrx_word' id='word_1_668' title='bbox 2158 2028 2286 2057; x_wconf 84' lang='lat' dir='ltr'><strong>autem</strong></span> <span class='ocrx_word' id='word_1_669' title='bbox 2302 2021 2367 2057; x_wconf 91' lang='lat' dir='ltr'><strong>he-</strong></span> 
     </span>
     <span class='ocr_line' id='line_1_85' title="bbox 1303 2076 2366 2127; baseline 0.006 -16"><span class='ocrx_word' id='word_1_670' title='bbox 1303 2088 1390 2112; x_wconf 88' lang='lat' dir='ltr'><strong>roes</strong></span> <span class='ocrx_word' id='word_1_671' title='bbox 1407 2076 1570 2112; x_wconf 85' lang='lat' dir='ltr'><strong>illustres</strong></span> <span class='ocrx_word' id='word_1_672' title='bbox 1590 2083 1704 2125; x_wconf 90' lang='lat' dir='ltr'><strong>atque</strong></span> <span class='ocrx_word' id='word_1_673' title='bbox 1731 2077 1909 2113; x_wconf 89' lang='lat' dir='ltr'><strong>ultimum</strong></span> <span class='ocrx_word' id='word_1_674' title='bbox 1934 2079 2066 2127; x_wconf 87' lang='lat' dir='ltr'><strong>genios</strong></span> <span class='ocrx_word' id='word_1_675' title='bbox 2087 2087 2302 2127; x_wconf 87' lang='lat' dir='ltr'><strong>terrestres,</strong></span> <span class='ocrx_word' id='word_1_676' title='bbox 2322 2089 2366 2118; x_wconf 91' lang='lat' dir='ltr'><strong>ut</strong></span> 
     </span>
     <span class='ocr_line' id='line_1_86' title="bbox 1303 2134 2366 2187; baseline 0.007 -17"><span class='ocrx_word' id='word_1_677' title='bbox 1303 2135 1421 2182; x_wconf 85' lang='lat' dir='ltr'><strong>paulo</strong></span> <span class='ocrx_word' id='word_1_678' title='bbox 1438 2142 1526 2184; x_wconf 92' lang='lat' dir='ltr'><strong>post</strong></span> <span class='ocrx_word' id='word_1_679' title='bbox 1543 2134 1772 2175; x_wconf 85' lang='lat' dir='ltr'><strong>videbimus.</strong></span> <span class='ocrx_word' id='word_1_680' title='bbox 1794 2137 1905 2173; x_wconf 92' lang='lat' dir='ltr'><strong>Nunc</strong></span> <span class='ocrx_word' id='word_1_681' title='bbox 1930 2144 2057 2174; x_wconf 88' lang='lat' dir='ltr'><strong>autem</strong></span> <span class='ocrx_word' id='word_1_682' title='bbox 2074 2138 2124 2174; x_wconf 87' lang='lat' dir='ltr'><strong>ad</strong></span> <span class='ocrx_word' id='word_1_683' title='bbox 2150 2139 2278 2187; x_wconf 88' lang='lat' dir='ltr'><strong>prima</strong></span> <span class='ocrx_word' id='word_1_684' title='bbox 2297 2140 2366 2177; x_wconf 87' lang='lat' dir='ltr'><strong>illa</strong></span> 
     </span>
     <span class='ocr_line' id='line_1_87' title="bbox 1306 2195 2365 2243; baseline 0.008 -12"><span class='ocrx_word' id='word_1_685' title='bbox 1306 2206 1462 2231; x_wconf 86' lang='lat' dir='ltr'><strong>rursum</strong></span> <span class='ocrx_word' id='word_1_686' title='bbox 1491 2201 1744 2231; x_wconf 82' lang='lat' dir='ltr'><strong>revertamur.</strong></span> <span class='ocrx_word' id='word_1_687' title='bbox 1778 2195 1959 2243; x_wconf 82' lang='lat' dir='ltr'><strong>Quaenam</strong></span> <span class='ocrx_word' id='word_1_688' title='bbox 1987 2204 2042 2234; x_wconf 92' lang='lat' dir='ltr'><strong>est</strong></span> <span class='ocrx_word' id='word_1_689' title='bbox 2078 2199 2138 2235; x_wconf 83' lang='lat' dir='ltr'><strong>lex</strong></span> <span class='ocrx_word' id='word_1_690' title='bbox 2168 2200 2238 2237; x_wconf 87' lang='lat' dir='ltr'><strong>ista</strong></span> <span class='ocrx_word' id='word_1_691' title='bbox 2264 2209 2302 2238; x_wconf 87' lang='lat' dir='ltr'><strong>et</strong></span> <span class='ocrx_word' id='word_1_692' title='bbox 2331 2203 2365 2238; x_wconf 88' lang='lat' dir='ltr'><strong>ci</strong></span> 
     </span>
     <span class='ocr_line' id='line_1_88' title="bbox 1304 2253 2365 2303; baseline 0.006 -13"><span class='ocrx_word' id='word_1_693' title='bbox 1304 2253 1538 2290; x_wconf 89' lang='lat' dir='ltr'><strong>conveniens</strong></span> <span class='ocrx_word' id='word_1_694' title='bbox 1559 2253 1657 2289; x_wconf 90' lang='lat' dir='ltr'><strong>ordo</strong></span> <span class='ocrx_word' id='word_1_695' title='bbox 1673 2281 1683 2299; x_wconf 92' lang='lat'><strong>,</strong></span> <span class='ocrx_word' id='word_1_696' title='bbox 1714 2261 1752 2290; x_wconf 89' lang='lat' dir='ltr'><strong>et</strong></span> <span class='ocrx_word' id='word_1_697' title='bbox 1775 2255 1859 2303; x_wconf 90' lang='lat' dir='ltr'><strong>quis</strong></span> <span class='ocrx_word' id='word_1_698' title='bbox 1888 2255 2012 2293; x_wconf 89' lang='lat' dir='ltr'><strong>honor</strong></span> <span class='ocrx_word' id='word_1_699' title='bbox 2031 2258 2241 2295; x_wconf 90' lang='lat' dir='ltr'><strong>secundum</strong></span> <span class='ocrx_word' id='word_1_700' title='bbox 2257 2260 2365 2296; x_wconf 88' lang='lat' dir='ltr'><strong>illum</strong></span> 
     </span>
     <span class='ocr_line' id='line_1_89' title="bbox 1305 2312 2364 2368; baseline 0.007 -19"><span class='ocrx_word' id='word_1_701' title='bbox 1305 2312 1484 2349; x_wconf 87' lang='lat' dir='ltr'><strong>ordinem</strong></span> <span class='ocrx_word' id='word_1_702' title='bbox 1504 2312 1694 2348; x_wconf 84' lang='lat' dir='ltr'><strong>tributus?</strong></span> <span class='ocrx_word' id='word_1_703' title='bbox 1725 2315 1806 2350; x_wconf 81' lang='lat' dir='ltr'><strong>Lex</strong></span> <span class='ocrx_word' id='word_1_704' title='bbox 1829 2315 1988 2362; x_wconf 90' lang='lat' dir='ltr'><strong>quidem</strong></span> <span class='ocrx_word' id='word_1_705' title='bbox 2018 2324 2073 2353; x_wconf 88' lang='lat' dir='ltr'><strong>est</strong></span> <span class='ocrx_word' id='word_1_706' title='bbox 2097 2329 2204 2354; x_wconf 92' lang='lat' dir='ltr'><strong>mens</strong></span> <span class='ocrx_word' id='word_1_707' title='bbox 2236 2319 2364 2368; x_wconf 88' lang='lat' dir='ltr'><strong>opifex</strong></span> 
     </span>
     <span class='ocr_line' id='line_1_90' title="bbox 1303 2370 2365 2426; baseline 0.006 -18"><span class='ocrx_word' id='word_1_708' title='bbox 1303 2379 1340 2408; x_wconf 89' lang='lat' dir='ltr'><strong>et</strong></span> <span class='ocrx_word' id='word_1_709' title='bbox 1360 2372 1536 2407; x_wconf 82' lang='lat' dir='ltr'><strong>voluntas</strong></span> <span class='ocrx_word' id='word_1_710' title='bbox 1561 2370 1689 2407; x_wconf 86' lang='lat' dir='ltr'><strong>divina</strong></span> <span class='ocrx_word' id='word_1_711' title='bbox 1706 2384 1790 2420; x_wconf 89' lang='lat' dir='ltr'><strong>quae</strong></span> <span class='ocrx_word' id='word_1_712' title='bbox 1812 2374 1942 2410; x_wconf 89' lang='lat' dir='ltr'><strong>omnia</strong></span> <span class='ocrx_word' id='word_1_713' title='bbox 1960 2382 2150 2424; x_wconf 87' lang='lat' dir='ltr'><strong>perpetuo</strong></span> <span class='ocrx_word' id='word_1_714' title='bbox 2180 2377 2365 2426; x_wconf 86' lang='lat' dir='ltr'><strong>producit</strong></span> 
     </span>
     <span class='ocr_line' id='line_1_91' title="bbox 1303 2431 2363 2487; baseline 0.008 -21"><span class='ocrx_word' id='word_1_715' title='bbox 1303 2438 1419 2478; x_wconf 87' lang='lat' dir='ltr'><strong>atque</strong></span> <span class='ocrx_word' id='word_1_716' title='bbox 1452 2431 1492 2466; x_wconf 88' lang='lat' dir='ltr'><strong>in</strong></span> <span class='ocrx_word' id='word_1_717' title='bbox 1524 2437 1705 2466; x_wconf 88' lang='lat' dir='ltr'><strong>aeternum</strong></span> <span class='ocrx_word' id='word_1_718' title='bbox 1732 2440 1932 2468; x_wconf 86' lang='lat' dir='ltr'><strong>conservat</strong></span> <span class='ocrx_word' id='word_1_719' title='bbox 1967 2446 1975 2469; x_wconf 77' lang='grc' dir='ltr'>ε</span> <span class='ocrx_word' id='word_1_720' title='bbox 2019 2434 2116 2471; x_wconf 90' lang='lat' dir='ltr'><strong>ordo</strong></span> <span class='ocrx_word' id='word_1_721' title='bbox 2137 2442 2262 2473; x_wconf 88' lang='lat' dir='ltr'><strong>autem</strong></span> <span class='ocrx_word' id='word_1_722' title='bbox 2290 2437 2363 2487; x_wconf 83' lang='lat' dir='ltr'><strong>legi</strong></span> 
     </span>
     <span class='ocr_line' id='line_1_92' title="bbox 1303 2490 2365 2546; baseline 0.008 -21"><span class='ocrx_word' id='word_1_723' title='bbox 1303 2502 1495 2539; x_wconf 85' lang='lat' dir='ltr'><strong>congruus</strong></span> <span class='ocrx_word' id='word_1_724' title='bbox 1517 2497 1572 2526; x_wconf 90' lang='lat' dir='ltr'><strong>est</strong></span> <span class='ocrx_word' id='word_1_725' title='bbox 1590 2490 1641 2539; x_wconf 88' lang='lat' dir='ltr'><strong>is,</strong></span> <span class='ocrx_word' id='word_1_726' title='bbox 1660 2491 1727 2538; x_wconf 90' lang='lat' dir='ltr'><strong>qui</strong></span> <span class='ocrx_word' id='word_1_727' title='bbox 1746 2503 1767 2527; x_wconf 84' lang='lat' dir='ltr'><strong>a</strong></span> <span class='ocrx_word' id='word_1_728' title='bbox 1796 2499 1954 2540; x_wconf 87' lang='lat' dir='ltr'><strong>parente</strong></span> <span class='ocrx_word' id='word_1_729' title='bbox 1972 2494 2143 2530; x_wconf 91' lang='lat' dir='ltr'><strong>omnium</strong></span> <span class='ocrx_word' id='word_1_730' title='bbox 2161 2502 2198 2532; x_wconf 92' lang='lat' dir='ltr'><strong>et</strong></span> <span class='ocrx_word' id='word_1_731' title='bbox 2225 2495 2365 2546; x_wconf 87' lang='lat' dir='ltr'><strong>opifice</strong></span> 
     </span>
     <span class='ocr_line' id='line_1_93' title="bbox 1301 2549 2363 2605; baseline 0.008 -21"><span class='ocrx_word' id='word_1_732' title='bbox 1301 2549 1412 2585; x_wconf 88' lang='lat' dir='ltr'><strong>simul</strong></span> <span class='ocrx_word' id='word_1_733' title='bbox 1434 2562 1518 2585; x_wconf 90' lang='lat' dir='ltr'><strong>cum</strong></span> <span class='ocrx_word' id='word_1_734' title='bbox 1543 2549 1614 2585; x_wconf 86' lang='lat' dir='ltr'><strong>diis</strong></span> <span class='ocrx_word' id='word_1_735' title='bbox 1632 2549 1915 2587; x_wconf 80' lang='lat' dir='ltr'><strong>immortalibus</strong></span> <span class='ocrx_word' id='word_1_736' title='bbox 1940 2552 2119 2589; x_wconf 86' lang='lat' dir='ltr'><strong>inductus</strong></span> <span class='ocrx_word' id='word_1_737' title='bbox 2137 2562 2191 2590; x_wconf 89' lang='lat' dir='ltr'><strong>est</strong></span> <span class='ocrx_word' id='word_1_738' title='bbox 2205 2584 2216 2601; x_wconf 81' lang='grc'>,</span> <span class='ocrx_word' id='word_1_739' title='bbox 2238 2563 2276 2591; x_wconf 92' lang='lat' dir='ltr'><strong>et</strong></span> <span class='ocrx_word' id='word_1_740' title='bbox 2299 2557 2363 2605; x_wconf 88' lang='lat' dir='ltr'><strong>qui</strong></span> 
     </span>
     <span class='ocr_line' id='line_1_94' title="bbox 1303 2607 2364 2660; baseline 0.007 -17"><span class='ocrx_word' id='word_1_741' title='bbox 1303 2621 1348 2644; x_wconf 88' lang='lat' dir='ltr'><strong>ex</strong></span> <span class='ocrx_word' id='word_1_742' title='bbox 1367 2609 1413 2643; x_wconf 88' lang='lat' dir='ltr'><strong>iis</strong></span> <span class='ocrx_word' id='word_1_743' title='bbox 1433 2608 1527 2644; x_wconf 86' lang='lat' dir='ltr'><strong>alios</strong></span> <span class='ocrx_word' id='word_1_744' title='bbox 1549 2607 1640 2644; x_wconf 87' lang='lat' dir='ltr'><strong>fecit</strong></span> <span class='ocrx_word' id='word_1_745' title='bbox 1654 2609 1825 2657; x_wconf 90' lang='lat' dir='ltr'><strong>primos,</strong></span> <span class='ocrx_word' id='word_1_746' title='bbox 1844 2610 1938 2646; x_wconf 90' lang='lat' dir='ltr'><strong>alios</strong></span> <span class='ocrx_word' id='word_1_747' title='bbox 1956 2612 2160 2648; x_wconf 89' lang='lat' dir='ltr'><strong>secundos.</strong></span> <span class='ocrx_word' id='word_1_748' title='bbox 2184 2613 2364 2660; x_wconf 89' lang='lat' dir='ltr'><strong>Quamvis</strong></span> 
     </span>
     <span class='ocr_line' id='line_1_95' title="bbox 1303 2667 2360 2720; baseline 0.009 -18"><span class='ocrx_word' id='word_1_749' title='bbox 1303 2667 1405 2703; x_wconf 90' lang='lat' dir='ltr'><strong>enim</strong></span> <span class='ocrx_word' id='word_1_750' title='bbox 1426 2668 1482 2703; x_wconf 89' lang='lat' dir='ltr'><strong>illi</strong></span> <span class='ocrx_word' id='word_1_751' title='bbox 1497 2696 1508 2716; x_wconf 89' lang='lat'><strong>‚</strong></span> <span class='ocrx_word' id='word_1_752' title='bbox 1535 2667 1652 2703; x_wconf 88' lang='lat' dir='ltr'><strong>totius</strong></span> <span class='ocrx_word' id='word_1_753' title='bbox 1669 2675 1789 2704; x_wconf 86' lang='lat' dir='ltr'><strong>coetus</strong></span> <span class='ocrx_word' id='word_1_754' title='bbox 1810 2669 2010 2707; x_wconf 86' lang='lat' dir='ltr'><strong>rationalis</strong></span> <span class='ocrx_word' id='word_1_755' title='bbox 2029 2671 2160 2708; x_wconf 85' lang='lat' dir='ltr'><strong>habita</strong></span> <span class='ocrx_word' id='word_1_756' title='bbox 2189 2675 2360 2720; x_wconf 84' lang='lat' dir='ltr'><strong>ratione,</strong></span> 
     </span>
     <span class='ocr_line' id='line_1_96' title="bbox 1302 2727 2365 2779; baseline 0.008 -17"><span class='ocrx_word' id='word_1_757' title='bbox 1302 2728 1446 2775; x_wconf 89' lang='lat' dir='ltr'><strong>primas</strong></span> <span class='ocrx_word' id='word_1_758' title='bbox 1462 2728 1565 2763; x_wconf 86' lang='lat' dir='ltr'><strong>nacti</strong></span> <span class='ocrx_word' id='word_1_759' title='bbox 1582 2727 1670 2773; x_wconf 92' lang='lat' dir='ltr'><strong>sint,</strong></span> <span class='ocrx_word' id='word_1_760' title='bbox 1690 2728 1789 2764; x_wconf 87' lang='lat' dir='ltr'><strong>inter</strong></span> <span class='ocrx_word' id='word_1_761' title='bbox 1805 2741 1845 2765; x_wconf 90' lang='lat' dir='ltr'><strong>se</strong></span> <span class='ocrx_word' id='word_1_762' title='bbox 1863 2736 1990 2766; x_wconf 86' lang='lat' dir='ltr'><strong>tamen</strong></span> <span class='ocrx_word' id='word_1_763' title='bbox 2000 2732 2209 2779; x_wconf 85' lang='lat' dir='ltr'><strong>variantur,</strong></span> <span class='ocrx_word' id='word_1_764' title='bbox 2223 2740 2261 2769; x_wconf 86' lang='lat' dir='ltr'><strong>et</strong></span> <span class='ocrx_word' id='word_1_765' title='bbox 2276 2741 2365 2770; x_wconf 91' lang='lat' dir='ltr'><strong>sunt</strong></span> 
     </span>
     <span class='ocr_line' id='line_1_97' title="bbox 1302 2786 2363 2831; baseline 0.008 -10"><span class='ocrx_word' id='word_1_766' title='bbox 1302 2786 1366 2831; x_wconf 79' lang='lat' dir='ltr'><strong>alii</strong></span> <span class='ocrx_word' id='word_1_767' title='bbox 1386 2787 1467 2822; x_wconf 87' lang='lat' dir='ltr'><strong>aliis</strong></span> <span class='ocrx_word' id='word_1_768' title='bbox 1492 2786 1715 2826; x_wconf 89' lang='lat' dir='ltr'><strong>diviniores.</strong></span> <span class='ocrx_word' id='word_1_769' title='bbox 1735 2789 1809 2824; x_wconf 90' lang='lat' dir='ltr'><strong>Eos</strong></span> <span class='ocrx_word' id='word_1_770' title='bbox 1829 2796 1957 2826; x_wconf 86' lang='lat' dir='ltr'><strong>autem</strong></span> <span class='ocrx_word' id='word_1_771' title='bbox 1978 2798 2116 2828; x_wconf 86' lang='lat' dir='ltr'><strong>natura</strong></span> <span class='ocrx_word' id='word_1_772' title='bbox 2136 2792 2236 2830; x_wconf 88' lang='lat' dir='ltr'><strong>inter</strong></span> <span class='ocrx_word' id='word_1_773' title='bbox 2268 2806 2306 2830; x_wconf 93' lang='lat' dir='ltr'><strong>se</strong></span> <span class='ocrx_word' id='word_1_774' title='bbox 2326 2801 2363 2830; x_wconf 87' lang='lat' dir='ltr'><strong>et</strong></span> 
     </span>
     <span class='ocr_line' id='line_1_98' title="bbox 1302 2846 2363 2895; baseline 0.008 -15"><span class='ocrx_word' id='word_1_775' title='bbox 1302 2846 1518 2894; x_wconf 86' lang='lat' dir='ltr'><strong>superiores</strong></span> <span class='ocrx_word' id='word_1_776' title='bbox 1541 2857 1620 2882; x_wconf 90' lang='lat' dir='ltr'><strong>esse</strong></span> <span class='ocrx_word' id='word_1_777' title='bbox 1641 2853 1679 2883; x_wconf 89' lang='lat' dir='ltr'><strong>et</strong></span> <span class='ocrx_word' id='word_1_778' title='bbox 1699 2846 1920 2895; x_wconf 87' lang='lat' dir='ltr'><strong>inferiores,</strong></span> <span class='ocrx_word' id='word_1_779' title='bbox 1944 2849 2090 2886; x_wconf 86' lang='lat' dir='ltr'><strong>indicio</strong></span> <span class='ocrx_word' id='word_1_780' title='bbox 2108 2857 2162 2887; x_wconf 89' lang='lat' dir='ltr'><strong>est</strong></span> <span class='ocrx_word' id='word_1_781' title='bbox 2183 2852 2279 2888; x_wconf 91' lang='lat' dir='ltr'><strong>ordo</strong></span> <span class='ocrx_word' id='word_1_782' title='bbox 2300 2853 2363 2889; x_wconf 90' lang='lat' dir='ltr'><strong>ille</strong></span> 
     </span>
     <span class='ocr_line' id='line_1_99' title="bbox 1303 2904 2363 2960; baseline 0.008 -20"><span class='ocrx_word' id='word_1_783' title='bbox 1303 2905 1512 2941; x_wconf 87' lang='lat' dir='ltr'><strong>coelestium</strong></span> <span class='ocrx_word' id='word_1_784' title='bbox 1532 2904 1708 2953; x_wconf 87' lang='lat' dir='ltr'><strong>orbium,</strong></span> <span class='ocrx_word' id='word_1_785' title='bbox 1726 2919 1798 2956; x_wconf 90' lang='lat' dir='ltr'><strong>pro</strong></span> <span class='ocrx_word' id='word_1_786' title='bbox 1819 2908 2058 2958; x_wconf 85' lang='lat' dir='ltr'><strong>singulorum</strong></span> <span class='ocrx_word' id='word_1_787' title='bbox 2076 2917 2212 2947; x_wconf 86' lang='lat' dir='ltr'><strong>natura</strong></span> <span class='ocrx_word' id='word_1_788' title='bbox 2237 2919 2275 2947; x_wconf 87' lang='lat' dir='ltr'><strong>et</strong></span> <span class='ocrx_word' id='word_1_789' title='bbox 2289 2924 2363 2960; x_wconf 89' lang='lat' dir='ltr'><strong>po-</strong></span> 
     </span>
     <span class='ocr_line' id='line_1_100' title="bbox 1303 2965 2362 3020; baseline 0.007 -20"><span class='ocrx_word' id='word_1_790' title='bbox 1303 2971 1433 3001; x_wconf 88' lang='lat' dir='ltr'><strong>testate</strong></span> <span class='ocrx_word' id='word_1_791' title='bbox 1462 2966 1513 3001; x_wconf 88' lang='lat' dir='ltr'><strong>ita</strong></span> <span class='ocrx_word' id='word_1_792' title='bbox 1532 2965 1746 3017; x_wconf 87' lang='lat' dir='ltr'><strong>institutus,</strong></span> <span class='ocrx_word' id='word_1_793' title='bbox 1768 2974 1811 3003; x_wconf 91' lang='lat' dir='ltr'><strong>ut</strong></span> <span class='ocrx_word' id='word_1_794' title='bbox 1839 2968 1879 3003; x_wconf 90' lang='lat' dir='ltr'><strong>in</strong></span> <span class='ocrx_word' id='word_1_795' title='bbox 1906 2980 2041 3005; x_wconf 89' lang='lat' dir='ltr'><strong>eorum</strong></span> <span class='ocrx_word' id='word_1_796' title='bbox 2071 2977 2209 3007; x_wconf 88' lang='lat' dir='ltr'><strong>natura</strong></span> <span class='ocrx_word' id='word_1_797' title='bbox 2236 2972 2362 3020; x_wconf 84' lang='lat' dir='ltr'><strong>posita</strong></span> 
     </span>
     <span class='ocr_line' id='line_1_101' title="bbox 1302 3024 2358 3078; baseline 0.007 -19"><span class='ocrx_word' id='word_1_798' title='bbox 1302 3025 1350 3059; x_wconf 87' lang='lat' dir='ltr'><strong>sit</strong></span> <span class='ocrx_word' id='word_1_799' title='bbox 1368 3025 1430 3061; x_wconf 88' lang='lat' dir='ltr'><strong>lex</strong></span> <span class='ocrx_word' id='word_1_800' title='bbox 1445 3052 1455 3070; x_wconf 92' lang='lat'>‚</span> <span class='ocrx_word' id='word_1_801' title='bbox 1479 3031 1517 3061; x_wconf 89' lang='lat' dir='ltr'><strong>et</strong></span> <span class='ocrx_word' id='word_1_802' title='bbox 1533 3024 1630 3061; x_wconf 91' lang='lat' dir='ltr'><strong>ordo</strong></span> <span class='ocrx_word' id='word_1_803' title='bbox 1652 3026 1733 3075; x_wconf 92' lang='lat' dir='ltr'><strong>ipse</strong></span> <span class='ocrx_word' id='word_1_804' title='bbox 1750 3038 1884 3063; x_wconf 89' lang='lat' dir='ltr'><strong>eorum</strong></span> <span class='ocrx_word' id='word_1_805' title='bbox 1907 3028 2082 3077; x_wconf 85' lang='lat' dir='ltr'><strong>dignitati</strong></span> <span class='ocrx_word' id='word_1_806' title='bbox 2095 3030 2142 3065; x_wconf 91' lang='lat' dir='ltr'><strong>sit</strong></span> <span class='ocrx_word' id='word_1_807' title='bbox 2162 3037 2358 3078; x_wconf 88' lang='lat' dir='ltr'><strong>cognatus.</strong></span> 
     </span>
     <span class='ocr_line' id='line_1_102' title="bbox 1301 3084 2362 3137; baseline 0.005 -18"><span class='ocrx_word' id='word_1_808' title='bbox 1301 3085 1388 3120; x_wconf 89' lang='lat' dir='ltr'><strong>Non</strong></span> <span class='ocrx_word' id='word_1_809' title='bbox 1407 3085 1508 3120; x_wconf 90' lang='lat' dir='ltr'><strong>enim</strong></span> <span class='ocrx_word' id='word_1_810' title='bbox 1528 3084 1689 3122; x_wconf 87' lang='lat' dir='ltr'><strong>fortuito</strong></span> <span class='ocrx_word' id='word_1_811' title='bbox 1708 3086 1800 3123; x_wconf 88' lang='lat' dir='ltr'><strong>editi</strong></span> <span class='ocrx_word' id='word_1_812' title='bbox 1819 3095 1933 3136; x_wconf 88' lang='lat' dir='ltr'><strong>atque</strong></span> <span class='ocrx_word' id='word_1_813' title='bbox 1946 3090 2026 3124; x_wconf 75' lang='lat' dir='ltr'><strong>orti</strong></span> <span class='ocrx_word' id='word_1_814' title='bbox 2049 3096 2182 3137; x_wconf 89' lang='lat' dir='ltr'><strong>postea</strong></span> <span class='ocrx_word' id='word_1_815' title='bbox 2209 3089 2362 3126; x_wconf 87' lang='lat' dir='ltr'><strong>discreti</strong></span> 
     </span>
     <span class='ocr_line' id='line_1_103' title="bbox 1301 3143 2362 3196; baseline 0.007 -17"><span class='ocrx_word' id='word_1_816' title='bbox 1301 3150 1410 3191; x_wconf 90' lang='lat' dir='ltr'><strong>sunt,</strong></span> <span class='ocrx_word' id='word_1_817' title='bbox 1429 3143 1497 3180; x_wconf 89' lang='lat' dir='ltr'><strong>sed</strong></span> <span class='ocrx_word' id='word_1_818' title='bbox 1517 3143 1653 3181; x_wconf 88' lang='lat' dir='ltr'><strong>ordine</strong></span> <span class='ocrx_word' id='word_1_819' title='bbox 1667 3146 1847 3182; x_wconf 86' lang='lat' dir='ltr'><strong>collocati</strong></span> <span class='ocrx_word' id='word_1_820' title='bbox 1867 3154 1982 3196; x_wconf 89' lang='lat' dir='ltr'><strong>atque</strong></span> <span class='ocrx_word' id='word_1_821' title='bbox 2000 3148 2170 3184; x_wconf 81' lang='lat' dir='ltr'><strong>distincti</strong></span> <span class='ocrx_word' id='word_1_822' title='bbox 2184 3149 2362 3186; x_wconf 85' lang='lat' dir='ltr'><strong>exsistere</strong></span> 
     </span>
     <span class='ocr_line' id='line_1_104' title="bbox 1303 3204 2362 3255; baseline 0.005 -16"><span class='ocrx_word' id='word_1_823' title='bbox 1303 3210 1521 3252; x_wconf 84' lang='lat' dir='ltr'><strong>coeperunt,</strong></span> <span class='ocrx_word' id='word_1_824' title='bbox 1553 3211 1596 3240; x_wconf 89' lang='lat' dir='ltr'><strong>ut</strong></span> <span class='ocrx_word' id='word_1_825' title='bbox 1627 3204 1714 3241; x_wconf 91' lang='lat' dir='ltr'><strong>coeli</strong></span> <span class='ocrx_word' id='word_1_826' title='bbox 1753 3206 1889 3252; x_wconf 88' lang='lat' dir='ltr'><strong>totius,</strong></span> <span class='ocrx_word' id='word_1_827' title='bbox 1936 3214 2116 3255; x_wconf 86' lang='lat' dir='ltr'><strong>tanquam</strong></span> <span class='ocrx_word' id='word_1_828' title='bbox 2163 3208 2362 3245; x_wconf 87' lang='lat' dir='ltr'><strong>animantis</strong></span> 
     </span>
     <span class='ocr_line' id='line_1_105' title="bbox 1301 3261 2359 3317; baseline 0.004 -18"><span class='ocrx_word' id='word_1_829' title='bbox 1301 3261 1413 3300; x_wconf 84' lang='lat' dir='ltr'><strong>unius</strong></span> <span class='ocrx_word' id='word_1_830' title='bbox 1429 3290 1440 3309; x_wconf 94' lang='lat'>‚</span> <span class='ocrx_word' id='word_1_831' title='bbox 1455 3263 1610 3300; x_wconf 86' lang='lat' dir='ltr'><strong>diversae</strong></span> <span class='ocrx_word' id='word_1_832' title='bbox 1625 3272 1749 3301; x_wconf 89' lang='lat' dir='ltr'><strong>essent</strong></span> <span class='ocrx_word' id='word_1_833' title='bbox 1763 3273 1904 3317; x_wconf 79' lang='lat' dir='ltr'><strong>partes,</strong></span> <span class='ocrx_word' id='word_1_834' title='bbox 1918 3273 2033 3315; x_wconf 89' lang='lat' dir='ltr'><strong>atque</strong></span> <span class='ocrx_word' id='word_1_835' title='bbox 2044 3264 2359 3317; x_wconf 88' lang='lat' dir='ltr'><strong>conjunctionem</strong></span> 
     </span>
     <span class='ocr_line' id='line_1_106' title="bbox 1301 3322 2359 3374; baseline 0.005 -16"><span class='ocrx_word' id='word_1_836' title='bbox 1301 3322 1399 3359; x_wconf 90' lang='lat' dir='ltr'><strong>inter</strong></span> <span class='ocrx_word' id='word_1_837' title='bbox 1419 3335 1457 3359; x_wconf 90' lang='lat' dir='ltr'><strong>se</strong></span> <span class='ocrx_word' id='word_1_838' title='bbox 1478 3332 1767 3371; x_wconf 87' lang='lat' dir='ltr'><strong>conservarent,</strong></span> <span class='ocrx_word' id='word_1_839' title='bbox 1795 3325 1886 3362; x_wconf 93' lang='lat' dir='ltr'><strong>dum</strong></span> <span class='ocrx_word' id='word_1_840' title='bbox 1902 3326 2112 3362; x_wconf 91' lang='lat' dir='ltr'><strong>secundum</strong></span> <span class='ocrx_word' id='word_1_841' title='bbox 2133 3327 2278 3374; x_wconf 88' lang='lat' dir='ltr'><strong>species</strong></span> <span class='ocrx_word' id='word_1_842' title='bbox 2297 3339 2359 3364; x_wconf 88' lang='lat' dir='ltr'><strong>se·-</strong></span> 
     </span>
     <span class='ocr_line' id='line_1_107' title="bbox 1301 3383 2361 3431; baseline 0.005 -13"><span class='ocrx_word' id='word_1_843' title='bbox 1301 3389 1484 3431; x_wconf 84' lang='lat' dir='ltr'><strong>parantur</strong></span> <span class='ocrx_word' id='word_1_844' title='bbox 1497 3383 1608 3419; x_wconf 90' lang='lat' dir='ltr'><strong>simul</strong></span> <span class='ocrx_word' id='word_1_845' title='bbox 1622 3391 1660 3420; x_wconf 85' lang='lat' dir='ltr'><strong>et</strong></span> <span class='ocrx_word' id='word_1_846' title='bbox 1677 3392 1968 3431; x_wconf 87' lang='lat' dir='ltr'><strong>connectuntur,</strong></span> <span class='ocrx_word' id='word_1_847' title='bbox 1986 3385 2082 3422; x_wconf 86' lang='lat' dir='ltr'><strong>adeo</strong></span> <span class='ocrx_word' id='word_1_848' title='bbox 2099 3393 2140 3422; x_wconf 89' lang='lat' dir='ltr'><strong>ut</strong></span> <span class='ocrx_word' id='word_1_849' title='bbox 2155 3386 2257 3422; x_wconf 88' lang='lat' dir='ltr'><strong>nulla</strong></span> <span class='ocrx_word' id='word_1_850' title='bbox 2270 3387 2361 3423; x_wconf 90' lang='lat' dir='ltr'><strong>situs</strong></span> 
     </span>
     <span class='ocr_line' id='line_1_108' title="bbox 1301 3444 2359 3495; baseline 0.005 -17"><span class='ocrx_word' id='word_1_851' title='bbox 1301 3453 1436 3486; x_wconf 89' lang='lat' dir='ltr'><strong>eorum</strong></span> <span class='ocrx_word' id='word_1_852' title='bbox 1471 3444 1633 3480; x_wconf 90' lang='lat' dir='ltr'><strong>mutatio</strong></span> <span class='ocrx_word' id='word_1_853' title='bbox 1666 3457 1836 3493; x_wconf 88' lang='lat' dir='ltr'><strong>unquam</strong></span> <span class='ocrx_word' id='word_1_854' title='bbox 1873 3446 2081 3494; x_wconf 84' lang='lat' dir='ltr'><strong>excogitari</strong></span> <span class='ocrx_word' id='word_1_855' title='bbox 2111 3446 2252 3495; x_wconf 86' lang='lat' dir='ltr'><strong>possit,</strong></span> <span class='ocrx_word' id='word_1_856' title='bbox 2285 3448 2359 3483; x_wconf 90' lang='lat' dir='ltr'><strong>nisi</strong></span> 
     </span>
     <span class='ocr_line' id='line_1_109' title="bbox 1301 3503 2359 3554; baseline 0.003 -16"><span class='ocrx_word' id='word_1_857' title='bbox 1301 3515 1386 3538; x_wconf 91' lang='lat' dir='ltr'><strong>cum</strong></span> <span class='ocrx_word' id='word_1_858' title='bbox 1401 3503 1567 3540; x_wconf 89' lang='lat' dir='ltr'><strong>universi</strong></span> <span class='ocrx_word' id='word_1_859' title='bbox 1584 3504 1758 3552; x_wconf 86' lang='lat' dir='ltr'><strong>interitu,</strong></span> <span class='ocrx_word' id='word_1_860' title='bbox 1779 3506 1844 3554; x_wconf 89' lang='lat' dir='ltr'><strong>qui</strong></span> <span class='ocrx_word' id='word_1_861' title='bbox 1862 3505 2036 3541; x_wconf 85' lang='lat' dir='ltr'><strong>accidere</strong></span> <span class='ocrx_word' id='word_1_862' title='bbox 2052 3505 2206 3553; x_wconf 83' lang='lat' dir='ltr'><strong>nequit,</strong></span> <span class='ocrx_word' id='word_1_863' title='bbox 2224 3517 2359 3553; x_wconf 87' lang='lat' dir='ltr'><strong>quam-</strong></span> 
     </span>
     <span class='ocr_line' id='line_1_110' title="bbox 2194 3574 2229 3601; baseline 0 -4"><span class='ocrx_word' id='word_1_864' title='bbox 2194 3574 2229 3601; x_wconf 89' lang='lat'><strong>2⁷</strong></span> 
     </span>
    </p>
   </div>
  </div>
 </body>
</html>
