2612 3814
57 1345 78 1352 Τ
47 1011 84 1335 ”²²³³3254W'Wffl21's‘23ri‘ff
56 987 59 989 ”
58 949 82 973 :ss
60 918 83 938 ii>
56 808 86 906 ''ssima-
60 707 87 795 <effi

1021 280 1091 320 DE
1130 278 1370 328 MELtSSO,
1404 279 1519 320 ETC.

177 368 273 408 ὅτι’
254 384 362 417 εστιν,
384 368 528 421 ἄπειρον
550 361 658 407 εἶναι·
677 368 708 407 εἷ
727 367 757 407 δ’
779 366 901 417 ουτως,
918 369 978 408 καὶ
1003 369 1053 409 ἑ’.ν

179 427 243 479 μὲν
265 427 307 475 δὴ
328 429 415 479 ἡμῖν
442 427 487 466 δι’
519 426 730 481 ἀμφοτέρων
760 426 970 481 δπολήψεων
990 427 1088 468 οὐδὲν
1105 428 1241 480 μᾶλλόν

129 504 165 532 2⁵
181 502 214 526 τι
237 485 337 539 ἕν,““
317 503 341 535 η
366 486 420 526 ὅτι
439 486 557 526 πολλὰ
591 486 783 526 δείκνυται·
816 488 847 525 εἶ
879 487 915 526 δὲ
944 486 1087 540 βέὸαιος
1106 489 1241 539 μᾶλλον

62 563 97 708 ἐ
178 608 225 648 Εἰ
256 606 293 646 δὲ
326 605 547 660 τυγχάνομεν
579 605 719 660 ἔχοντες
740 605 944 661 ἀμφοτέρας
970 607 1034 652 τὰς
1052 607 1244 662 ὑποληψεις

178 549 202 595 ἦ
220 546 340 600 ἑτέρα,
363 545 434 586 ἀπὸ
450 545 582 594 ταύτης
592 545 880 600 ξυμπερανθέντα
901 548 1036 598 μᾶλλον
1052 547 1240 587 δέδεικται.

181 666 312 711 ταύτας
333 666 394 705 καὶ
412 668 460 711 ὡς
478 667 542 706 οὒκ
562 683 602 706 αν
634 666 771 719 γένοιτο
796 667 894 708 οὐδὲν
915 669 956 706 ἐκ
982 667 1130 719 μηδενός
1143 698 1154 716 ,
1182 668 1243 707 καὶ

2285 296 2355 331 281

1085 369 1244 421 Ὁμοίως
1301 371 1349 414 ὥς
1369 369 1486 407 πολλά
1503 385 1541 408 τε
1565 384 1626 408 και
1657 369 1846 421 κινούμενα
1870 387 1932 421 μεν
1960 373 2035 411 ἐστι
2055 372 2099 411 τὰ
2118 372 2216 422 ὄντα,
2233 376 2363 431 ἀμφοῖν

1302 428 1340 468 δὲ
1365 430 1396 468 εἷ
1422 427 1531 475 πιστὴ
1553 430 1688 479 μᾶλλον
1717 429 1808 477 αὕτη
1831 430 1936 481 δόξει,
1960 433 2130 471 θᾶττον
2114 450 2156 471 αν
2180 433 2366 487 πρόσοιντο

1303 488 1432 534 πάντες
1447 487 1580 537 ταύτην
1599 488 1732 538 ἐκείνης
1747 489 1811 538 τὴν
1829 489 1946 536 δόξαν.
1978 488 2085 530 “”Ωστ
2100 508 2128 530 ει
2139 491 2200 531 και
2216 493 2368 544 συμὸαί-

1304 564 1355 588 νει
1375 548 1537 594 ἐναντίας
1556 541 1646 587 εἶναι
1665 548 1726 593 τὰς
1752 549 1889 604 φάσεις,
1906 566 1969 589 και
1996 549 2166 591 ἀδύνατον
2186 552 2369 603 γίγνεσθαί

1302 625 1339 647 τι
1359 609 1398 648 ἐκ
1416 607 1508 659 μὴ”
1487 625 1584 654 οντος
1603 607 1663 648 καὶ
1676 608 1791 648 πολλὰ
1812 603 1901 648 εἶναι
1914 608 1960 649 τὰ
1970 609 2183 664 πράγματα,
2204 611 2370 665 ελέγχοι-

1304 684 1343 707 το
1362 667 1464 719 μὲν
1447 684 1488 707 αν
1509 670 1569 706 υπ’
1596 669 1761 718 ἀλλήλων
1789 672 1919 710 ταῦτα.
1978 669 2086 710 Ἀλλὰ
2101 670 2136 709 τί
2157 672 2291 723 μᾶλλον
2313 672 2352 711 οὕ

178 850 423 892 persuademus.
469 852 576 890 Quam
595 850 780 892 opinionem
804 851 952 891 Eleatici,
977 852 1241 891 argumentorum

176 897 319 940 pondere
335 898 477 940 priorem
494 900 638 938 tuentes,
660 908 795 940 quoquo
819 899 917 931 modo
932 897 1127 931 labefactare
1144 907 1242 931 eona-

176 945 307 979 bantur.
352 946 414 979 Sed
431 947 465 979 in
481 945 545 979 hac
559 946 796 979 contrariarum
813 945 1003 987 opinionum
1014 945 1244 988 probabilitate

176 993 246 1026 tieri
263 1002 356 1035 posse
368 994 582 1037 philosophus
602 996 725 1034 censet,
746 995 784 1027 ut
805 994 942 1027 alteram
963 993 1066 1026 nihilo
1084 993 1240 1026 veriorem

176 1050 275 1083 quam
298 1043 434 1076 alteram
451 1051 520 1076 esse
538 1042 720 1083 vincamus,
740 1042 858 1076 sivero
877 1041 995 1074 certior
1013 1042 1055 1074 sit
1073 1042 1240 1081 alterutra,

176 1090 272 1122 simul
289 1099 328 1123 ea
342 1099 415 1132 quae
430 1090 506 1124 inde
523 1090 706 1123 efficiantur
721 1090 800 1123 item
820 1090 958 1123 certiora
973 1098 1055 1130 esse,
1072 1098 1090 1122 e
1105 1089 1243 1122 demon-

178 1137 335 1171 stratione
351 1142 459 1179 palere
474 1138 530 1171 ait.
576 1139 659 1176 Quae
679 1147 781 1179 quum
804 1138 849 1170 ita
873 1147 907 1171 se
924 1137 1077 1178 habeant,
1096 1138 1128 1169 in
1149 1138 1242 1179 Spal-

177 1182 275 1224 dingii
306 1184 502 1225 conjecturis
532 1185 736 1225 acquiescere
761 1183 892 1230 liceret,
921 1183 982 1217 nisi
1012 1185 1047 1217 et
1071 1184 1243 1225 Lipsiensis

176 1231 377 1264 membranae
391 1232 569 1265 auctoritas
585 1232 625 1264 iis
635 1232 863 1265 adversaretur
873 1234 907 1265 et
919 1232 1014 1265 colon
1031 1232 1111 1265 illud
1126 1233 1243 1273 ὁμοίως

177 1284 234 1325 μὲν
253 1280 493 1319 δὴ-δείκνυται
511 1280 618 1312 minus
636 1280 724 1312 recte
738 1279 926 1321 expeditum
946 1283 1040 1313 esset.
1086 1281 1165 1313 Mihi
1182 1281 1241 1323 igi-

175 1335 230 1363 tur
251 1328 423 1372 Lipsiensis
448 1327 571 1360 codicis
586 1327 742 1360 lectiones
758 1327 910 1367 intuenti,
929 1327 986 1360 ubi
1012 1337 1044 1360 v.
1071 1332 1108 1362 19
1127 1331 1154 1362 εἰ
1175 1330 1243 1370 (aut

174 1379 204 1418 ἢ)
222 1378 283 1420 γὰρ
302 1376 356 1410 καὶ
375 1376 436 1408 εἷεν
459 1376 515 1408 δύο
540 1375 626 1412 δόξαι
645 1377 726 1408 etv.
745 1379 782 1408 21
805 1375 864 1408 οὐκ
886 1375 1019 1408 εἶναιτὰ
1039 1376 1115 1409 ὄντα
1142 1379 1243 1411 πολλὰ

174 1427 261 1468 γένη.
305 1424 342 1457 τὸ
363 1424 424 1467 γὰρ
446 1423 493 1465 ὄν,
511 1422 528 1455 ὅ
544 1435 574 1455 τι
596 1423 758 1463 scribitur,
784 1423 908 1464 reliqua
926 1424 1034 1456 autem
1060 1433 1102 1456 ne
1124 1424 1243 1457 lacuna

175 1472 396 1514 quideminter
407 1471 590 1514 ἀμφοτέρων
598 1472 630 1503 et
638 1471 740 1513 οὐδέν,
754 1471 806 1504 cui
820 1471 979 1503 insertum
993 1473 1241 1514 estmexcepta,

175 1521 224 1553 sic
240 1520 323 1553 utin
346 1519 488 1560 vulgatis
508 1518 748 1560 exemplaribus
770 1521 957 1558 exarantur,
981 1519 1040 1551 nisi
1058 1520 1147 1561 quod
1171 1524 1244 1562 post

175 1568 292 1610 ὁμοίως
318 1567 373 1609 μὲν
387 1566 510 1599 librarii
527 1575 636 1599 errore
650 1575 716 1599 non
738 1567 775 1606 δὴ
799 1566 858 1599 sed
880 1567 928 1599 δεῖ
951 1566 1129 1608 invenitur,
1153 1567 1244 1600 locus

174 1624 241 1648 non
261 1615 438 1648 admodum
453 1615 628 1655 corruptus
651 1615 696 1647 ita
712 1614 936 1648 emendandus
950 1614 1081 1647 videtur
1100 1628 1107 1648 :
1130 1617 1166 1648 Εἰ
1182 1617 1242 1660 γὰρ

175 1665 229 1696 καὶ
243 1664 303 1696 εἷεν
329 1663 384 1696 δύο
400 1662 486 1701 δόξαι
509 1662 690 1695 ὑπεναντίαι
712 1663 870 1702 ἀλλήλαις,
886 1663 996 1705 ὥσπερ
1016 1663 1128 1705 οἴεται,
1150 1665 1176 1696 εἷ
1199 1677 1243 1702 τις

175 1711 276 1744 πολλὰ
291 1711 436 1752 γενέσθαι
463 1710 569 1752 φησίν,
595 1710 735 1752 ἀνάγκην
751 1710 831 1743 εἶναι
853 1710 889 1742 ἐκ
908 1711 951 1752 μὴ
974 1710 1073 1742 ὄντων
1093 1711 1243 1752 (subaudi

174 1758 347 1800 γενέσθαι).
361 1759 401 1790 Εἰ
409 1757 442 1790 δὲ
453 1761 546 1790 τοῦτο
561 1758 604 1798 μή
618 1758 683 1790 οἷόν
693 1769 736 1795 τε,
745 1758 805 1790 οὐκ
818 1758 896 1790 εἶναι
909 1757 949 1790 τὰ
963 1757 1039 1789 ὄντα
1046 1759 1147 1791 πολλὰ
1157 1760 1242 1800 γένη·

174 1807 211 1839 τὸ
227 1806 287 1847 γὰρ
301 1805 348 1845 ὅν,
364 1805 412 1838 ὅτι
420 1806 515 1843 ἔστιν,
523 1805 651 1848 ἄπειρον
659 1806 750 1838 εἶναι·
765 1807 793 1838 εἰ
801 1806 949 1844 δὀὕτως,
966 1807 1020 1838 καὶ
1038 1807 1083 1839 ἕν.
1107 1808 1243 1848 Ὁμοίως

176 1853 232 1896 μὲν
244 1854 282 1893 δὴ
295 1855 370 1895 ἡμῖν
392 1853 433 1885 δι’
454 1853 636 1895 ἀμφοτέρων
655 1854 844 1895 ὑπολήψεων
863 1854 951 1886 οὐδὲν
971 1854 1089 1897 μᾶλλόν
1114 1866 1144 1887 τι
1161 1855 1206 1895 ἔν,
1224 1857 1243 1894 ἢ

177 1899 226 1932 ὄτι
239 1900 342 1933 πολλὰ
358 1900 526 1933 δείκνυται.
542 1901 678 1941 Reliqua
699 1900 818 1933 mendo
841 1903 964 1934 carent.
1011 1903 1130 1934 Sensus
1146 1901 1244 1942 igitur

177 1946 230 1979 hic
250 1951 297 1980 est
318 1960 327 1979 :
350 1960 366 1976 ιι
388 1947 455 1980 Etsi
475 1947 560 1979 enim
575 1947 647 1979 duae
664 1947 729 1979 sint
742 1947 913 1980 contrariae
934 1948 1115 1990 opiniones,
1133 1958 1245 1990 quem-

180 1995 358 2028 admodum
381 1995 564 2038 (Melissus)
594 1994 779 2036 existimat,
805 1995 831 2028 si
860 1996 933 2037 quis
954 1997 1057 2029 multa
1078 1999 1149 2030 orta
1178 2006 1245 2031 esse

180 2043 280 2084 dicat,
303 2043 482 2076 necessario
501 2051 539 2075 ea
555 2051 573 2075 e
591 2042 693 2074 nihilo
719 2043 879 2076 exstitisse
897 2056 906 2076 ι
934 2044 983 2076 sin
1003 2044 1158 2077 autemid
1176 2045 1244 2078 tieri

180 2093 331 2133 nequeat,
346 2100 383 2124 ea
397 2100 470 2133 quae
486 2092 575 2130 sunt,
592 2099 658 2123 non
675 2099 744 2123 esse
754 2099 909 2131 generum
923 2092 1131 2125 multitudine
1142 2092 1245 2126 diver-

180 2147 216 2172 sa
234 2152 242 2172 :
257 2147 314 2172 ens
331 2139 417 2172 enim
440 2140 610 2180 propterea
625 2138 713 2180 quod
742 2138 799 2179 sit,
828 2138 992 2172 infinitum
1014 2149 1095 2180 esse,
1122 2141 1149 2173 si
1167 2150 1245 2174 vero

180 2186 242 2219 hac
272 2187 396 2220 ratione
412 2187 574 2219 inlinitum
604 2185 659 2226 sit,
679 2194 748 2219 esse
773 2186 871 2219 etiam
894 2196 1010 2220 unum.
1056 2188 1127 2220 Pari
1147 2190 1244 2221 modo

179 2233 276 2276 igitur
293 2238 428 2277 utraque
440 2234 677 2268 existimatione
692 2243 758 2267 non
778 2235 880 2275 magis
898 2244 1002 2267 unum
1023 2244 1121 2277 quam
1143 2237 1245 2269 multa

179 2292 250 2316 esse
266 2283 516 2317 demonstratur.
560 2282 615 2316 Sin
633 2282 784 2315 alterutra
803 2284 922 2316 certior
937 2285 998 2324 est,
1019 2293 1094 2325 quae
1107 2283 1182 2316 inde
1200 2285 1246 2317 el’-

181 2330 265 2363 secta
283 2332 372 2371 sunt,
385 2331 465 2364 item
479 2330 617 2363 certiora
633 2338 701 2363 esse
717 2339 735 2363 e
753 2330 1029 2364 demonstratione
1046 2333 1146 2373 patet.
1165 2345 1181 2360 »

225 2383 277 2412 26.
300 2379 438 2419 Vulgata
454 2378 612 2420 scriptura
624 2379 672 2410 est
689 2387 698 2409 :
713 2378 931 2420 τυγχανὸμενα
943 2379 988 2419 δέ,
1005 2380 1130 2421 ἔχοντος
1146 2380 1245 2421 ἀμφο-

180 2427 268 2468 τέρας
284 2427 340 2463 τὰς
354 2427 525 2468 ὑπολήψεις
546 2426 673 2466 ταύτας,
694 2427 748 2458 καὶ
766 2427 934 2469 κινούμενα
950 2428 1005 2468 μέν
1018 2428 1084 2460 ἐστι
1097 2427 1138 2460 τὰ
1156 2428 1240 2460 ὄντα.

181 2475 295 2517 ἀμφοῖν
311 2475 344 2507 δὲ
364 2475 462 2513 πιστὴ
479 2475 595 2515 μᾶλλον
610 2474 700 2512 αὕτη,
721 2474 775 2506 καὶ
792 2475 903 2510 θᾶττον
916 2475 955 2508 ἂν
971 2478 1117 2518 προεῖντο
1133 2476 1244 2514 πάντες

179 2523 295 2562 ταύτην
309 2522 427 2561 ἐκείνης
439 2522 496 2561 τὴν
512 2521 615 2558 δόξαν.
658 2522 856 2562 corruptum
870 2531 942 2555 esse
962 2523 1024 2555 hoc
1043 2523 1137 2556 colon
1149 2524 1245 2556 omis-

180 2570 288 2611 sisque
307 2569 454 2612 pluribus
466 2568 575 2602 verbis
590 2569 778 2601 mutilatum
793 2571 909 2610 sponte
922 2569 963 2601 ab
979 2571 1131 2603 omnibus
1149 2571 1243 2604 intel-

181 2617 302 2658 ligitur.
346 2619 442 2650 Bern.
462 2615 643 2650 Felicianus
661 2616 717 2657 qui
731 2617 828 2649 vertit
846 2626 854 2648 ε
869 2630 883 2644 n
902 2625 980 2659 quae
998 2618 1142 2659 quidem
1161 2620 1192 2650 si
1206 2620 1242 2651 in

179 2674 260 2699 eum
277 2665 453 2706 incidant,
468 2666 528 2706 qui
541 2666 714 2706 utrasque
730 2663 796 2696 has
809 2666 987 2706 opiniones
1002 2665 1182 2707 habuerit,
1202 2667 1245 2700 li-

174 2714 227 2746 cet
245 2720 287 2745 ea
306 2720 385 2754 quae
401 2714 486 2744 sunt
509 2711 627 2745 adhuc
645 2713 866 2748 moveantur,
882 2713 1107 2755 probabilior
1124 2716 1243 2748 tamen

175 2759 249 2793 haec
265 2762 328 2800 est,
342 2761 520 2801 citiusque
544 2759 636 2792 hanc
658 2767 767 2800 quam
791 2756 895 2792 illam
911 2763 1109 2802 opinionem
1124 2771 1242 2796 omnes

181 2807 371 2841 admittent
391 2821 408 2836 n
429 2807 555 2839 videtur
572 2809 628 2839 aut
645 2808 800 2848 scriptum
827 2808 859 2839 in
880 2809 992 2842 codice
1011 2810 1172 2843 invenisse
1187 2813 1244 2843 aut

181 2854 447 2895 certelegendum
459 2854 634 2895 coniecisse
650 2867 657 2887 ε
673 2855 891 2896 τυγχανόντων
905 2856 943 2896 (ij
953 2865 981 2888 e.
997 2860 1060 2889 τῶν
1074 2858 1244 2900 ξυμπεραν-

183 2902 308 2942 θέντων)
326 2903 358 2935 δὲ
366 2902 492 2944 ἔχοντος
502 2902 675 2944 ἀμφοτέρας
685 2902 740 2939 τὰς
750 2903 919 2945 ὑπολήψεις
932 2905 1058 2945 ταύτας,
1074 2905 1127 2937 καὶ
1142 2917 1242 2938 κινου-

183 2949 282 2990 μένων
302 2950 346 2982 ἔτι
360 2954 424 2982 τῶν
446 2949 557 2990 ὄντων,
571 2950 684 2991 ἀμφοῖν
698 2950 731 2982 δὲ
745 2951 841 2990 πιστὴ
856 2953 972 2991 μᾶλλον
991 2953 1083 2992 αὕτη,
1097 2953 1149 2984 καὶ
1170 2954 1244 2985 Οᾶτ·

181 3008 234 3030 τον
256 2999 294 3030 ἂν
319 3001 480 3041 προςεῖντο
503 2998 614 3034 πάντες
634 2998 750 3037 ταύτην
778 2999 896 3038 ἐκείνης
921 3001 976 3039 τήν
1005 3001 1107 3038 δόξαν.
1163 3003 1244 3038 Quae

182 3053 381 3087 quamquam
409 3045 517 3087 aliqua
556 3045 792 3087 probabilitatis
820 3047 924 3088 specie
957 3047 1241 3088 commendantur,

182 3093 291 3124 tamen
308 3101 414 3134 neque
435 3101 509 3125 cum
538 3094 772 3126 sententiarum
799 3094 912 3127 ordine
936 3103 1042 3135 neque
1070 3103 1144 3126 cum
1162 3095 1243 3129 libro

182 3139 335 3180 Lipsiensi
357 3141 550 3181 congruunt.
595 3141 798 3183 Spaldingius
812 3143 906 3183 negat
917 3151 951 3174 se
968 3141 1158 3183 perspicere,
1177 3152 1243 3184 qno

184 3186 340 3218 reseratur
359 3187 463 3228 prima
487 3188 582 3228 hujus
602 3189 763 3222 enunciati
780 3198 843 3222 vox
865 3192 898 3223 et
916 3190 992 3231 quid
1016 3189 1076 3221 sibi
1100 3190 1177 3222 velit
1190 3190 1242 3223 hic

184 3234 314 3275 repente
326 3234 442 3275 iniecta
450 3238 513 3267 τῶν
529 3237 719 3276 κινουμένων
733 3237 865 3271 mentio.
891 3239 987 3270 Putat
1000 3237 1096 3278 igitur
1113 3238 1243 3278 periisse

184 3290 233 3322 ea,
249 3290 322 3324 quae
335 3282 375 3314 ad
395 3283 532 3315 alterum
546 3284 624 3316 illud
644 3285 684 3317 de
701 3287 791 3318 motu
811 3285 952 3318 tollendo
965 3285 1132 3318 decretum
1149 3287 1241 3319 Elea-

185 3329 286 3361 ticum
303 3330 538 3370 spectaverant,
561 3340 667 3372 neque
683 3333 863 3374 quidquam
891 3333 924 3365 in
947 3333 997 3365 his
1014 3333 1121 3365 verbis
1137 3335 1243 3366 mutat

186 3376 244 3408 nisi
260 3376 344 3416 quod
362 3377 472 3410 θᾶττον
496 3379 534 3410 ἂν
556 3382 715 3420 προςεῖντο
735 3389 793 3421 pro
815 3382 924 3412 θᾶττον
940 3381 988 3412 ἀεὶ
1005 3383 1148 3421 προεῖντο
1168 3381 1243 3412 sub-

184 3423 300 3456 stituit.
346 3423 434 3456 ldem
461 3426 568 3458 tamen
589 3426 688 3467 probe
713 3427 884 3466 intellexit,
906 3427 1079 3460 earundem
1104 3427 1156 3459 hic
1172 3428 1241 3469 opi-

185 3471 318 3504 nionum
341 3473 408 3504 tieri
427 3473 640 3513 mentionem,
658 3483 741 3515 quas
766 3475 932 3516 oppositas
953 3484 1023 3507 esse
1050 3474 1205 3515 vidimus,
1224 3484 1242 3508 e

185 3517 284 3596 ni'hilo
301 3518 377 3551 nihil
395 3518 463 3551 fieri
474 3521 507 3552 et
523 3519 555 3552 in
569 3529 676 3553 rerum
689 3524 806 3554 natura
824 3531 888 3554 non
912 3531 1012 3554 unum
1028 3522 1169 3563 reperiri,
1185 3523 1240 3555 sed

187 3573 206 3604 p
220 3573 292 3598 ura.

1303 851 1497 894 ἐγχανὸμενα
1510 851 1542 883 δὲ
1557 851 1701 894 ἔχοντες,
1725 852 1899 894 ἀμφοτέρας
1924 852 1986 893 (vel
2009 853 2206 896 ἀμφοτέρων)
2220 854 2275 892 τὰς
2289 856 2370 888 ὑπο·

1301 901 1409 943 λήψεις
1427 899 1542 936 ταύτας
1557 900 1611 931 καὶ
1626 902 1669 937 ὡς
1693 901 1732 932 ἂν
1749 900 1787 932 οὐ
1797 901 1881 941 γένοι
1903 900 2031 941 (deinde
2048 910 2114 934 una
2127 902 2233 935 littera
2251 903 2370 945 deleta)

1302 959 1358 980 ταν
1376 948 1498 988 (γένοιτ’
1509 947 1548 979 ἂν
1564 947 1693 988 scripsit
1709 946 1870 989 Olearius)
1887 947 1976 981 οὐδὲν
1989 948 2025 980 ἑκ
2048 950 2177 990 μηδενὸς
2191 950 2279 988 ὄντος
2292 954 2372 985 πο),-

1302 996 1341 1028 λά
1362 1007 1396 1028 τε
1411 996 1489 1037 (non
1500 995 1533 1027 δὲ
1545 995 1581 1027 ut
1598 995 1671 1027 vult
1684 994 1806 1035 olear.)
1823 996 1878 1028 καὶ
1893 996 2062 1038 κινούμενα
2076 998 2131 1039 μέν
2145 998 2212 1031 ἐστι
2229 1000 2269 1032 τὰ
2281 1001 2370 1042 ὄντα,

1303 1043 1416 1085 ἀμφοῖν
1430 1043 1464 1075 δὲ
1479 1043 1577 1083 πιστὴ
1592 1044 1709 1084 μᾶλλον
1726 1043 1818 1084 αὕτη,
1833 1044 1886 1076 καὶ
1904 1045 2015 1077 θᾶττον
2028 1046 2067 1078 ἂν
2089 1046 2236 1087 πρόοιντο
2257 1049 2370 1088 πάντες

1303 1091 1417 1129 ταύτην
1426 1091 1544 1129 ἐκείνης
1553 1091 1608 1130 τὴν
1622 1090 1727 1131 δόξαν,
1737 1091 1784 1124 sic
1794 1092 1923 1133 corrigo
1933 1105 1942 1125 e
1951 1094 1990 1125 Εἰ
1998 1093 2233 1137 δὲτυγχάνομεν
2247 1097 2371 1139 ἔχοντες

1303 1139 1476 1181 ἀμφοτέρας
1484 1139 1538 1176 τὰς
1547 1140 1719 1181 ὑπολήψεις
1727 1140 1853 1181 ταύτας,
1870 1142 1924 1173 καὶ
1936 1143 1978 1178 ὡς
1987 1142 2044 1174 οὐκ
2056 1142 2092 1174 ἂν
2105 1143 2226 1182 γε’νοιτο
2239 1145 2309 1178 οὐδὲ
2297 1147 2371 1178 ενὲκ

1305 1187 1449 1227 μηδενός,
1459 1187 1564 1223 καιὼς
1577 1188 1717 1219 ποὶὶάτε
1731 1188 1785 1219 καὶ
1799 1189 1927 1230 κινούμε
1928 1200 1966 1220 να
1975 1190 2031 1231 μέν
2040 1201 2105 1222 εστι
2114 1190 2356 1235 ταόντα,αμφο
2355 1206 2371 1226 ν

1303 1234 1336 1266 δὲ
1347 1236 1373 1266 εἰ
1383 1235 1481 1273 πιστὴ
1492 1236 1608 1276 μᾶλὶον
1623 1234 1702 1273 αὕτη
1714 1235 1764 1267 δός
1754 1247 1806 1274 ἵει,
1819 1237 1956 1268 Θᾶττον“
1941 1247 1980 1268 αν
1988 1236 2158 1277 πρόσοιντο
2171 1239 2226 1270 πά
2227 1251 2286 1277 ντες
2299 1242 2371 1274 ταὺ-

1302 1293 1358 1320 την
1377 1282 1494 1320 ἐκείνης
1509 1282 1566 1320 τὴν
1583 1281 1682 1318 δόξαν.
1704 1282 1831 1320 Quodsi
1840 1282 1940 1322 sorte
1965 1285 2155 1325 utramque
2177 1287 2371 1326 opinionem

1304 1329 1483 1370 habemus,
1498 1338 1516 1362 e
1528 1329 1641 1362 nihilo
1658 1330 1751 1362 nihil
1764 1329 1850 1371 fieri
1868 1332 1902 1363 et
1919 1339 1960 1363 ea
1980 1340 2059 1373 quae
2074 1334 2159 1365 sunt
2172 1334 2289 1367 multa
2300 1344 2372 1369 esse

1303 1379 1411 1420 atque
1426 1379 1569 1417 moveri,
1593 1379 1782 1419 utriusque
1803 1386 1884 1410 vero
1903 1380 2079 1419 opinionis
2101 1381 2277 1421 posterior
2299 1381 2372 1419 Iiaec

1303 1426 1527 1458 verisimilior
1545 1427 1618 1458 visa
1625 1426 1759 1466 suerit,
1774 1427 1878 1458 citius
1894 1434 2013 1458 omnes
2032 1426 2127 1459 hanc
2143 1429 2199 1467 (ὡς
2221 1430 2324 1463 πολλά
2338 1443 2372 1463 τε

1303 1474 1356 1505 καὶ
1378 1472 1547 1515 κινούμενά
1567 1474 1634 1505 ἐστι
1652 1474 1692 1505 τὰ
1709 1472 1797 1514 ὄντα)
1815 1481 1923 1515 quam
1951 1474 2058 1506 ‘illam
2079 1475 2279 1516 probarint.
2324 1479 2373 1511 De

1303 1522 1468 1553 structura
1485 1522 1512 1553 εἰ
1540 1521 1804 1562 τυγχάνομεν-εἷ
1830 1520 2124 1564 δόξει-πρόσοιντο
2151 1523 2190 1555 ἂν
2209 1524 2253 1557 ci.
2276 1526 2372 1558 Bern—

1305 1569 1395 1601 hardi
1414 1571 1547 1609 syntax.
1570 1579 1598 1610 p.
1622 1572 1697 1602 386.

1346 1621 1396 1650 29.
1416 1618 1512 1649 ”Ωστ’
1535 1618 1628 1649 εἶκαὶ
1648 1616 1816 1658 συμὸπίνει
1834 1616 1974 1653 ἐναντίας
2001 1617 2080 1649 εἷναι
2104 1618 2159 1655 τὰς
2178 1619 2298 1661 φάσεις,
2318 1622 2372 1654 καὶ

1305 1666 1457 1697 ἀδύνατον
1471 1664 1631 1706 γίγνεσθαί
1646 1676 1675 1696 τι
1692 1665 1728 1696 ἐκ
1743 1664 1785 1705 μή
1804 1663 1891 1700 ὄντος
1908 1664 1962 1696 καὶ
1979 1664 2022 1705 μὴ
2037 1665 2138 1697 πολλὰ
2152 1666 2231 1699 εἶναι
2248 1668 2286 1700 τὰ
2299 1671 2374 1712 πρά-

1303 1724 1421 1754 γματα,
1438 1713 1599 1753 ἐλέγχοιτο
1613 1712 1668 1752 μὲν
1688 1720 1726 1743 αν
1739 1711 1793 1743 ὑπ’
1813 1711 1954 1749 ἀλλήλων
1970 1716 2081 1744 ταῦτα.
2128 1715 2175 1746 lta
2189 1714 2292 1748 codex
2316 1717 2371 1749 Li-

1304 1760 1449 1802 psiensis,
1465 1769 1482 1791 a
1496 1769 1561 1800 quo
1582 1760 1694 1800 reliqui
1720 1759 1751 1791 in
1777 1768 1816 1791 eo
1833 1760 1961 1791 tantum
1982 1759 2179 1801 discrepant,
2198 1763 2286 1803 quod
2313 1773 2372 1806 pro

1305 1808 1470 1849 συμῧαίνει
1482 1807 1620 1843 ἐναντίας
1634 1807 1787 1840 mendose
1802 1807 1920 1847 partim
1932 1807 2133 1848 συμὸαίνοιεν
2146 1809 2183 1841 ἄν
2199 1821 2243 1847 τις
2255 1812 2371 1852 partim

1304 1856 1502 1897 συμὸαίνειεν
1516 1856 1552 1887 ἄν
1565 1866 1611 1891 τις
1629 1858 1661 1887 et
1680 1864 1737 1896 pro
1751 1854 1860 1896 φάσεις
1874 1854 1982 1895 inepte
1999 1855 2105 1896 φύσεις
2122 1857 2289 1891 exhibent.
2309 1861 2371 1893 Sed

1304 1905 1413 1946 φάσεις
1430 1904 1495 1944 jam
1514 1905 1600 1935 recte
1616 1903 1773 1943 expressit
1787 1902 1980 1935 Felicianus.
2025 1905 2188 1937 Caeterum
2204 1905 2283 1939 olim
2300 1909 2373 1949 Syl-

1305 1951 1438 1991 burgius
1461 1951 1567 1991 ignota
1586 1950 1683 1982 etiam
1700 1952 1771 1982 tum
1803 1949 1979 1990 Lipsiensis
1999 1949 2074 1982 libri
2100 1953 2261 1994 scriptura
2278 1957 2373 1988 acute

1305 1999 1486 2039 conjecerat
1502 1997 1580 2030 ὥστ’
1594 1998 1621 2029 εἷ
1637 1998 1689 2029 καὶ
1705 1998 1898 2040 συμφήσειεν
1918 1997 1956 2029 ἄν
1967 2009 2024 2034 τις.
2070 1999 2165 2036 Quod
2180 2002 2255 2034 ante
2270 2003 2372 2035 πολλὰ

1305 2046 1382 2078 εἶναι
1399 2047 1515 2085 legitur
1543 2046 1585 2087 μὴ
1603 2045 1700 2077 deleri
1727 2046 1868 2087 oportet,
1889 2044 2049 2086 siqnidem
2076 2047 2216 2080 multum
2239 2048 2372 2083 interest

1304 2094 1387 2126 inter
1406 2093 1555 2126 ἀδύνατον
1572 2093 1674 2124 πολλὰ
1690 2092 1770 2124 εἶναι
1789 2095 1821 2124 et
1834 2092 1985 2124 ἀδύνατον
2015 2093 2058 2134 μή
2083 2094 2184 2126 πολλὰ
2207 2095 2286 2127 εἶναι
2314 2097 2371 2137 (cf.

1305 2142 1482 2172 Hermann.
1498 2140 1537 2172 ad
1550 2140 1656 2180 Viger.
1674 2148 1746 2181 pag.
1763 2142 1824 2173 798
1842 2148 1933 2180 seqq.
1951 2139 2002 2172 ed.
2016 2141 2047 2181 3)
2062 2150 2136 2181 quae
2147 2142 2261 2175 eodem
2274 2152 2370 2177 sensu

1304 2188 1367 2220 dici
1388 2188 1523 2230 putabat
1543 2187 1745 2229 Spaldingius
1765 2196 1795 2228 p.
1819 2190 1860 2220 35
1886 2187 1978 2227 adn.,
1997 2187 2071 2220 licet
2088 2188 2159 2229 ipse
2177 2190 2369 2230 particulam

1304 2245 1431 2269 servare
1452 2236 1566 2268 nollet.
1610 2235 1718 2268 Verba
1732 2235 1773 2267 τὰ
1798 2235 1969 2278 πράγματα
1996 2235 2116 2277 quibus
2146 2237 2239 2271 facile
2260 2247 2371 2274 carere

1304 2285 1407 2326 possis
1423 2284 1455 2316 in
1472 2284 1675 2325 glossematis
1689 2282 1906 2323 suspicionem
1927 2283 2057 2315 vocavit
2079 2284 2297 2327 Spaldingius,
2312 2292 2371 2320 aut

1304 2333 1384 2365 nihil
1401 2341 1514 2365 eorum
1528 2332 1600 2364 loco
1616 2332 1672 2363 aut
1689 2330 1729 2362 τὰ
1745 2331 1820 2362 ὄντα
1840 2330 2046 2363 scribendum
2064 2332 2260 2373 suspicatus.
2305 2336 2371 2368 Nos

1304 2380 1389 2412 idem
1404 2387 1586 2420 censemus,
1605 2379 1660 2411 sed
1679 2379 1809 2420 propter
1825 2378 2020 2419 exemplaris
2038 2379 2211 2420 Lipsiensis
2224 2383 2370 2415 auctori·

1304 2429 1405 2461 tatem
1433 2427 1514 2460 nihil
1539 2427 1592 2459 hic
1609 2426 1740 2458 demere
1761 2425 1831 2458 ausi
1855 2434 1981 2458 sumus.
2028 2428 2248 2468 opponuntur
2269 2430 2368 2463 etiam

1305 2476 1366 2507 hoc
1385 2475 1458 2507 loco
1473 2474 1539 2506 duo
1558 2474 1612 2506 illa
1631 2473 1760 2506 decreta
1776 2474 1860 2505 inter
1875 2482 1910 2506 se
1925 2476 2111 2514 pugnantia,
2129 2484 2204 2516 quae
2222 2477 2288 2517 jam
2309 2487 2366 2511 su-

1305 2532 1361 2564 pra
1372 2522 1718 2563 commemoravimus,
1739 2530 1879 2563 quorum
1902 2521 2008 2562 priore
2025 2522 2104 2554 nihil
2126 2532 2144 2555 e
2160 2524 2262 2557 nihilo
2280 2527 2368 2558 exsi-

1304 2573 1408 2611 stere,
1445 2569 1620 2610 posteriore
1637 2577 1746 2600 rerum
1779 2568 1954 2600 multitudo
1982 2569 2150 2601 statuitur.
2198 2572 2280 2603 Nam
2307 2572 2368 2606 nisi

1303 2625 1417 2650 unum
1434 2616 1661 2650 defenderetur
1676 2623 1758 2656 esse,
1791 2615 1926 2648 Eleatici
1954 2615 2136 2657 disciplinae
2158 2625 2226 2650 suae
2256 2622 2367 2662 caput,

1304 2673 1369 2706 quo
1383 2673 1448 2697 non
1461 2663 1551 2696 nasci
1568 2663 1749 2705 quidquam
1769 2671 1787 2695 e
1805 2663 1906 2695 nihilo
1920 2663 1983 2695 sibi
2002 2667 2239 2706 persuaserant,
2257 2668 2367 2700 statim

1304 2712 1444 2745 convelli
1466 2711 1694 2753 opinabantur.
1740 2710 1782 2743 At
1802 2710 1901 2752 hujus
1919 2710 2018 2744 libelli
2035 2712 2171 2754 scriptor
2194 2722 2315 2754 negans
2333 2724 2367 2747 se

1303 2761 1414 2793 videre
1445 2769 1504 2791 cur
1523 2759 1660 2791 alterum
1694 2759 1848 2800 placitum
1875 2759 1969 2792 alteri
1994 2760 2236 2801 praeterendum
2267 2763 2322 2802 sit,
2339 2763 2366 2795 si

1304 2810 1481 2847 utrumque
1499 2807 1734 2848 committatur,
1747 2807 1943 2839 eventurum
1954 2808 2118 2840 existimat
2134 2810 2172 2841 ut
2185 2817 2250 2841 non
2261 2810 2368 2851 priore

1302 2856 1482 2898 posterius,
1511 2856 1564 2887 cui
1593 2855 1824 2887 convenienter
1852 2855 1944 2896 plura
1973 2863 2042 2888 esse
2057 2855 2090 2887 in
2110 2865 2220 2889 rerum
2252 2858 2367 2890 natura

1302 2904 1478 2944 credimus,
1497 2903 1552 2936 sed
1574 2903 1749 2945 posteriore
1771 2903 1859 2944 prius
1884 2903 2045 2943 vincatur,
2063 2903 2094 2935 id
2120 2905 2208 2946 quod
2227 2905 2368 2939 maxime

1303 2961 1320 2984 e
1339 2951 1548 2992 sequentibus
1573 2951 1723 2983 efficitur.
1767 2952 1889 2983 Locum
1908 2951 2017 2983 autem
2045 2951 2094 2982 sic
2113 2952 2334 2985 convertimus
2355 2963 2363 2984 :

1306 3012 1320 3026 α
1343 3000 1546 3040 Quapropter
1575 2999 1601 3031 si
1627 3000 1659 3031 et
1678 2998 1758 3030 illud
1780 2998 1949 3038 contingit,
1978 2999 2015 3029 nt
2035 2998 2207 3030 contrariae
2236 2999 2300 3031 sint
2316 2999 2366 3031 hae

1305 3047 1542 3079 enuntiationes
1561 3048 1594 3079 et
1616 3046 1683 3079 tieri
1712 3045 1806 3078 simul
1827 3045 1951 3086 nequit,
1974 3045 2012 3076 ut
2030 3053 2048 3076 e
2062 3044 2162 3076 nihilo
2185 3045 2364 3087 quidquam

1304 3094 1427 3127 oriatur
1440 3103 1477 3126 ac
1492 3095 1645 3135 praeterea
1658 3095 1696 3126 ut
1711 3094 1825 3126 multae
1839 3101 1891 3126 res
1907 3092 1939 3124 in
1957 3092 2016 3124 hac
2030 3101 2138 3124 rerum
2156 3093 2366 3126 universitate

1302 3137 1378 3182 sint,
1397 3142 1534 3175 alterum
1551 3142 1667 3183 dogma
1683 3142 1784 3174 altero
1799 3139 2012 3181 redarguitur.
2030 3152 2047 3168 n

1344 3199 1374 3231 p.
1397 3193 1470 3230 975.
1491 3199 1525 3222 a.
1554 3194 1584 3222 3.
1605 3189 1712 3222 Verba
1731 3188 1810 3221 ἀλλὰ
1830 3188 1860 3220 τί
1885 3188 2001 3229 μᾶλλον
2016 3187 2115 3225 οὕτως
2131 3189 2168 3220 ἂν
2191 3188 2271 3230 ἔχοι,
2291 3197 2363 3230 qum

1304 3244 1322 3267 a
1342 3238 1564 3278 superioribus
1592 3236 1790 3278 sejungenda
1808 3239 1898 3276 sunt,
1925 3235 2138 3276 quaestionem
2169 3236 2334 3269 continent
2354 3249 2360 3266 :

1302 3284 1370 3316 Sed
1385 3293 1450 3317 cnr
1465 3287 1584 3326 potius
1614 3286 1683 3316 isto
1705 3283 1806 3316 modo
1830 3283 1879 3323 (ut
1907 3282 2038 3314 Eleatici
2059 3282 2187 3322 volunt)
2221 3282 2361 3315 decreta

1303 3333 1369 3364 illa
1385 3341 1420 3364 se
1435 3332 1614 3365 habeant?
1631 3332 1691 3364 hoc
1708 3333 1774 3372 est,
1793 3330 1957 3371 quomodo
1975 3330 2079 3362 ullum
2101 3330 2228 3371 pondus
2247 3329 2360 3361 habeat

1303 3380 1521 3413 Eleaticornm
1543 3381 1724 3412 sententia?
1769 3381 1806 3411 ln
1827 3379 1865 3410 iis
1881 3386 1955 3419 quae
1980 3377 2053 3409 huic
2069 3378 2239 3419 quaestioni
2262 3385 2359 3408 anue-

1303 3431 1434 3460 ciuntur
1449 3428 1526 3464 ἴσως
1539 3439 1573 3460 τε
1586 3429 1645 3460 κᾶν
1660 3429 1735 3469 φαίη
1747 3439 1791 3464 τις
1804 3427 1924 3462 τούτοις
1939 3426 2061 3458 ἐναντία
2071 3426 2241 3466 ,sorsilan
2254 3427 2361 3457 eliam

1303 3474 1357 3506 leis
1383 3476 1609 3515 (Eleaticornm
1635 3476 1734 3515 scitis)
1761 3475 1942 3507 contraria
1962 3473 2089 3514 aliquis
2113 3472 2358 3510 affirmaverit.

1301 3522 1395 3554 omisi
1410 3533 1443 3554 τε
1470 3523 1678 3564 particulam,
1708 3522 1803 3563 cujus
1826 3522 1895 3553 loco
1916 3519 2119 3560 Spaldingius
2136 3521 2194 3562 γὰρ
2216 3521 2360 3552 inserui·-

336 3566 554 3604 Quamohrem
582 3567 665 3600 duce
691 3568 845 3610 Lipsiensi
873 3569 996 3609 codice,
1013 3569 1068 3601 ubi
1099 3569 1237 3610 legitur:
1269 3574 1275 3596 1
1301 3571 1361 3602 rat.

2388 563 2460 598 975
