2612 3814
620 306 1297 368 PYTHAGOREORUM
1343 308 1976 372 PHILOSOPHORUM

1135 456 1464 517 RELIQUIAE.

259 754 285 780 1.
316 738 398 784 Τὼς
430 738 466 778 δὲ
492 737 607 789 νόμως
633 738 695 776 οὐκ
721 738 756 775 ἐν
782 735 953 788 οἰκήμασι
982 735 1042 775 καὶ
1063 736 1268 790 θυρώμασιν

207 802 334 851 ἕνῆμεν
361 800 435 846 δεῖ,
456 799 535 843 ἀλλ’
566 799 600 835 ἐν
627 802 697 841 τοῖς
723 795 844 844 ἠθέεσι
873 799 941 835 τῶν
967 796 1266 847 πολιτευομένων.

204 857 269 903 Τίς
297 851 346 897 ὧν
384 857 479 911 ἀρχὰ
513 856 690 900 πολιτείας
717 855 881 903 ἁπάσας;
914 854 1000 894 νέων
1028 855 1155 909 τροφοί.
1215 857 1269 896 Οὐ

202 917 271 972 γὰρ
307 917 454 967 μήποκα
484 916 542 956 τὸν
573 915 709 969 καρπὸν
733 914 940 968 ὀνασιφόρον
969 915 1124 966 ἄμπελοι
1146 915 1270 968 γεννή·

203 994 321 1029 σοντι,
344 976 394 1029 μὴ
413 976 729 1030 φυτοτροφηθεῒσαι
751 975 880 1019 καλῶς·
905 976 978 1014 οὐδ’
997 973 1100 1014 ἵπποι
1121 975 1269 1026 μήποκα

202 1038 373 1090 γένωνται
402 1036 504 1075 καλοὶ
533 1034 778 1089 πωλοτροφίαν
812 1034 1015 1087 παρέντεσι.
1108 1034 1167 1075 Τὰ
1200 1034 1271 1107 γὰρ

202 1097 382 1145 νεόπηκτα
419 1098 488 1134 τῶν
523 1098 707 1133 σταιτῶν“
737 1095 893 1146 μάλιστα
923 1097 973 1147 τῷ
1005 1094 1179 1148 ἁψαμένῳ
1209 1095 1271 1133 καὶ

201 1157 430 1202 πλατιάζοντι
450 1157 569 1206 ὅμοιον
591 1155 630 1194 τὸ
643 1156 768 1207 σχῆμα
787 1153 976 1206 λαμὸάνει.
1035 1154 1120 1199 Τοῖς
1138 1154 1271 1207 ἀνθρώ-

199 1231 279 1260 ποις
297 1215 378 1269 περὶ
398 1213 459 1267 μὲν
477 1213 645 1266 ἀμπέλως
665 1216 739 1259 πῶς
753 1213 825 1267 χρὴ
846 1213 1033 1265 τμηθῆμέν
1053 1229 1092 1253 τε
1109 1214 1168 1253 καὶ
1191 1215 1272 1254 ἐπο-

203 1279 337 1328 φθῆμεν
360 1274 632 1330 πεφρονημένως
654 1273 748 1332 ἔχει,
775 1273 820 1313 τὰ
844 1275 873 1313 δ’
900 1274 959 1313 ε’πὶ
980 1276 1050 1313 τῶν
1075 1273 1270 1328 ἀνθρώπων

202 1335 290 1383 ἤθεα
309 1335 470 1387 ἀμελέως
488 1351 527 1374 τε
547 1334 608 1373 καὶ
629 1333 770 1379 εἰκαίως
785 1349 794 1358 ·
817 1333 880 1373 καί
898 1349 952 1372 τοι
973 1335 1038 1387 οὐχ
1065 1334 1087 1372 ἇ
1114 1334 1273 1385 ἄμπελος

203 1395 274 1433 οὐδ’
300 1396 318 1432 ὃ
353 1387 441 1438 οἶνος
466 1399 531 1438 τᾶς
554 1392 735 1438 πολιτείας
769 1391 914 1445 ἁγεμὼν
937 1394 1016 1432 ἀλλ’
1037 1397 1056 1433 ὃ
1092 1393 1272 1446 ἄνθρωπος

203 1453 264 1492 καὶ
284 1455 307 1493 ἆ
327 1453 425 1507 ψυχὰ
440 1455 490 1492 τῶ
512 1451 702 1506 ἀνθρώπω.
763 1453 836 1492 Καὶ
850 1456 901 1506 τῷ
923 1453 985 1504 μὲν
1001 1455 1098 1506 φυτῷ
1119 1453 1271 1505 πλῄονος

204 1511 377 1564 εἷώθαμες
398 1511 492 1557 ἄξιον
521 1512 842 1563 παρακαθιστάμεν
856 1542 867 1561 ,
891 1512 952 1551 καὶ
970 1512 1028 1551 τὸν
1050 1513 1269 1563 ἐπιμελησό-

205 1586 330 1622 μενον,
348 1573 386 1610 οὒ
405 1574 495 1624 μῇον
515 1570 538 1618 ἢ
558 1570 618 1610 δύο
645 1577 736 1620 μνᾶν
758 1570 875 1620 ἄξιον,
898 1577 969 1616 τοῖς
992 1571 1027 1611 δὲ
1045 1570 1135 1616 νέοις
1156 1571 1272 1610 Ἰλλυ-

206 1632 278 1684 ριὸν
299 1631 322 1678 ἢ
340 1632 470 1684 Θρᾷκα
486 1631 620 1674 οὐδενὸς
649 1630 760 1675 ἄξιον.
821 1633 868 1671 Οἱ
889 1631 920 1670 δ’
936 1631 969 1676 ἐξ
992 1632 1104 1684 ἀρχᾶς
1122 1632 1250 1682 νομοθέ
1253 1655 1271 1661 -

201 1710 261 1733 ται
279 1693 319 1732 τὸ
338 1693 437 1746 γένος
458 1696 527 1733 τῶν
561 1693 755 1747 ἀνθρώπων
788 1694 961 1744 στάσιμον
982 1696 1045 1733 οὐκ
1067 1694 1233 1733 ἐδύναντο
1255 1694 1271 1718 ¹³

202 1756 372 1805 ποιῆσαι,
393 1753 512 1793 κινάσι
537 1753 572 1792 δὲ
600 1759 708 1804 μονᾶς
725 1758 739 1776 ‘²
758 1754 821 1793 καὶ
840 1753 953 1799 τάξιος
972 1759 1269 1801 κεκοινωνηκυῖαν

202 1813 515 1868 παρακατέζευξαν
535 1812 686 1866 ὄρχησιν
717 1811 779 1852 καὶ
801 1812 951 1866 ῥυθμόν,
978 1812 1028 1850 ἔτι
1049 1812 1085 1852 δὲ
1105 1811 1271 1864 παιγνιὰς

201 1873 264 1918 τὰς
285 1873 348 1924 μὲν
369 1874 403 1918 ἐς
420 1872 603 1912 κοινωνίαν
617 1871 908 1925 προτρεπομένοις
923 1870 985 1916 τὰς
1005 1873 1034 1910 δ’
1054 1873 1086 1916 ἐς
1103 1871 1268 1910 ἀλάθειαν

203 1931 264 1971 καὶ
283 1931 434 1978 ὀξύτατα
454 1934 593 1985 ψυχᾶς·
623 1930 753 1981 ὁμοίως
778 1931 814 1970 δὲ
841 1931 903 1970 καὶ
929 1936 1000 1975 τοῖς
1022 1931 1090 1970 ὑπὸ
1111 1929 1264 1982 μέθας
1246 1947 1268 1977 η

143 2005 153 2014 ·
202 1993 412 2043 πλασμονᾶς
431 1989 564 2046 φαῦλόν
584 2006 617 2029 τι
636 1989 907 2045 καταπράξασιν
927 1991 985 2031 τὸν
1005 1989 1111 2029 αὐλὸν
1125 1990 1184 2029 καὶ
1201 1991 1266 2029 τὰν

204 2050 374 2122 ἁρμονίαν
400 2052 434 2095 ἐς
453 2050 518 2096 τὰς
541 2065 714 2094 συνωσιας
727 2048 987 2099 ι’κοιτέταξαη
1007 2049 1102 2094 ὅπως
1129 2065 1265 2089 πεπαι-

202 2111 346 2162 νόμενον
370 2110 410 2149 τὸ
431 2113 512 2158 ἠθος
533 2108 675 2149 δύναιτο
698 2113 1020 2158 κατακοσμεῖσθαι.

259 2169 459 2221 (Stobaeus
478 2169 824 2222 Flo1.XL111‚95
845 2169 1084 2224 Διωτογένους
1106 2172 1270 2222 Πυθαγο-

203 2228 294 2282 ρείου
316 2233 356 2270 ἐκ
372 2233 432 2269 τοῦ
458 2229 540 2282 περὶ
562 2230 757 2278 ὁσιότητος.
782 2234 797 2253 ⁴¹
826 2231 970 2283 scripsi
993 2231 1174 2278 νεόπηκτα
1198 2233 1267 2268 των

203 2291 352 2327 σταιτῶν
372 2303 445 2341 pro
464 2289 781 2329 membranarum
793 2290 964 2331 lectione
979 2290 1178 2343 νεόχρηστα
1198 2291 1267 2327 τῶν

203 2348 339 2388 σιτίων.
356 2347 373 2372 b
395 2350 512 2401 posui
536 2351 600 2388 οὐκ
620 2348 784 2389 ἐδύναντο
807 2353 956 2397 ποιῆσαι
983 2351 1129 2402 rejecta
1157 2349 1267 2388 codi-

1331 752 1417 777 cum
1441 739 1636 791 scriptura
1659 739 1725 779 οὐκ
1744 738 1786 779 ἂν
1804 740 1968 780 δύναιντο
1987 741 2149 788 Ξτοιῆσαι.
2175 745 2190 766 ⁰
2219 741 2339 781 κινάσι
2359 742 2397 782 δὲ

1332 804 1440 849 μονᾶς
1478 799 1665 838 Meinekii
1694 799 1922 851 conjectura
1948 808 2027 848 est;
2061 801 2216 841 codices
2248 801 2397 842 habent

1331 859 1485 903 κινάσιος
1509 858 1545 898 δὲ
1575 859 1700 909 μόνας.
1728 857 1942 905 demmin<
1970 859 2189 900 Meinekius
2207 860 2287 912 legi
2324 876 2398 902 vo-

1333 919 1430 969 luit;
1454 919 1616 963 συνέσιας
1635 928 1770 959 vetera
1785 921 2026 973 exemplaria
2045 923 2259 973 praebent.)

1390 992 1421 1020 2.
1444 979 1618 1024 Βασιλεύς
1637 980 1671 1019 κ’
1695 978 1749 1027 εἴη
1770 981 1789 1018 ὁ
1819 979 2060 1028 δικαιότατος,
2085 979 2306 1027 δικαιότατος
2323 980 2362 1021 δὲ
2380 982 2399 1020 ὃ

1332 1037 1595 1090 νομιμώτατος.
1652 1037 1756 1078 Ἄνευ
1783 1038 1848 1090 μὲν
1874 1038 1944 1092 γὰρ
1973 1039 2197 1084 δικαιοσύνας
2215 1040 2327 1085 οὐδεὶς
2355 1039 2398 1080 ἂν

1332 1098 1387 1147 εἴη
1412 1099 1594 1152 βασιλεύς,
1621 1099 1703 1138 ἄνευ
1725 1097 1762 1138 δὲ
1779 1098 1878 1151 νόμω
1900 1098 2118 1139 δικαιοσύνα.
2176 1098 2231 1140 Τὸ
2245 1098 2310 1152 μὲν
2329 1098 2400 1155 γὰρ

1333 1158 1505 1198 δίκαιον’
1490 1175 1526 1198 εν
1544 1161 1595 1212 τῷ
1615 1157 1713 1213 νόμῳ
1735 1159 1830 1207 ἐντί,
1849 1160 1867 1197 ὁ
1883 1158 1920 1197 δέ
1935 1173 1975 1212 γε
2001 1157 2105 1209 νόμος
2127 1157 2236 1204 αἴτιος
2267 1161 2318 1198 τῶ
2346 1160 2399 1198 δι·

1332 1219 1442 1266 καίω,
1465 1222 1483 1259 ὃ
1500 1218 1536 1257 δὲ
1553 1217 1762 1292 βασιλευς”
1739 1234 1818 1266 ητοι
1832 1218 1939 1269 νόμος
1954 1217 2113 1273 ἔμψυχός
2128 1219 2198 1257 ἐντι
2213 1217 2238 1267 ἢ
2250 1216 2400 1270 νόμιμος

1334 1279 1473 1336 ἄρχων·
1495 1278 1553 1317 διὰ
1573 1281 1674 1317 ταυτ’
1698 1294 1748 1317 ων
1764 1281 1783 1317 ὁ
1813 1277 2034 1323 δικαιότατος
2058 1277 2119 1316 καὶ
2135 1278 2398 1330 νομιμώτατος.

1331 1337 1449 1393 Ἔργα
1469 1338 1505 1377 δὲ
1528 1338 1702 1391 βασιλέως
1721 1337 1803 1391 τρία
1819 1338 1859 1378 τό
1879 1353 1916 1377 τε
1938 1337 2148 1412 στραταγὲν
2151 1337 2212 1376 καὶ
2233 1338 2400 1379 δικασπο-

1331 1399 1389 1439 λὲν
1409 1397 1470 1437 καὶ
1490 1397 1680 1451 θεραπεύεν
1701 1397 1803 1442 θεώς·
1818 1413 2014 1450 στραταγεν
2034 1397 2098 1465 μὲν
2121 1413 2171 1437 ων
2192 1399 2312 1443 καλῶς
2332 1399 2399 1437 δυ-

1333 1455 1493 1491 νασεῒται
1527 1452 1679 1503 πολεμὲν
1712 1452 1831 1496 καλῶς
1859 1451 2085 1502 ἐπισταθείς,
2112 1451 2326 1492 δικασπολὲν
2361 1450 2399 1491 δὲ

1332 1512 1393 1551 καὶ
1413 1511 1574 1550 διακούεν
1595 1511 1738 1551 πάντων
1760 1513 1829 1549 τῶν
1852 1510 1911 1549 ὑπ’
1932 1511 2038 1549 αὐτὸν
2059 1509 2163 1565 φύσιν
2191 1509 2319 1549 δικαίω
2335 1526 2398 1551 και

1332 1572 1431 1622 νόμω
1451 1573 1572 1616 καλως
1595 1571 1760 1624 ἐκμαθών
1775 1600 1786 1619 ,
1821 1570 2014 1625 θεραπεύεν
2036 1569 2073 1609 δὲ
2095 1569 2165 1614 τὼς
2186 1568 2272 1614 θεὼς
2299 1571 2398 1610 εὖσε·

1333 1632 1421 1676 ὅεως
1442 1631 1503 1670 καὶ
1537 1631 1641 1676 ὁσίως
1670 1631 1773 1684 φύσιν
1793 1632 1860 1669 θεῶ
1879 1646 1941 1669 και
1961 1630 2090 1684 ἀρετὰν
2111 1629 2397 1682 ἐκλογισάμενος.

1331 1691 1449 1732 “ssave
1471 1691 1610 1743 ἀνάγκα
1630 1691 1689 1732 τὸν
1709 1690 1842 1730 τέλειον
1862 1691 2013 1743 βασιλέα
2032 1689 2232 1743 στραταγόν
2254 1704 2292 1729 τε
2309 1692 2400 1741 ἀγα-

1333 1752 1390 1792 θὸν
1415 1755 1504 1804 ἠμεν
1525 1751 1587 1790 καὶ
1608 1750 1778 1790 δικαστᾶν
1806 1748 1867 1788 καὶ
1888 1749 1989 1803 ἱρέα·
2010 1753 2124 1788 ταῦτα
2144 1747 2212 1803 γὰρ
2231 1749 2292 1789 καὶ
2314 1749 2400 1790 ἀκό-

1331 1814 1439 1852 λουθα
1474 1811 1537 1851 καὶ
1569 1809 1752 1864 πρέποντά
1781 1810 1852 1848 ἕντι
1885 1807 2061 1862 βασιλέως
2093 1812 2253 1863 υπεροχᾷ
2270 1823 2311 1847 τε
2338 1807 2399 1847 καὶ

1335 1874 1457 1925 ἀρετᾷ.
1517 1869 1731 1924 Κυὸερνάτα
1754 1867 1818 1920 μὲν
1839 1884 1907 1921 γαρ
1923 1867 2022 1921 ἔργον
2042 1868 2114 1907 ἐντι
2141 1867 2205 1908 τὰν
2221 1870 2307 1907 ναῦν
2327 1866 2399 1907 σώ·

1331 1933 1411 1981 ζεν,
1435 1930 1569 1984 ἁνιόχω
1589 1929 1626 1968 δὲ
1659 1929 1701 1968 τὸ
1724 1927 1823 1983 ἅρμα
1836 1957 1847 1976 ,
1878 1929 1990 1981 ἷοιτρῶ
2018 1926 2056 1967 δὲ
2091 1926 2160 1973 τὼς
2194 1926 2398 1980 νοσίοντας,

1336 1991 1512 2044 βασιλέως
1528 1989 1564 2029 δὲ
1583 1988 1643 2028 καὶ
1659 2004 1849 2042 στραταγω
1863 1986 1934 2032 τὼς
1954 1989 1990 2026 ἐν
2015 1986 2164 2042 πολέμῳ
2183 1986 2398 2026 κινδυνεύον·

1330 2067 1405 2096 τας.
1462 2043 1512 2089 Ὦ
1543 2049 1613 2124 γὰρ
1654 2047 1802 2093 εκαστος
1847 2046 1992 2098 ἁγεμών
2043 2050 2114 2086 ἐντι
2151 2046 2399 2098 συστάματος,

1329 2110 1443 2150 τούτω
1462 2109 1523 2148 καὶ
1542 2107 1734 2151 ἐπιστάτας
1749 2106 1812 2146 και
1834 2105 2062 2159 δαμιουργός.
2121 2105 2196 2146 Καὶ
2217 2104 2289 2157 μὰν
2305 2105 2346 2145 τό
2359 2119 2399 2145 τε

1331 2166 1543 2208 δικασπολὲν
1561 2167 1622 2206 καὶ
1640 2166 1804 2218 διανέμεν
1826 2166 1866 2205 τὸ
1887 2166 2023 2205 δίκαιον
2035 2194 2046 2213 ,
2071 2164 2155 2218 ξυνᾷ
2172 2165 2236 2216 μὲν
2254 2165 2398 2204 καθόλω

1331 2228 1403 2282 ἰδία
1424 2227 1461 2266 δὲ
1479 2229 1559 2266 καθ’
1589 2226 1760 2276 ἕκαστον,
1781 2227 1900 2280 οἷκῇον
1930 2223 2147 2278 βασιλέως“
2122 2239 2243 2276 ωσπερ
2268 2224 2337 2262 θεῶ
2360 2223 2396 2262 ἓν

1331 2291 1382 2341 τῷ
1403 2287 1528 2360 κόσμῳ
1550 2302 1579 2324 ω
1598 2285 1742 2337 ἁγεμών
1761 2301 1800 2324 τε
1816 2285 1878 2324 καὶ
1898 2285 2099 2338 προστάτας
2117 2283 2208 2332 ἐντί,
2231 2283 2314 2336 ξυνᾷ
2331 2281 2396 2333 μὲν

1333 2350 1383 2386 τῶ
1403 2362 1486 2384 ποτι
1508 2345 1593 2397 μίαν
1613 2345 1727 2398 ἀρχάν
1744 2360 1782 2384 τε
1805 2344 1867 2383 καὶ
1888 2343 2080 2396 ἁγεμονίαν
2098 2343 2138 2381 τὸ
2159 2342 2238 2382 ὅλον
2266 2342 2397 2394 ξυναρ-

247 2489 275 2519 1.
301 2488 399 2527 Leges
415 2491 525 2519 autem
545 2496 610 2520 non
627 2488 780 2520 domibus
801 2490 835 2521 et
857 2489 966 2529 ostiis,
987 2488 1044 2521 sed
1065 2488 1190 2520 civium
1216 2488 1265 2519 in-

206 2545 308 2586 geniis
343 2546 482 2579 inclusas
514 2555 587 2580 esse
609 2548 749 2589 oportet.
797 2548 893 2587 Quod
915 2548 1010 2589 igitur
1031 2549 1080 2581 est
1107 2547 1269 2580 universae

204 2605 392 2646 reipublicae
416 2606 687 2640 fundamentum?
705 2607 967 2641 Adolescentium
995 2607 1158 2640 educatio.
1204 2609 1267 2640 Ne-

204 2674 267 2706 que
284 2665 374 2698 enim
393 2674 538 2706 unquam
559 2667 672 2700 utilem
690 2667 834 2701 fructum
852 2668 935 2701 vites
952 2668 1076 2709 ferent,
1096 2667 1157 2701 nisi
1185 2667 1268 2700 bene

203 2734 242 2758 ao
258 2724 425 2766 diligenter
443 2726 605 2766 excuitae,
635 2735 744 2769 neque
775 2728 850 2769 equi
879 2737 1025 2770 unquam
1052 2728 1168 2770 egregii
1191 2727 1272 2760 fient

205 2782 369 2824 pullorum
407 2784 634 2818 educationem
676 2788 924 2829 negligentibus.
979 2789 1137 2822 Recentes
1181 2787 1266 2820 enim

207 2851 322 2877 massae
345 2842 480 2876 triticeae
503 2845 549 2877 rei
574 2846 716 2886 tangenti
736 2847 940 2888 potissimum
961 2849 995 2881 et
1014 2847 1210 2890 percutienti
1225 2846 1266 2879 si-

203 2902 372 2935 millimam
390 2902 531 2944 speciem
549 2903 724 2945 accipiunt.
770 2906 928 2939 Homines
953 2906 1086 2948 quidem
1111 2906 1267 2948 quemad-

204 2961 339 2994 modum
364 2961 448 2994 vites
469 2962 576 3004 putari
611 2965 645 2995 et
669 2964 775 2996 curari
799 2967 948 3006 oporteat
980 2965 1267 3006 animadvertunt,

203 3030 309 3063 eoque
324 3021 434 3054 studia
451 3030 510 3054 sua
527 3022 719 3063 conserunt,
734 3023 938 3064 ingeniorum
953 3034 1031 3058 vero
1046 3026 1266 3058 humanorum

203 3081 309 3114 cultus
324 3081 498 3122 negligitur
515 3090 555 3114 ao
568 3083 692 3115 temere
715 3084 876 3116 tractatur
896 3093 904 3113 ε
923 3085 1076 3126 quamvis
1098 3094 1205 3127 neque
1222 3086 1266 3118 vi-

203 3140 245 3172 tis
259 3148 365 3181 neque
384 3140 496 3173 vinum
517 3141 686 3174 civitatem
706 3144 840 3183 regant,
860 3143 916 3176 sed
938 3144 1039 3178 homo
1067 3147 1101 3178 et
1128 3145 1267 3178 hominis

203 3201 342 3235 animus.
388 3202 488 3244 Atqui
508 3203 628 3244 plantis
645 3203 778 3245 quidem
806 3204 985 3246 digniorem
1005 3215 1194 3249 praeponere
1212 3216 1266 3240 so-

203 3261 307 3293 iemus
319 3285 328 3301 ,
343 3263 376 3293 et
392 3270 467 3294 eum
484 3262 540 3303 qui
556 3271 668 3295 earum
689 3271 802 3296 curam
819 3266 908 3305 geret
930 3274 994 3297 non
1012 3266 1147 3299 minoris
1167 3276 1265 3308 quam

202 3318 329 3352 duabus
343 3320 439 3352 minis
454 3321 653 3354 conductum
666 3347 675 3364 ,
691 3322 800 3364 pueris
818 3332 895 3356 vero
913 3324 1062 3365 illyrium
1078 3327 1264 3366 'quempiam

203 3376 253 3409 vel
270 3376 430 3410 Thracem
447 3378 569 3412 nullius
582 3380 674 3421 pretii
690 3380 869 3414 hominem.
931 3384 1029 3414 Porro
1045 3382 1140 3423 primi
1155 3383 1264 3423 legum

206 3436 320 3470 latores
337 3438 450 3471 stabiie
477 3438 647 3472 hominum
665 3449 766 3482 genus
784 3441 913 3474 efficere
933 3451 998 3474 non
1014 3444 1183 3484 poterant,
1202 3443 1258 3476 sed

202 3495 304 3529 motui
327 3496 449 3538 quietis
469 3501 501 3532 et
516 3499 640 3533 ordinis
665 3501 856 3544 participem
875 3502 1097 3543 adjunxerunt
1114 3503 1262 3536 saltatio-

1332 2495 1407 2519 nem
1430 2486 1463 2518 et
1482 2485 1672 2526 rhythmum
1685 2509 1694 2524 ,
1716 2485 1849 2525 insuper
1864 2482 1960 2515 ludos
1974 2483 2030 2524 qui
2053 2482 2170 2524 partim
2186 2481 2226 2514 ad
2243 2490 2398 2514 commu·

1331 2545 1462 2578 nionem
1483 2545 1681 2583 excitarent,
1716 2544 1835 2585 partim
1870 2542 1910 2575 ad
1933 2551 2046 2575 verum
2073 2540 2334 2583 cognoscendum
2361 2542 2399 2574 et

1331 2606 1516 2638 acuendum
1534 2604 1703 2645 ingenium
1720 2602 1906 2636 conterrent
1937 2611 1946 2634 ε
1965 2602 2113 2635 similiter
2138 2601 2236 2635 etiam
2258 2600 2320 2642 iis,
2339 2599 2398 2642 qui

1332 2667 1487 2700 ebrietate
1507 2669 1540 2699 et
1560 2665 1710 2698 satietate
1729 2664 1856 2697 inducti
1883 2663 2007 2706 aliquid
2029 2663 2106 2696 mali
2134 2660 2397 2702 commisissent,

1332 2727 1446 2760 tibiam
1465 2727 1500 2760 et
1520 2725 1726 2759 harmoniam
1746 2724 1786 2757 ad
1804 2723 1941 2757 tuendos
1958 2723 2128 2756 hominum
2142 2723 2250 2755 coetus
2266 2730 2397 2755 nocom-

1332 2786 1506 2819 modarunt
1517 2811 1526 2827 ‚
1550 2787 1588 2819 ut
1603 2785 1752 2827 mitigata
1773 2784 1901 2826 ingenia
1917 2783 1959 2816 ad
1977 2783 2181 2816 honestatem
2199 2781 2396 2824 conformari

1331 2847 1472 2888 possent.

1374 2910 1410 2939 2:
1430 2908 1501 2939 Rex
1517 2905 1571 2939 ille
1590 2904 1687 2937 fuerit
1707 2904 1763 2946 qui
1775 2903 1976 2945 justissimus
1990 2903 2057 2943 est,
2075 2901 2271 2942 justissimus
2286 2901 2396 2933 autem

1332 2965 1389 3007 qui
1411 2966 1517 3006 legum
1541 2963 1863 2997 observantissimus.
1909 2964 1991 2996 Nam
2011 2962 2081 2995 sine
2100 2960 2227 3002 justitia
2251 2968 2306 2992 rex
2325 2967 2397 2993 esse

1330 3027 1439 3060 nullus
1458 3027 1579 3068 possit,
1605 3035 1711 3068 neque
1728 3025 1798 3058 sine
1817 3025 1887 3065 lege
1912 3023 2051 3065 justitia.
2096 3022 2232 3055 Justum
2251 3020 2337 3053 enim
2363 3020 2397 3054 in

1331 3086 1399 3128 lege
1417 3076 1578 3127 cernitur‚'
1590 3094 1665 3127 quae
1682 3085 1760 3125 justi
1781 3087 1832 3117 est
1853 3092 1952 3116 causa
1965 3107 1976 3124 ‚
1998 3091 2056 3115 rex
2073 3082 2183 3114 autem
2201 3081 2254 3113 vel
2273 3080 2325 3114 lex
2346 3081 2398 3114 est

1329 3145 1471 3178 animata
1503 3145 1554 3178 vei
1589 3144 1753 3184 legitimus
1789 3143 1938 3185 princeps
1967 3141 2107 3182 ideoque
2134 3139 2335 3181 justissimus
2363 3142 2398 3173 et

1330 3207 1438 3249 legum
1458 3206 1780 3239 observantissimus.
1827 3205 1912 3238 Sunt
1941 3203 2051 3236 autem
2070 3203 2133 3235 tria
2158 3202 2244 3244 regis
2265 3200 2395 3241 officia,

1328 3266 1510 3300 exercitum
1528 3266 1670 3306 ducere,
1696 3264 1818 3306 judicia
1837 3262 2065 3296 administrare
2089 3263 2122 3295 et
2147 3262 2224 3295 deos
2250 3261 2358 3294 colere
2383 3269 2394 3293 ε

1328 3328 1427 3368 atque
1453 3326 1635 3359 exercitum
1657 3324 1789 3367 quidem
1806 3324 1895 3357 recte
1916 3322 2037 3356 ducere
2054 3321 2194 3365 poterit,
2216 3321 2244 3354 si
2263 3320 2391 3353 bellum

1328 3394 1437 3427 gerere
1463 3385 1524 3418 rite
1557 3384 1710 3426 seiverit,
1731 3383 1852 3425 iudicia
1878 3391 1955 3416 vero
1981 3382 2209 3415 administrare
2238 3380 2394 3421 civesque

1327 3454 1404 3478 suos
1421 3453 1534 3478 omnes
1546 3444 1657 3477 andire
1667 3468 1678 3485 ‚
1696 3443 1722 3477 si
1737 3443 1820 3485 iuris
1838 3444 1872 3475 et
1890 3442 1970 3483 legis
1982 3443 2133 3475 naturam
2151 3439 2254 3482 probe
2269 3439 2390 3471 didice-

1330 3505 1391 3546 rit,
1415 3505 1492 3538 deos
1512 3504 1653 3546 denique
1669 3503 1720 3546 pie
1737 3504 1770 3537 et
1784 3505 1895 3536 sancte
1907 3501 2015 3536 colere
2026 3525 2036 3542 ,
2051 3500 2079 3534 si
2106 3499 2159 3534 dei
2180 3499 2334 3533 naturam
2356 3500 2388 3530 et

1259 3567 1331 3602 532

2599 2903 2612 2940 ΔΞ

2596 2955 2612 2987 *Ξ

2595 3174 2612 3228 Ξ

2591 3248 2612 3282 2⁴:

2597 3471 2612 3541 ztan.
2596 3332 2612 3460 asacfflss
2606 3299 2608 3302 v
