2612 3814
267 267 343 303 538
1121 252 1599 295 PYTHAGOREORUM

268 347 431 403 βασιλεὺς
452 346 512 387 καὶ
533 345 604 385 ἔντι
618 375 629 394 ,
651 345 783 384 ταύταν
806 345 897 398 ἔχων
929 344 1047 395 φιλίαν
1067 359 1105 382 τε
1125 344 1187 383 καὶ
1208 359 1332 382 κοινω·

268 410 343 448 νίαν
364 407 445 447 ποτὶ
466 406 534 451 τὼς
551 407 611 445 ὑπ’
634 403 821 452 αὔταυτον,
842 403 952 456 ἄνπερ
970 406 988 442 ὁ
1008 403 1081 448 θεὸς
1097 403 1171 456 ἔχει
1196 403 1278 443 ποτί
1295 418 1332 441 τε

270 468 327 506 τὸν
347 467 479 518 κόσμον
511 464 573 504 καὶ
601 463 646 503 τὰ
676 466 711 503 ἐν
742 465 853 517 αὐτῷ.
912 461 1031 502 υΟλαν
1061 462 1097 501 δὲ
1114 463 1178 501 τὰν
1202 462 1336 501 εὔνοιαν

269 525 338 578 χρὴ
362 523 692 577 παρασκευάζεσθαι
712 529 846 575 πρᾶτον
874 521 937 572 μὲν
967 521 1066 574 παρὰ
1089 524 1138 560 τῶ
1165 522 1337 574 βασιλέως

271 587 304 629 ἒς
320 584 388 630 τὼς
407 583 708 636 βασιλευομένως,
730 583 887 635 δεύτερον
911 581 946 620 δὲ
962 580 1062 635 παρὰ
1089 582 1200 620 τῶνδε
1224 582 1258 624 ἐς
1278 580 1337 619 τὸν

275 642 443 697 βασιλέα,
475 642 578 682 ὁποία
602 647 617 666 V
634 641 839 695 γεννάτορος
858 640 939 680 ποτὶ
959 641 1037 679 υἱέα
1068 640 1128 679 καὶ
1149 639 1231 679 ποτὶ
1253 638 1337 678 ποί-

273 719 363 755 μναν
383 702 515 753 νομέως
541 702 601 741 καὶ
620 701 718 752 νόμω
735 701 815 739 ποτὶ
835 700 1030 753 χρωμένως
1050 702 1160 753 αὐτῷ.

327 762 518 816 (Stobaeus
540 761 638 800 Flor.
656 760 839 809 XLVIII,
862 761 911 805 64
937 758 1136 812 Ἐκφάντου
1169 763 1229 798 τοῦ
1259 759 1338 797 Πυ-

270 823 452 876 θαγορείου
470 824 510 861 ἐκ
530 825 590 860 τοῦ
611 821 690 873 περὶ
721 818 915 873 βασιλείας.
933 818 1098 858 Correxi
1118 824 1132 842 ³
1147 824 1193 872 τᾷ
1211 817 1337 870 ἀρίστα

273 899 309 922 τε
332 882 408 933 ἅμα
432 882 493 920 καὶ
522 879 700 934 ἀναγκαίᾳ
721 878 929 931 ἀκολουθίας
954 878 1072 918 codd.
1094 878 1158 918 τὰν
1189 877 1337 931 ἀρίσταν

274 958 312 980 τε
333 941 409 992 ἅμα
437 940 497 978 καὶ
527 939 723 991 ἀναγκαίαν
757 937 980 977 ἀκολουθίαν.
1015 936 1032 961 ¹³
1058 936 1337 991 περιοχεομένα;

274 1001 389 1039 codd.
409 998 723 1052 περιαυγευόμενα.
742 1002 756 1020 ⁰
769 995 1049 1050 rtpoe'xsqlibb.
1064 995 1218 1049 ἐξάρχει.
1237 994 1253 1019 ‘¹
1270 999 1340 1034 θει-

274 1060 398 1098 ότατον
435 1058 495 1097 καὶ
532 1058 665 1110 ἔγγειον
700 1070 786 1096 cum
820 1056 1055 1108 Spondano3
1101 1057 1338 1094 membranae

261 1119 487 1159 οἰκειότατον
525 1119 559 1157 ἐν
599 1119 725 1168 γενοῖν.
760 1115 920 1168 θέχοντα
958 1114 1056 1162 ἥλιός
1085 1116 1155 1154 ἐντι
1191 1114 1252 1154 καὶ
1281 1130 1338 1154 σε-

275 1179 366 1218 λάνα
394 1179 454 1218 καὶ
483 1177 536 1217 τοὶ
563 1177 760 1224 πλάνατες;
788 1175 885 1214 libri
915 1173 1042 1228 ἔχοντα
1071 1174 1319 1221 ἀσπάζεται...

275 1255 335 1278 και
365 1239 418 1279 τοὶ
443 1240 634 1283 πλανᾶτες.
650 1236 662 1261 ¹
688 1236 824 1290 ἔνερθεν
856 1235 950 1274 κατὰ
978 1234 1041 1284 τὰ;
1077 1234 1173 1274 libri
1189 1235 1338 1296 ἔνερθεν

275 1299 333 1340 τὰ.
358 1303 376 1329 ⁸
413 1298 484 1338 ἐντὶ
519 1291 576 1337 οἶα
617 1296 725 1342 τύπος
747 1309 836 1335 cum
864 1295 1082 1344 Meineki03
1111 1297 1146 1335 ἐν
1172 1288 1221 1339 οἷς
1250 1310 1340 1338 τινος

275 1359 394 1399 codd.
429 1357 448 1382 ¹¹
489 1357 548 1397 ἐπὶ
588 1372 691 1396 τουτο
744 1369 831 1395 cum
844 1355 1080 1454 AJacobsi03
1118 1354 1176 1394 ἐπι
1226 1353 1339 1407 τούτῳ

275 1416 391 1456 codd.
411 1415 421 1440 ¹
447 1414 651 1467 δυναμένοις
671 1415 777 1468 αυτᾷ.
844 1414 962 1465 Αμὲν
986 1417 1035 1453 ὠν
1065 1413 1220 1466 βασιληα
1250 1427 1338 1452 cum

277 1475 496 1515 Meinekio·
488 1505 498 1524 ,
518 1473 730 1525 δυναμέναν.
762 1471 862 1513 Αὗτὰ
889 1466 999 1524 μὲν
973 1489 1021 1511 ων
1044 1472 1201 1526 βασιλῄα
1224 1472 1336 1511 codd.

280 1534 449 1583 Κὲαυτὶῗη
472 1534 583 1573 codd.
599 1532 655 1586 ὑφ’
675 1534 782 1571 αὖτω.
805 1531 1115 1581 Ιε’πίστασθοιί”ι·ε;
1130 1532 1242 1571 codd.
1261 1532 1341 1570 ἐπι-

277 1593 410 1644 στάμεν
445 1609 495 1633 τε.
532 1597 560 1615 ¹¹¹
582 1592 654 1645 ὅσῳ
678 1607 715 1630 τε
751 1591 870 1645 ἅτεροι
895 1606 983 1630 cum
1014 1592 1182 1640 Koeni03
1210 1590 1276 1630 ὅσα
1303 1607 1342 1630 τε

277 1653 388 1706 ἅτερα
411 1653 524 1691 codd.
543 1657 561 1676 ¹¹
582 1653 613 1690 οἳ
634 1653 665 1691 δ’
688 1650 770 1690 αἴκα
800 1654 851 1690 τῶ
871 1651 1077 1704 κρέσσονος;
1103 1651 1218 1692 codd.
1249 1653 1280 1690 οἳ
1310 1651 1339 1690 δ’

279 1712 311 1752 εἴ
327 1729 362 1752 τι
381 1715 432 1752 τῶ
450 1711 650 1766 κρέσσονας.
679 1721 697 1740 o
714 1711 869 1759 δέοντες;
897 1711 1011 1750 codd.
1046 1711 1196 1756 δέοντος.
1228 1714 1245 1739 ⁹
1276 1712 1344 1762 ἀμ·

277 1771 482 1820 πλάκωντι;
531 1772 645 1812 codd.
683 1771 945 1821 ἀμπλακόντες.
1040 1770 1182 1822 αὐτοὺς
1222 1771 1338 1810 codd.

278 1833 325 1872 οἵ.
347 1835 362 1855 ¹*
391 1830 491 1883 παρὰ
524 1833 613 1880 θεῶ;
636 1831 752 1871 codd.
782 1833 864 1884 θεῷ.
897 1836 910 1854 ⁵
942 1829 1100 1884 ἅτέρων;
1134 1830 1246 1870 codd.
1269 1830 1343 1869 ἑτέ-

282 1906 363 1945 ρων.
394 1891 504 1930 ‘dn'
542 1890 661 1936 ἄλλοις
694 1890 834 1930 ἅπαντα
870 1894 1118 1943 συμπονοῦσαι
1146 1892 1197 1944 τῷ
1229 1892 1344 1930 αὑτῶν

232 1980 234 1983 -
281 1954 482 2004 ὑστεροῦντι
498 1953 682 1989 ποιοῦνται
701 1949 820 1989 κοινὰν
837 1948 901 1989 τὰν
932 1949 1111 2003 βοήθῃαν;
1130 1950 1246 1991 codd.
1264 1951 1343 1990 ἀλλ’

279 2010 398 2049 ἄλλων
422 2010 496 2061 (vel
519 2009 694 2062 ἀλλάλων)
714 2012 887 2048 καθανοῧν
906 2010 1131 2062 ἔκπορεῧντες
1150 2012 1218 2048 τῶν
1241 2011 1344 2049 ὑστε-

282 2069 435 2121 ρούντων
464 2070 725 2122 ἀναπλαροῦντι
745 2068 866 2108 κοινὰν
886 2068 950 2107 τὰν
988 2068 1159 2123 βοήθῃαν.
1178 2075 1196 2094 ¹¹
1230 2069 1341 2119 αὖτό;

282 2128 376 2168 libri
395 2127 495 2168 αὐτό.
516 2132 530 2151 v
548 2127 672 2178 ὁποία;
689 2128 806 2169 codd.
825 2128 958 2178 ὁποῖα.)

1451 355 1482 382 7.
1513 341 1591 381 Μία
1616 341 1685 394 γὰρ
1718 341 1827 394 ἀρετὰ
1845 341 1933 395 πρὸς
1961 342 2002 381 τὸ
2024 340 2133 396 ἄρχεν
2167 342 2341 396 ἀνθρώπῳ
2360 348 2377 368 ¹
2398 345 2461 385 καὶ

1398 399 1483 453 πρὸς
1502 400 1560 439 τὸν
1577 401 1672 439 αὑτῶ
1695 399 1786 452 βίον.
1845 400 2027 454 Χρήσεται
2056 401 2086 440 δ’
2108 402 2221 441 οὐδενὶ
2236 401 2252 425 b
2268 403 2313 441 δι’
2326 401 2461 443 ἔνδειαν

1398 458 1676 509 ποτιλαμὸάνων
1697 460 1744 503 εἷς
1765 459 1960 512 ὑπηρεσίαν
1978 461 2042 500 τὰν
2065 461 2168 506 αὐτὸς
2185 462 2305 513 αὐτῶ,
2323 463 2403 502 ἀλλ’
2416 465 2463 508 ὡς

1399 517 1492 558 κατὰ
1523 518 1625 572 φύσιν
1668 519 1818 571 ἐνεργῶν
1836 524 1850 542 ⁰
1870 534 1879 543 ·
1901 520 2083 566 κοινωνίας
2115 520 2183 574 γὰρ
2218 520 2326 565 ἐάσας
2363 521 2462 561 οὐδὲν

1399 578 1545 618 ἔλαττον
1569 577 1717 623 ἕκαστος
1736 579 1920 632 αὐτάρκως
1937 579 2058 632 βιώσει
2076 583 2156 620 καθ’
2179 579 2299 621 αὑτόν.
2359 583 2467 621 Δοκεῖ

1401 638 1464 691 μὲν
1499 639 1567 693 γὰρ
1600 641 1618 677 ὁ
1643 638 1820 692 αὐτάρκης
1841 639 1988 691 μηδενὸς
2015 639 2058 679 ἂν
2097 640 2195 679 ἄλλω
2215 640 2302 693 πρός
2331 656 2372 693 γε
2401 641 2465 680 τὰν

1403 699 1499 736 αὑτῶ
1529 696 1746 750 διεξαγωγὰν
1775 698 2067 746 ποτιδεήσεσθαι·
2087 701 2123 739 αἷ
2153 701 2182 739 δ’
2204 699 2274 753 ἄρα
2309 701 2362 739 δεῖ
2391 700 2466 753 βίον

1399 756 1540 810 ἐνεργέα
1573 756 1673 808 ζώεν,
1709 758 1813 797 δᾶλον
1843 759 1890 802 ὡς
1910 758 1976 796 κᾶν
2004 759 2040 797 αἶ
2072 758 2179 811 ἅτερα
2213 758 2466 812 προσλάὸοιᾶ,

1399 817 1497 855 οὐδέν
1519 832 1551 854 τι
1569 816 1714 856 ἔλαττον
1735 816 1840 857 αὐτὸν
1861 817 2041 870 αὐτάρκεα
2057 818 2209 866 ποιήσει·
2225 818 2332 872 φίλως
2345 835 2382 859 τε
2398 818 2468 873 γὰρ

1399 875 1469 920 ἕξει
1488 876 1545 914 διὰ
1563 876 1626 914 τὰν
1642 877 1737 914 αὑτῶ
1757 876 1901 929 ἀρετάν,
1919 876 1981 916 καὶ
2000 877 2116 916 τοῖσδε
2132 876 2313 930 χρώμενος
2329 879 2367 917 οὗ
2384 881 2466 918 κατ’

1400 934 1512 974 ἄλλαν
1535 935 1662 988 ἀρετὰν
1683 934 1858 988 χρήσεται
1878 935 1900 983 ἢ
1921 930 2012 990 ᾇπερ
2032 936 2093 976 καὶ
2115 937 2244 976 ποττὸν
2263 936 2359 976 αὑτῶ
2374 938 2465 991 βίον.

1399 994 1552 1047 Ἀνάγκα
1574 994 1610 1033 δὲ
1630 994 1816 1034 ἀκολουθὲν
1833 995 1895 1034 καὶ
1912 995 1957 1035 τὰ
1976 995 2114 1044 τοιάδε,
2137 997 2204 1049 οὗχ
2224 996 2350 1050 ἆτέρας
2377 997 2468 1043 τινὸς

1399 1052 1566 1106 ἐξαιρέτω
1584 1057 1764 1092 ποτταῦτα
1784 1055 2121 1107 παρεσκευασμένας
2140 1059 2170 1093 ².
2216 1057 2280 1096 Χῶ
2303 1054 2366 1107 μὲν
2394 1057 2470 1102 θεὸς

1400 1111 1479 1152 οὔτε
1511 1112 1719 1157 διακόνως”
1700 1128 1794 1166 εχων
1822 1113 1903 1153 οὔτε
1931 1115 2109 1168 ὓπαρέτας
2139 1114 2212 1154 οὔτ’
2229 1109 2274 1155 αὗ
2299 1116 2471 1169 προστάξι

1402 1188 1469 1211 τινι
1488 1171 1669 1226 χρώμενος
1694 1173 1773 1212 ουδὲ
1805 1176 1986 1228 στεφανῶν
2007 1173 2029 1222 ἢ
2053 1173 2274 1228 ἀναγορεύων
2294 1174 2362 1221 τὼς
2389 1191 2471 1214 πει-

1402 1231 1558 1282 θομένως
1589 1231 1612 1279 ἢ
1646 1232 1825 1283 ἀτιμάζων
1859 1232 1927 1278 τὼς
1961 1233 2204 1283 ἀπειθέοντας,
2236 1227 2335 1279 οὗτος
2367 1234 2472 1280 αὐτὸς

1403 1292 1506 1344 ἄρχει
1524 1290 1607 1331 ποτὶ
1626 1291 1767 1330 τοσόνδε
1785 1291 1929 1343 μέγεθος
1947 1295 2078 1346 ἀρχᾶς,
2096 1294 2175 1332 ἀλλ’
2181 1286 2285 1344 οἶμαι
2300 1293 2471 1347 παρέχων

1404 1350 1636 1403 ἀξιομίματον
1655 1350 1782 1391 ἑωυτὸν
1801 1353 1904 1397 ζᾶλον
1923 1353 2076 1400 εντίθητι
2096 1359 2186 1392 πᾶσι
2206 1359 2269 1398 τᾶς
2289 1355 2386 1392 αὑτῶ
2407 1353 2471 1408 φύ-

1403 1426 1488 1482 σιος.
1547 1406 1651 1450 Ἔντι
1672 1410 1709 1449 δὲ
1730 1411 1833 1456 αὐτὸς
1854 1410 1918 1463 μὲν
1935 1412 2086 1465 ἀγαθός,
2110 1413 2171 1452 καὶ
2193 1413 2270 1452 τόδε
2284 1412 2407 1484 ωμόνον
2433 1428 2472 1453 τε

1407 1485 1467 1508 και
1490 1468 1645 1523 ῥάδιον”
1626 1484 1724 1523 εργον
1752 1470 1867 1509 αὐτῶ·
1886 1472 1918 1510 οἱ
1950 1470 1986 1510 δὲ
2020 1471 2232 1523 μιμεύμενοι
2260 1470 2329 1512 τῶν
2353 1471 2472 1521 ἄλλων

1402 1528 1549 1580 κρέσσον
1573 1530 1663 1567 τῶδε
1695 1529 1814 1569 πάντα
1847 1530 2071 1583 ἐργάζονται·
2093 1531 2162 1569 ἁ
2144 1530 2180 1570 οὲ
2213 1532 2381 1583 ὁμοίωσις
2410 1547 2473 1570 και

1403 1588 1542 1641 ἑκάστῳ
1562 1588 1682 1627 τῶδεῐ
1702 1587 1872 1643 αὔταρκές
1896 1591 1986 1628 ἐντι
2007 1592 2047 1629 οὗ
2066 1591 2137 1644 γὰρ
2158 1591 2250 1630 ἄλλα
2279 1590 2342 1642 μὲν
2363 1591 2472 1645 ἀρετὰ

1404 1654 1498 1687 ποιεῖ
1527 1647 1572 1687 τὰ
1606 1648 1740 1703 ἀρεστὰ
1765 1651 1816 1703 τῷ
1850 1652 1938 1704 θεῷ,
1962 1650 2128 1702 μιμέεται
2160 1650 2190 1690 δ’
2209 1650 2315 1691 αὐτὸν
2345 1651 2469 1704 ἁτέρα,

1403 1708 1450 1748 Ὁ
1479 1710 1509 1747 δ’
1531 1708 1674 1762 ἐπίγῃος
1699 1712 1786 1763 παρ’
1809 1710 1892 1761 ἁμῖν
1914 1717 1933 1742 ⁸
1962 1710 2125 1764 βασιλεὺς
2153 1713 2229 1756 πῶς
2247 1713 2313 1765 οὐχ
2343 1711 2474 1764 ὁμοίως

1407 1771 1607 1824 αὖτάρκης;
1629 1771 1832 1818 ἀπεικάζων
1855 1787 1901 1825 τε,
1914 1771 1982 1825 γὰρ
2004 1772 2105 1812 αὖτὸν
2132 1771 2182 1811 ἑνὶ
2199 1771 2242 1812 ἂν
2268 1771 2474 1814 ἀπεικάσειε

1407 1832 1457 1884 τῷ
1478 1830 1677 1883 κρατίστῳ,
1697 1830 1758 1869 καὶ
1779 1830 1907 1875 πάντες
1934 1831 2072 1877 ἑωυτὼς
2091 1830 2110 1855 ¹¹
2129 1831 2344 1886 πειρώμενοι
2359 1834 2473 1888 τούτῳ

1406 1894 1548 1941 ὁμοιοῦν
1555 1890 1768 1967 Νβασιλικοὶῑ
1783 1890 1935 1932 ἔσονται·
1950 1890 1995 1931 τὰ
2011 1893 2042 1931 δ’
2061 1889 2127 1931 ὅσα
2147 1891 2227 1946 βίας
2242 1893 2303 1933 καὶ
2318 1893 2474 1948 ἀνάγκας

1407 1950 1478 1990 ἐντι
1495 1949 1512 1973 ¹¹
1531 1952 1601 1990 τῶν
1622 1951 1935 2002 ὑποτεταγμένων,
1955 1951 2066 1992 ἐνίοτε
2098 1952 2245 1993 ἕκαστον
2264 1956 2291 1984 ¹·
2300 1953 2365 1994 τὰν
2392 1954 2474 2008 περὶ

1406 2010 1470 2049 τὰν
1492 2009 1643 2062 μίμασιν
1661 2011 1896 2064 προθυμίαν’
1877 2012 2102 2065 αφαιρέεται·
2123 2013 2232 2088 χωρὶς
2252 2013 2387 2060 εὐνοίας
2403 2014 2473 2072 γὰρ

1408 2072 1591 2143 ἀμάχανον
1624 2070 1897 2123 ἐξομοιωθηναι,
1922 2072 1944 2110 ἃ
1965 2072 2137 2123 μάλιστα
2140 2074 2282 2113 πάντων
2315 2074 2475 2128 ἀφανίζει

1406 2130 1446 2170 τὸ
1464 2130 1623 2183 φοὸερόν.
1651 2130 1717 2175 εΩς
1731 2131 1799 2171 εἴθε
1817 2135 1859 2179 ἠν
1876 2138 1937 2175 τᾶς
1952 2132 2171 2185 ἀνθρωπίνας
2187 2131 2309 2185 φύσιος
2325 2133 2473 2172 δυνατὸν

267 2236 440 2278 Ιιὲιιειιιεήῑ
457 2254 466 2276 2
483 2244 604 2286 quippe
622 2243 693 2277 liaec
712 2243 843 2276 inferior
858 2247 908 2277 est
925 2253 1023 2285 quam
1045 2244 1155 2277 ‹.ivina
1171 2246 1288 2277 natura
1312 2248 1344 2277 et

281 2303 366 2345 regia
385 2313 394 2336 ι
412 2312 519 2345 neque
546 2302 633 2336 enim
662 2302 725 2336 iltae
755 2303 819 2336 tale
843 2303 923 2345 quid
949 2303 1154 2343 desiderant,
1173 2304 1231 2337 sed
1253 2304 1343 2337 labo-

280 2363 388 2396 rantes
404 2362 484 2395 alios
507 2362 540 2395 in
561 2362 652 2395 omni
679 2371 715 2395 re
731 2362 916 2403 adiuvando
941 2363 971 2396 ei
996 2363 1053 2404 qni
1077 2363 1221 2404 ipsarum
1247 2372 1344 2404 opera

279 2425 353 2463 eget
370 2431 545 2455 commune
562 2422 721 2454 auxilium
739 2420 871 2455 ierunt:
887 2422 1045 2455 nimirum
1060 2423 1180 2455 virtute
1195 2423 1345 2464 persectae

282 2482 360 2514 sunt
377 2490 386 2512 ε
411 2482 446 2514 at
474 2480 617 2514 civitatis
644 2481 785 2514 amicitia
822 2490 1029 2514 communem
1058 2481 1220 2523 quendam
1250 2482 1346 2514 finem

283 2541 435 2581 spectans
451 2540 550 2582 ipsius
567 2540 709 2574 universi
725 2541 932 2574 concordiam
951 2541 1098 2574 imitatur
1117 2554 1126 2575 ι
1145 2550 1260 2575 verum
1277 2542 1347 2575 sine

284 2599 533 2641 magistratuum
555 2599 787 2633 constitutione
806 2600 895 2634 nulla
917 2601 1051 2634 omnino
1075 2601 1189 2634 civitas
1208 2601 1364 2634 admini-⁴

285 2658 379 2692 strari
402 2659 526 2700 possit:
553 2658 594 2692 ad
610 2659 694 2692 hanc
713 2661 824 2693 autem
847 2661 1108 2703 consequendam
1134 2663 1204 2695 tum
1225 2662 1348 2703 legibus

283 2719 354 2751 tum
368 2717 453 2750 civiti
467 2717 698 2759 gubernatione
716 2719 860 2762 indigent
880 2723 912 2754 et
931 2722 986 2762 qui
998 2721 1078 2763 regit
1092 2722 1127 2754 et
1140 2721 1198 2764 qui
1212 2722 1345 2764 regitur,

286 2777 313 2810 si
331 2786 395 2819 ,per
419 2785 455 2810 se
477 2778 599 2810 servari
616 2778 728 2812 velint.
747 2779 834 2812 Hinc
850 2779 993 2813 nascitur
1007 2789 1182 2814 commune
1197 2781 1319 2814 bonum
1334 2806 1343 2821 ‚

285 2836 464 2870 concinnus
473 2837 605 2878 quid'am
615 2840 718 2870 status
727 2841 760 2871 et
773 2839 991 2872 multitudinis
1001 2849 1178 2874 consensus
1189 2850 1264 2874 cum
1274 2850 1348 2874 con-

285 2896 376 2929 cordi
387 2895 553 2938 obsequio.
567 2896 629 2935 Qui
638 2896 732 2938 Juxta
740 2898 1041 2941 virtutemimperat
1053 2909 1110 2933 rex
1118 2901 1153 2933 et
1170 2903 1348 2935 vocaturet

286 2957 352 2997 est,
372 2955 486 2989 eadem
500 2955 643 2989 amicitia
659 2958 693 2989 et
707 2958 936 2991 communione
949 2967 1024 2991 cum
1043 2960 1170 2993 civibus
1185 2961 1252 2993 suis
1266 2969 1347 2993 con-

284 3015 430 3057 junctus,
442 3024 541 3057 quam
556 3015 637 3048 deus
652 3025 726 3048 cum
741 3017 863 3049 mundo
880 3018 980 3059 atque
991 3018 1062 3059 ejus
1077 3020 1221 3061 partibus
1237 3021 1346 3055 habet.

288 3075 452 3108 caeterum
470 3077 597 3116 oportet
614 3083 746 3108 omnem
761 3075 1020 3110 benevolentiam
1034 3078 1158 3112 institui
1173 3079 1313 3121 primum
1330 3089 1349 3113 a

287 3142 360 3175 rege
373 3143 449 3175 erga
469 3134 575 3175 cives,
593 3134 710 3168 deinde
723 3134 764 3167 ab
778 3134 864 3168 bisce
883 3144 958 3176 erga
984 3137 1109 3178 regem,
1125 3138 1231 3179 qualis
1249 3139 1350 3180 patris

287 3201 362 3235 erga
379 3193 497 3233 tilium,
513 3193 651 3235 pastoris
667 3203 742 3236 erga
758 3202 886 3236 gregem
902 3196 935 3227 et
954 3195 1031 3237 legis
1054 3205 1129 3237 erga
1148 3197 1219 3230 illos
1235 3198 1292 3240 qui
1312 3207 1350 3232 ea

288 3252 426 3285 utuntur
441 3260 512 3284 esse
527 3253 622 3285 solet.

330 3314 363 3344 7.
388 3312 460 3344 Una
482 3311 568 3344 enim
593 3307 699 3344 virtus
727 3312 768 3345 ad
789 3312 962 3354 imperium
986 3313 1109 3347 homini
1130 3316 1163 3347 et
1185 3315 1226 3348 ad
1249 3316 1349 3350 vitam

291 3369 422 3403 sufficit.
467 3371 603 3404 Nemine
626 3371 735 3404 autem
756 3374 878 3414 utetur,
895 3372 1003 3414 inopia
1023 3382 1099 3406 eum
1120 3383 1288 3408 arcessens
1309 3376 1350 3409 ad

291 3429 524 3470 ministerium,
541 3429 599 3463 sed
618 3430 704 3472 quod
730 3433 854 3464 naturae
871 3431 994 3473 legibus
1013 3433 1243 3468 convenienter
1254 3443 1349 3467 suum

291 3497 374 3530 opus
390 3492 488 3522 navat
505 3503 511 3521 :
532 3499 633 3532 quum
650 3490 737 3523 euim
751 3491 938 3524 communio
954 3492 1013 3533 sit,
1026 3493 1238 3526 nibilominus
1255 3503 1351 3527 unus·

293 3547 428 3589 quisque
446 3557 503 3590 per
516 3557 552 3581 se
565 3548 632 3581 suis
648 3550 820 3583 contentus
841 3550 943 3584 vivet.
991 3551 1127 3584 Videtur
1145 3553 1232 3586 enim
1250 3552 1277 3586 is
1295 3552 1351 3594 qui

1409 2246 1506 2278 rebus
1522 2247 1591 2279 suis
1602 2250 1775 2279 contentus
1786 2249 1835 2280 est
1849 2248 1979 2280 nemine
1989 2248 2052 2280 alio
2064 2247 2106 2280 ad
2120 2248 2221 2281 vitam
2235 2249 2473 2290 transigendam

1410 2305 1552 2347 indigere
1571 2315 1581 2339 ε
1602 2306 1718 2347 quodsi
1738 2307 1838 2339 vitam
1859 2308 2028 2339 actuosam
2047 2308 2163 2348 degere
2180 2309 2351 2349 oporteat,
2371 2308 2474 2350 liquet

1408 2363 1534 2394 etiamsi
1554 2362 1619 2394 alia
1639 2363 1844 2404 assumserit,
1861 2363 1961 2395 nihilo
1978 2364 2082 2396 secius
2100 2372 2175 2396 eum
2191 2363 2474 2398 suis'instruetum

1410 2421 1567 2461 praesidiis
1583 2421 1715 2469 vivendi
1735 2430 1838 2462 genus
1859 2421 2047 2455 habiturum
2060 2435 2069 2455 ι
2084 2422 2204 2464 quippe
2219 2425 2251 2456 et
2271 2423 2393 2456 amicos
2409 2423 2474 2456 lia·

1410 2481 1499 2514 bebit
1521 2491 1589 2514 suae
1607 2482 1737 2515 virtutis
1749 2482 1865 2523 gratia,
1881 2483 2078 2524 quibuscum
2091 2491 2188 2524 agens
2201 2491 2264 2516 nou
2278 2482 2341 2515 alia
2353 2483 2475 2516 virtute

1409 2540 1448 2574 iis
1461 2543 1583 2582 utetur,
1598 2550 1696 2583 quam
1713 2542 1767 2575 illa
1780 2551 1845 2584 qua
1859 2542 1960 2575 vitam
1979 2551 2073 2575 suam
2085 2542 2237 2576 instituit.
2253 2544 2394 2576 Necesse
2414 2551 2475 2575 au-

1410 2602 1476 2634 tem
1508 2604 1558 2634 est
1586 2601 1662 2634 talia
1691 2610 1824 2643 quoque
1845 2601 2003 2634 virtutem
2023 2602 2135 2644 sequi,
2157 2611 2223 2635 non
2245 2602 2309 2635 alia
2333 2602 2474 2644 quadam

1410 2660 1514 2702 eAque
1529 2660 1647 2694 eximia
1662 2660 1703 2693 ad
1721 2661 1777 2693 lias
1793 2669 1843 2693 res
1855 2661 2053 2702 comparata.
2096 2663 2143 2693 Ac
2157 2660 2239 2694 deus
2249 2660 2381 2703 quidem
2394 2661 2476 2694 citra
2492 2704 2496 2708 ἡ

1411 2721 1606 2753 famulorum
1617 2722 1650 2753 et
1663 2720 1887 2753 ministrorum
1898 2729 2030 2762 operam
2045 2728 2083 2753 ac
2095 2720 2164 2753 sine
2175 2721 2240 2753 ulto
2254 2720 2360 2753 edicto
2368 2728 2476 2762 neque

1411 2780 1461 2814 vel
1483 2789 1642 2813 coronans
1659 2780 1711 2812 vel
1729 2781 1917 2813 renuntians
1935 2779 2123 2813 obedientes
2141 2780 2192 2813 vel
2215 2780 2391 2822 ignominia
2412 2788 2474 2812 no·

1411 2842 1482 2873 tans
1496 2843 1722 2881 contumaces,
1742 2840 1808 2882 ipse
1826 2840 1914 2873 solus
1929 2841 2057 2873 tantam
2078 2840 2206 2881 imperii
2225 2839 2343 2873 molem
2356 2839 2475 2881 guber·

1411 2901 1486 2939 nat,
1508 2899 1563 2931 sed
1585 2908 1620 2932 se
1645 2899 1770 2940 ipsum,
1799 2900 1927 2940 opinor,
1955 2899 2135 2932 imitatione
2159 2898 2294 2939 dignum
2324 2897 2475 2939 praebens

1411 2959 1565 2991 omnibus
1585 2961 1709 2991 naturoe
1729 2967 1799 2991 suae
1824 2958 2021 2992 desiderium
2039 2959 2072 2992 et
2091 2958 2334 2991 aemulationem
2356 2957 2473 2999 injicit.

1413 3019 1469 3051 Est
1483 3019 1594 3051 autem
1614 3018 1680 3060 ipse
1696 3018 1828 3060 quidem
1853 3018 1958 3051 bonus
1979 3019 2012 3050 et
2030 3018 2063 3049 in
2087 3018 2149 3049 hoc
2167 3017 2236 3049 solo
2251 3026 2349 3058 opere
2370 3026 2475 3058 eoque

1414 3076 1498 3109 sacili
1534 3078 1713 3118 occupatur
1740 3090 1748 3110 ι
1782 3077 1855 3117 ejus
1886 3086 1963 3109 vero
1990 3076 2171 3109 imitatores
2201 3075 2330 3109 caeteris
2359 3076 2476 3109 melius

1413 3140 1543 3178 propter
1559 3136 1622 3169 lioc
1637 3136 1782 3169 studium
1803 3136 1912 3169 omnia
1932 3137 2090 3177 peragunt
2105 3148 2113 3168 :
2130 3138 2164 3168 et
2184 3136 2271 3168 illius
2285 3135 2475 3170 assimilatio

1413 3197 1547 3238 singulis
1565 3197 1704 3238 suffic-iu
1729 3207 1793 3230 non
1811 3197 1897 3230 enim
1928 3197 1990 3228 alia
2008 3198 2112 3229 virtus
2135 3199 2185 3230 est
2202 3206 2277 3239 quae
2300 3197 2362 3230 deo
2380 3199 2474 3239 grata

1414 3256 1489 3288 facit
1513 3259 1545 3288 et
1567 3256 1631 3289 alia
1649 3265 1724 3297 quae
1742 3244 1816 3289 eum
1843 3256 2002 3288 imitatur.
2049 3258 2213 3288 Caeterum
2234 3265 2291 3289 rex
2315 3257 2474 3289 terrester

1413 3315 1468 3356 qui
1485 3315 1570 3358 apud
1589 3324 1648 3347 nos
1661 3316 1710 3348 est
1723 3324 1782 3347 cur
1805 3323 1869 3347 non
1895 3314 2043 3347 similiter
2066 3324 2100 3347 se
2116 3299 2185 3356 ipso
2208 3317 2383 3348 contentus
2407 3315 2476 3348 sit?

1414 3374 1603 3407 Assimilans
1621 3375 1708 3407 enim
1731 3382 1800 3407 sese
1818 3373 1873 3406 uni
1894 3374 1989 3415 eique
2008 3374 2134 3415 optimo
2164 3374 2277 3406 similis
2306 3374 2374 3406 fieri
2402 3374 2476 3406 vult

1413 3423 1592 3476 omnesque
1620 3443 1654 3467 se
1685 3433 1727 3466 ad
1758 3433 1845 3466 illius
1875 3433 2090 3466 imitationem
2122 3434 2325 3466 conserentes
2354 3434 2477 3475 regales

1413 3496 1508 3526 erunt
1538 3503 1547 3526 ε
1568 3502 1774 3535 quaecunque
1799 3501 1879 3526 vero
1905 3493 1946 3525 ad
1975 3495 2042 3525 vim
2069 3494 2193 3526 civibus
2213 3493 2411 3526 asserendam
2441 3495 2477 3526 et

1415 3552 1564 3586 imitandi
1589 3552 1817 3586 necessitatem
1841 3552 1880 3586 iis
1909 3552 2138 3595 imponendam
2165 3553 2292 3594 valent,
2313 3553 2474 3587 interdum

2593 3233 2612 3254 ,ἐ

2606 3256 2612 3300 ἰ

2607 3318 2612 3340 ξ

2608 3343 2612 3351 .
