2612 3814
1131 238 1404 288 RELIQUIAE.

176 345 252 381 μοις
272 329 432 374 ἅπαντας
451 328 511 368 καὶ
534 327 614 373 τοὺς
634 326 806 380 ἄρχοντας
823 327 995 367 αἰδεῖσθαι
1014 327 1074 367 καὶ
1091 327 1232 374 ἐξίστα-

175 393 257 429 σθαι
277 389 337 428 καὶ
369 394 479 427 ποιεῖν
505 388 546 427 τὸ
571 386 922 439 παραγγελλόμενον·
947 390 993 432 ὡς
1021 387 1111 439 μετὰ
1143 387 1236 432 θεοὺς

175 447 236 487 καὶ
253 446 421 498 δαίμονας
438 445 499 485 καὶ
518 445 638 498 ἥρωας
651 450 761 497 γονεῖς
776 461 815 484 τε
834 446 894 485 καὶ
909 446 1011 498 νόμοι
1026 447 1087 486 καὶ
1108 447 1236 501 ἄρχον-

175 522 231 550 τες
264 503 429 557 σύνεγγύς
456 506 523 543 εἰσι
547 509 624 549 ταῖς
656 510 777 556 τιμαῖς
810 507 895 559 παρ’
931 506 1125 559 ἀνθρώποις
1157 511 1235 546 νοῦν

177 564 298 618 ἔχουσι
314 563 375 603 καὶ
389 563 661 614 σωθησομένοις.
719 564 831 603 Πόλιν
847 565 1101 618 δὲφιλαιτέραν
1117 565 1237 616 μηδεὶς

178 625 289 672 ἄλλην
306 623 472 662 ποιείσθω
490 625 552 670 τ’ῆς
568 624 671 662 αὑτοῦ
690 623 877 676 πατρίδος,
896 627 942 668 ὡς
959 627 1044 664 θεῶν
1062 622 1235 678 πατρῴων

178 684 427 734 νεμεσώντων·
448 680 542 733 ἀρχὴ
562 680 631 734 γὰρ
651 682 840 735 προδοσίας
859 682 983 736 φύεται
1001 690 1074 727 τοῖς
1091 687 1235 723 τοιαῦτα

185 740 422 794 βουλομένοις.
480 737 564 780 Ἔτι
597 739 634 779 δὲ
662 740 911 795 χαλεπώτερον
941 745 1002 789 τῆς
1027 743 1156 787 οἰκείας
1175 746 1238 794 γῆς

180 800 389 854 στερόμενον
404 801 496 847 ζῆν’
481 799 535 838 επ’
557 800 761 854 ἀλλοτρίας·
779 801 878 840 οὐδὲν
906 801 974 854 γάρ
997 803 1090 841 ἐστιν
1114 802 1238 841 οἰκειό-

180 875 280 912 τερον
310 859 490 912 πατρίδος.
550 859 653 907 Μηδὲ
683 859 807 914 ἐχθρον
829 859 1095 900 ἀκατάλλακτον
1117 860 1238 912 μηδεὶς

181 919 316 971 μηδένα
337 919 507 970 νομιζέτω
523 935 592 957 των
613 920 790 968 πολιτῶν,
814 913 899 964 οῖς’
884 920 1061 974 εφείκασιν
1082 922 1113 958 οἱ
1138 921 1239 971 νόμοι

182 978 343 1031 μετέχειν
360 982 424 1025 τῆς
439 977 637 1022 πολιτείας·
666 980 712 1022 ὡς
739 981 757 1017 ὁ
780 982 933 1023 τοιοῦτος
958 980 1037 1018 οὔτε
1058 978 1159 1033 ἄρξαι
1180 979 1237 1019 δύ-

180 1037 271 1076 ναιτ’
289 1037 330 1076 ἂν
351 1036 429 1077 οὔτε
451 1037 595 1076 δικάσαι
612 1038 728 1080 καλῶς
735 1036 817 1086 ,τὸν
836 1037 944 1089 θυμὸν
963 1038 1053 1092 ἔχων
1074 1038 1240 1092 κυριώτε-

183 1111 242 1149 ρον
270 1100 330 1135 τοῦ
363 1098 547 1149 λογισμοῦ.
606 1097 740 1143 Μηδεὶς
775 1096 811 1136 δὲ
841 1097 974 1149 λεγέτω
1001 1101 1116 1143 κακῶς
1149 1098 1239 1150 μήτε

183 1158 281 1209 κοινῇ
307 1155 371 1203 τὴν
405 1155 507 1195 πόλιν
530 1154 619 1206 μήτε
640 1155 711 1208 ἰδίᾳ
742 1155 802 1194 τὸν
825 1156 994 1205 πολίτην·
1015 1158 1093 1197 ἀλλ’
1118 1159 1150 1196 οἷ
1169 1161 1239 1197 τῶν

138 1250 146 1259 ,
182 1216 301 1266 νόμων
322 1215 475 1268 φύλακες
498 1214 799 1264 ἐπιμελείσθωσαν
818 1211 889 1254 τῶν
909 1215 1238 1267 πλημμελούντων,

183 1277 324 1326 πρῶτον
346 1273 409 1324 μὲν
435 1277 693 1320 νουθετοῦντες,
717 1273 775 1313 ἐὰν
802 1273 839 1312 δὲ
860 1275 911 1325 μὴ
929 1275 1140 1325 πείθωνται,
1171 1278 1241 1322 ζη-

181 1338 351 1383 μιοῦντες.
408 1335 488 1371 Τῶν
518 1332 554 1370 δὲ
584 1331 755 1383 κειμένων
773 1332 890 1385 νόμων
911 1333 971 1373 ἐάν
996 1334 1047 1379 τις
1070 1335 1155 1386 δοκῇ
1191 1335 1240 1385 μὴ

180 1394 298 1436 καλῶς
317 1395 476 1441 κεῖσθαι,
494 1391 717 1442 μετατιθέναι
746 1391 804 1430 ἐπὶ
824 1391 863 1431 τὸ
884 1391 1039 1444 βέλτιον·
1065 1392 1237 1445 μενόντων

181 1452 218 1492 δέ
228 1481 239 1499 ,
254 1451 389 1495 πάντας
401 1455 605 1503 πειθαρχεῖν
616 1463 625 1474 ·
641 1452 688 1495 ὡς
702 1450 760 1489 ὑπ’
779 1451 970 1504 ἀνθρώπων
988 1451 1052 1503 μὲν
1066 1455 1240 1500 ἡττᾶσθαι

181 1510 259 1555 τοὺς
275 1510 457 1561 κειμένους
475 1511 601 1560 νόμους
618 1510 656 1548 οὔ
684 1509 792 1549 καλὸν
809 1510 887 1549 οὐδὲ
906 1511 1104 1565 συμφέρον,
1118 1512 1185 1551 ὑπὸ
1203 1511 1239 1551 δὲ

181 1569 290 1622 νόμου
312 1569 485 1622 βελτίονος
506 1568 708 1619 ἡττώμενον
728 1571 1028 1621 κατακρατεῖσθαι
1047 1569 1108 1608 καὶ
1130 1570 1237 1609 καλὸν

182 1629 244 1668 καὶ
265 1644 378 1682 συμφε
370 1628 456 1680 ’ρον.
515 1626 606 1671 Τους
623 1627 659 1666 δὲ
673 1629 786 1666 ταῦτα
801 1627 1085 1680 παραὸαίνοντας
1097 1628 1168 1681 χρὴ
1181 1629 1241 1668 καὶ

185 1689 344 1736 κολάζειν
366 1690 413 1731 ὡς
439 1685 764 1731 κατασκευάζοντας
793 1689 836 1739 τῇ
855 1685 956 1725 πόλει
979 1702 1154 1756 μεγυστων
1171 1703 1241 1726 κα-

145 1792 147 1794 ,
185 1744 258 1781 κῶν
276 1741 415 1794 ἀρχήν,
438 1740 627 1794 ἀναρχίαν.
682 1729 874 1793 Ἄρχοντας
894 1739 931 1778 δὲ
952 1740 1002 1790 μὴ
1026 1744 1115 1779 εἶναι
1135 1741 1241 1780 αὐθά-

186 1805 276 1850 δεις,
297 1800 387 1852 μηδὲ
421 1800 507 1852 πρὸς
542 1799 710 1852 ἐπήρειαν
738 1799 888 1852 κρίνειν,
923 1798 1012 1849 μηδὲ
1040 1802 1243 1851 μεμνῆσθαι

185 1860 366 1912 κρίνοντας
381 1859 497 1912 φιλίας
530 1858 721 1912 ἢέχθρας,
756 1858 849 1898 ἀλλὰ
876 1863 936 1897 τοῦ
972 1859 1128 1900 δικαίου·
1154 1859 1243 1900 οὕτω

186 1974 253 2004 tem
270 1972 385 2013 maiori
401 1971 542 2005 amicitia
558 1972 620 2004 sibi
635 1971 813 2013 conjungat
839 1981 939 2013 quam
956 1972 1092 2014 patriam
1105 1996 1115 2013 ,
1133 1974 1246 2014 utpote

186 2031 247 2064 diis
264 2031 376 2072 patriis
391 2031 634 2072 indignantibus
653 2043 663 2064 ι
681 2040 757 2064 nam
774 2031 850 2064 talia
867 2031 1076 2065 molientibus
1091 2032 1123 2064 in
1139 2031 1248 2064 animo

187 2090 379 2132 proditionis
402 2090 530 2123 initium
550 2090 665 2123 oritur.
710 2092 770 2124 Est
793 2099 870 2124 vero
896 2091 994 2124 etiam
1024 2091 1170 2123 acerbius
1191 2100 1247 2132 pa-

189 2150 249 2182 tria
271 2151 438 2182 carentem
455 2150 487 2182 in
508 2150 611 2183 aliena
625 2150 756 2191 regione
780 2150 881 2183 vitam
903 2150 1017 2198 degere
1036 2163 1045 2183 ι
1065 2150 1143 2182 nihil
1161 2150 1247 2183 enim

187 2208 281 2242 nobis
303 2210 419 2241 natura
453 2208 660 2249 conjunctius
685 2218 783 2251 quam
811 2209 913 2251 patria
937 2210 999 2242 est.
1042 2211 1145 2242 Nemo
1169 2218 1248 2242 vero

187 2277 386 2310 quemquam
404 2278 461 2310 pro
485 2268 682 2310 implacabili
699 2268 831 2301 inimico
850 2278 869 2302 e
887 2269 1009 2302 civium
1036 2277 1171 2301 numero
1189 2268 1247 2301 lia-

188 2327 283 2368 beat,
301 2337 383 2369 quos
412 2328 500 2369 leges
528 2328 714 2370 reipublicae
741 2328 913 2369 participes
943 2336 1012 2360 esse
1036 2327 1211 2360 voluerunt
1238 2336 1248 2360 :

189 2386 308 2428 quippe
325 2387 398 2419 talis
412 2386 462 2418 vir
474 2395 580 2428 neque
597 2387 755 2428 imperare
769 2395 875 2428 neque
886 2386 1031 2427 judicare
1047 2388 1133 2419 recte
1153 2387 1249 2427 pote·

189 2447 250 2487 rit,
274 2439 310 2480 ut
333 2447 385 2479 cui
404 2447 452 2479 ira
474 2447 581 2488 potior
605 2447 646 2480 sit
664 2446 798 2479 ratione.
841 2448 944 2480 Nemo
962 2446 1060 2479 etiam
1078 2445 1251 2478 maledicat

189 2514 294 2547 neque
310 2505 344 2538 in
364 2514 537 2538 commune
556 2505 714 2539 universae
733 2505 856 2538 civitati
887 2514 992 2547 neque
1017 2505 1168 2547 privatim
1193 2505 1252 2538 ulli

192 2565 255 2597 civi
275 2574 284 2596 ε
306 2564 363 2598 sed
389 2565 497 2605 legum
522 2565 672 2598 custodes
697 2573 811 2597 eorum
842 2564 899 2606 qui
925 2564 1118 2605 delinquunt
1141 2573 1251 2597 curam

191 2626 306 2665 agant,
325 2623 529 2656 admonendo
547 2625 708 2666 primum,
726 2624 841 2656 deinde
864 2623 925 2656 uisi
948 2623 1136 2665 paruerint,
1163 2623 1251 2656 mul·

195 2683 306 2716 tando.
353 2683 478 2721 Quodsi
501 2692 566 2725 qua
586 2692 627 2716 ex
653 2683 793 2716 conditis
820 2683 944 2725 legibus
964 2683 1031 2716 visa
1064 2683 1160 2716 suerit
1186 2692 1251 2715 non

194 2742 278 2776 bene
300 2742 365 2775 lata
390 2752 481 2783 esse,
500 2743 534 2775 in
554 2742 670 2776 melius
695 2743 840 2775 mutetur
864 2750 873 2773 ε
906 2742 1104 2775 confirmatis
1121 2751 1197 2775 vero
1219 2744 1252 2776 et

196 2802 461 2844 permanentibus
480 2811 594 2835 omnes
610 2802 834 2844 obtemperent
853 2811 861 2830 ι
877 2811 953 2834 nam
975 2802 1097 2843 positas
1112 2802 1198 2843 leges
1211 2793 1251 2835 ab

195 2861 382 2894 hominibus
399 2862 488 2893 vinci
511 2870 571 2894 nec
587 2861 680 2894 decet
695 2869 755 2894 nec
781 2860 952 2901 conducit,
969 2861 1081 2893 contra
1107 2860 1252 2894 homines

195 2922 341 2964 superari
360 2931 379 2955 a
398 2923 467 2963 lege
495 2922 712 2965 praestantiori
740 2931 806 2965 qua
825 2931 884 2964 par
911 2923 959 2955 est
983 2931 1047 2964 qua
1074 2922 1165 2955 utile.
1210 2925 1252 2955 At

195 2980 256 3013 ista
278 2981 480 3023 egredientes
508 2981 662 3024 puniendi
694 2983 792 3022 sunt,
811 2982 848 3014 ut
879 2982 1031 3014 maximae
1062 2981 1253 3014 calamitatis

197 3039 393 3082 principium
420 3041 542 3075 civitati
561 3041 801 3083 machinantes,
822 3041 1002 3083 principum
1018 3041 1189 3083 legumque
1211 3041 1251 3074 ir·

1298 2387 1495 2435 ‘videantun

2276 248 2352 283 543

1299 326 1367 380 γὰρ
1383 325 1606 365 ἀποδώσουσι
1622 325 1684 370 τὰς
1697 326 1826 379 κρίσεις
1844 327 2065 373 δικαιοτάτας
2081 329 2141 367 καὶ
2160 346 2223 376 της
2242 332 2355 384 ἀρχῆς

1300 386 1440 425 ἔσονται
1461 384 1563 430 ἄξιοι.
1621 385 1715 429 Τοὺς
1747 387 1810 436 μὲν
1841 380 1899 424 ουν
1929 386 2069 431 δούλους
2095 388 2264 441 προσήκει
2296 390 2353 429 διὰ

1300 444 1407 499 φόὸον
1427 444 1594 497 πράττειν
1614 460 1648 482 τι
1675 446 1746 483 τῶν
1767 443 1929 492 δικαίων,
1944 461 2022 489 τους
2039 447 2069 484 δ’
2091 447 2327 509 ἐλευθερους
2309 448 2356 486 οι’

1302 505 1389 542 αἰδῶ
1417 505 1476 542 καὶ
1498 502 1538 542 τὸ
1568 502 1695 541 καλόν·
1725 502 1776 541 διὸ
1794 501 1866 556 χρὴ
1886 519 1947 542 και
1966 503 2044 547 τους
2073 504 2245 558 ἄρχοντας
2267 510 2356 546 εἶναι

1301 562 1479 607 τοιούτους
1492 592 1502 610 ,
1523 561 1568 600 ἵν’
1587 561 1714 615 ἔχωσιν
1742 564 1811 601 οἷ’
1792 561 1982 616 αρχόμενοι
2002 579 2079 613 conj
2100 564 2214 610 ἀξίους
2229 565 2356 619 αἰσχύ-

1300 638 1375 670 νης.
1434 622 1521 662 Ἐὰν
1543 621 1580 660 δέ
1599 637 1649 666 τις
1668 621 1839 673 βούληται
1852 624 1920 661 τῶν
1935 622 2104 672 κειμένων
2118 622 2233 675 νόμων
2249 631 2356 664 κινεῖν

1301 684 1324 729 ἢ
1346 682 1451 720 ἄλλον
1473 680 1643 735 εἰσφέρειν
1660 681 1788 733 νόμον,
1804 683 1851 725 εἷς
1873 681 2000 734 βρόχον
2023 681 2118 735 εἴρας
2138 682 2197 722 τὸν
2217 684 2357 736 τράχη-

1303 743 1364 780 λον
1387 740 1520 793 λεγέτω
1538 743 1610 784 τοῖς
1631 741 1773 784 πολλοῖς
1792 740 1874 794 περὶ
1891 743 2018 780 αὐτοῦ·
2039 741 2131 780 καὶ’
2116 740 2175 781 εὰν
2197 741 2259 793 μὲν
2277 744 2357 785 δια-

1305 799 1550 854 ψηφιζομένων
1569 799 1649 852 δόξῃ
1670 799 1838 840 λελύσθαι
1856 799 1914 840 τὸν
1934 799 2041 851 νόμον
2061 799 2084 848 ἢ
2103 801 2274 855 υπάρχειν
2297 802 2358 840 τὸν

1303 861 1566 914 εἷσφερόμενον,
1583 860 1644 898 καὶ
1667 858 1770 898 αὐτον
1801 860 1913 913 ἀθυον
1934 852 2043 897 εἶναι·
2067 858 2126 898 ε’ὰν
2148 859 2183 898 δὲ
2204 863 2222 899 ὁ
2244 865 2359 921 προϋ-

1302 918 1451 971 πάρχων
1470 919 1605 969 μᾶλλον
1630 918 1715 969 δοκῇ
1736 916 1886 960 καλῶς’
1868 933 1962 969 εχειν
1991 916 2015 965 ἢ
2037 919 2054 956 ὁ
2075 918 2319 972 εἰσφερόμενος
2335 922 2357 971 ᾖ

1305 976 1443 1026 ἄδικος,
1475 976 1637 1016 τεθνάναι
1668 976 1725 1015 τὸν
1755 981 1916 1016 κινοῦντα
1942 976 1965 1024 ἢ
1993 976 2197 1031 εἰσφέροντα
2232 977 2359 1030 νόμον,

1303 1034 1574 1080 ἐπισπασθέντος
1594 1040 1654 1075 τοῦ
1676 1034 1818 1089 βρόχου.

1360 1094 1569 1146 (Stobaeus
1591 1095 1694 1135 Flor.
1723 1094 1859 1142 XLIV,
1883 1109 2004 1133 20-21
2029 1094 2209 1135 Ζαλεύκου
2238 1095 2360 1149 προοί-

1306 1169 1384 1204 μιον
1409 1154 1539 1204 νόμων.
1571 1153 1786 1193 Emendavi
1810 1167 1820 1193 2
1853 1159 1867 1176 ‘¹
1903 1154 2103 1202 ἇλίσκεται;
2135 1154 2250 1194 codd.
2286 1156 2358 1192 τῶν

1305 1212 1561 1264 ἁλισκομένων.
1583 1211 1600 1236 ¹³
1628 1213 1804 1261 νομίζειν;
1839 1214 1955 1254 co'dcl.
1986 1213 2180 1264 ὀνομάζειν.
2211 1217 2227 1236 ‘³
2251 1219 2358 1266 τιμᾷν

1306 1272 1383 1317 τοὺς
1400 1276 1648 1316 κατοικοῦντας
1669 1286 1757 1311 cum
1779 1272 1975 1311 Meinekio
1992 1288 2003 1320 ;
2022 1272 2134 1312 codd.
2157 1273 2269 1323 τιμῶν
2290 1276 2362 1317 τοῖς

1306 1332 1337 1370 οἷ
1352 1335 1610 1375 κατοικοῦντες.
1626 1330 1643 1354 ‘¹
1659 1331 1720 1370 καὶ
1739 1336 1810 1376 τοῖς
1830 1332 1989 1384 πατρίοις
2011 1346 2111 1370 cum·
2119 1331 2253 1370 eodem
2266 1342 2279 1382 3
2302 1332 2360 1370 li-

1306 1389 1370 1428 bii
1391 1392 1462 1434 τοῖς
1481 1390 1682 1443 πατρίοις.)
2267 1403 2269 1405 ’

1361 1463 1405 1489 11.
1441 1449 1619 1493 Ζάλευκος
1639 1451 1657 1488 ὃ
1677 1451 1746 1488 τῶν
1764 1451 1913 1503 Λοκρῶν
1932 1448 2121 1500 νομοθέτης
2137 1448 2215 1494 τους
2235 1448 2363 1500 νόμους

1307 1507 1414 1562 ἔφησε
1433 1515 1504 1553 τοῖς
1529 1508 1709 1582 ἀραχνίοις
1743 1509 1882 1559 ὁμοίους
1902 1501 2004 1549 εἶναι.
2059 1508 2205 1562 υΩσπερ
2227 1508 2294 1563 γὰρ
2315 1511 2364 1554 εἷς

1307 1569 1421 1607 ἐκεῖνα
1442 1568 1502 1607 ἐὰν
1526 1567 1589 1620 μὲν
1612 1567 1750 1620 ε’μπέσῃ
1769 1570 1856 1616 μυῖα
1876 1567 1900 1615 ἢ
1923 1567 2052 1621 κώνωψ
2073 1567 2281 1621 κατέχεται,
2303 1568 2363 1606 ἐὰν

1306 1627 1341 1667 δὲ
1361 1627 1451 1680 σφὴξ
1475 1627 1498 1675 ἢ
1536 1628 1685 1678 μέλιττα
1707 1626 1925 1680 διαῤῥήξασα
1947 1626 2164 1680 ἀφίπταται·
2191 1626 2282 1666 οὕτω
2301 1627 2360 1665 καὶ

1308 1688 1355 1730 εἰς
1371 1686 1449 1731 τοὺς
1468 1686 1596 1738 νόμους
1615 1685 1674 1725 ἐὰν
1696 1685 1758 1738 μὲν
1780 1686 1918 1739 ἐμπέσῃ
1939 1688 2047 1733 πένης
2066 1686 2275 1739 συνέχεται,
2302 1685 2363 1724 ἐὰν

1308 1743 1344 1784 δὲ
1363 1744 1526 1790 πλούσιος
1545 1744 1567 1792 ἢ
1590 1745 1735 1789 δυνατὸς
1750 1743 1864 1796 λέγειν
1880 1744 2069 1798 διαῤῥήξας
2086 1745 2291 1800 ἀποτρέχει.

1363 1804 1566 1857 (Stobaeus
1586 1805 1692 1846 Flor.
1718 1804 1833 1857 XLV,
1857 1805 1907 1843 25
1926 1804 2118 1845 Ζαλεύκου.
2135 1804 2145 1858 )

1307 1973 1534 2006 reverentiam.
1578 1973 1742 2014 Principes
1758 1974 1868 2006 autem
1881 1982 1987 2015 neque
2002 1973 2131 2014 superbi
2147 1981 2218 2005 esse
2233 1973 2364 2014 debent,

1307 2041 1413 2074 neque
1431 2032 1664 2066 contumeliose
1680 2032 1825 2073 judicare
1836 2057 1845 2073 ‚
1860 2041 1965 2074 neque
1982 2032 2014 2065 in
2028 2032 2202 2073 judicando
2215 2032 2367 2066 amicitiae

1309 2092 1549 2133 inimicitiaeve,
1568 2092 1623 2125 sed
1648 2092 1783 2133 iustitiae
1807 2091 1992 2125 meminisse
2021 2104 2030 2124 ι
2058 2091 2103 2124 ita
2131 2092 2217 2125 enim
2243 2092 2365 2133 judicia

1309 2151 1493 2192 aequissima
1507 2150 1625 2184 facient
1641 2152 1674 2184 et
1693 2151 1827 2193 imperio
1850 2150 1937 2192 digni
1950 2151 2058 2183 erunt.
2101 2153 2147 2184 Ac
2160 2159 2273 2183 servos
2288 2151 2364 2192 qui-

1309 2210 1382 2242 dem
1397 2210 1550 2243 convenit
1562 2210 1605 2243 ob
1621 2210 1770 2243 timorem
1784 2210 1903 2252 aliquid
1917 2210 2004 2250 juste
2019 2210 2136 2249 facere,
2150 2210 2268 2243 liberos
2285 2219 2366 2244 vero

1314 2271 1446 2311 propter
1466 2269 1680 2302 reverentiam
1712 2271 1745 2302 et
1773 2270 1973 2302 honestatem
2000 2279 2008 2301 :
2035 2269 2188 2311 quocirca
2209 2269 2368 2310 principes

1313 2337 1445 2370 quoque
1466 2329 1548 2361 tales
1573 2337 1642 2362 esse
1670 2329 1817 2370 oportet,
1839 2331 1876 2361 ut
1909 2328 2036 2361 civibus
2059 2327 2146 2369 digni
2170 2327 2368 2361 verecundia

1541 2387 1665 2426 Quodsi
1690 2387 1764 2428 quis
1787 2387 1875 2420 volet
1894 2387 1977 2428 leges
2005 2387 2196 2419 constitutas
2212 2386 2367 2427 abrogare

1311 2448 1362 2480 vel
1380 2455 1496 2480 novam
1513 2447 1595 2482 ferre
1606 2471 1616 2488 ,
1632 2447 1661 2480 is
1674 2447 1756 2480 collo
1774 2447 1807 2480 in
1824 2447 1976 2489 laqueum
1989 2446 2107 2480 inserto
2124 2446 2164 2479 de
2185 2446 2253 2488 lege
2268 2446 2367 2479 verba

1312 2508 1352 2540 ad
1386 2508 1627 2542 multitudinem
1650 2508 1746 2541 faciat
1769 2516 1778 2537 ε
1812 2516 1851 2540 ac
1873 2508 1898 2540 si
1920 2508 2042 2541 serente
2064 2507 2219 2548 suffragia
2245 2507 2367 2549 populo

1312 2568 1408 2601 vetus
1426 2567 1481 2600 illa
1496 2567 1547 2600 lex
1566 2567 1733 2608 antiquata
1749 2566 1897 2599 videatur
1911 2568 1968 2600 aut
1991 2575 2028 2599 ea
2043 2575 2118 2608 quae
2135 2567 2267 2607 rogatur
2283 2566 2368 2599 bona

1310 2634 1398 2667 esse,
1416 2626 1579 2659 indemnis
1593 2625 1709 2659 evadat
1731 2638 1739 2659 ι
1764 2629 1877 2658 contra
1893 2625 1918 2658 si
1936 2624 2022 2666 prior
2046 2625 2100 2659 lex
2119 2624 2235 2657 melius
2259 2632 2294 2656 se
2312 2623 2368 2656 lia-

1317 2685 1394 2718 bere
1413 2684 1576 2726 videatur,
1595 2685 1651 2717 aut
1665 2692 1750 2716 nova
1767 2683 1807 2716 de
1830 2692 1896 2725 qua
1917 2683 2023 2724 agitur
2043 2682 2162 2723 injusta
2180 2682 2241 2722 sit,
2265 2681 2295 2714 is
2311 2681 2369 2723 qui

1311 2744 1464 2778 rescindit
1478 2744 1527 2777 vel
1546 2746 1636 2785 rogat
1649 2744 1751 2785 legem
1770 2739 1884 2784 laque'o
1896 2742 2036 2775 adducto
2050 2737 2219 2775 moriatur.

1355 2808 1404 2837 lt.
1428 2804 1584 2837 Zaleucus
1600 2804 1808 2837 Locrensium
1830 2802 2021 2844 legumlator
2037 2801 2125 2843 leges
2147 2800 2231 2834 dixit
2247 2799 2369 2833 similes

1311 2872 1382 2896 esse
1403 2871 1594 2896 aranearum
1621 2862 1704 2895 telis.
1749 2864 1831 2896 Nam
1858 2861 1943 2895 sicut
1961 2861 1996 2894 in
2020 2860 2091 2894 illas
2116 2860 2144 2892 si
2170 2867 2283 2892 musca
2309 2861 2367 2891 aut

1315 2922 1410 2955 culex
1428 2922 1602 2961 inciderit,
1624 2922 1797 2961 retinetur.
1822 2921 1849 2954 si
1878 2929 1956 2954 vero
1981 2928 2081 2963 vespa
2109 2920 2165 2952 aut
2189 2918 2278 2960 apis,
2299 2925 2367 2959 per·

1316 2983 1411 3024 rupta
1426 2981 1491 3015 tela
1514 2981 1623 3015 avolat
1647 2981 1713 3014 :ita
1726 2981 1850 3022 legibus
1865 2979 2019 3022 implicati
2034 2986 2190 3021 pauperes
2204 2977 2367 3016 tenentur,

1315 3041 1449 3075 ditiores
1465 3043 1523 3075 aut
1547 3042 1734 3084 eloquentes
1754 3040 1915 3083 perruptis
1934 3039 2057 3081 legibus
2072 3037 2258 3079 aufugiunt.
