2612 3814
184 259 1143 376 ΕΜΠΕΔΟΚΛΕΟΥΣ

173 1501 207 1528 10

172 2159 202 2184 15

174 2688 209 2714 20

558 456 764 520 EHH.

405 673 954 752 ΠΕΡΙοὴῈΕΩΣ)

345 828 420 866 ΕΚ
463 826 575 866 ΤΟΥ
620 828 986 868 ΠΡΟΟΙΜΙΟΥ.

241 951 368 993 Ἔστιν
387 951 543 1004 ἀνάγκης
557 955 706 1005 χρῆμα,
726 953 812 991 θεῶν
836 949 1005 1006 ψήφισμα
1026 949 1195 1002 παλαιόν,

243 1010 355 1051 ἀΐδιον
367 1042 378 1062 ,
399 1010 590 1050 πλατέεσσι
611 1011 960 1065 κατεσφρηγισμένον
976 1008 1112 1063 ὅρκοις,

222 1120 225 1123 ¹
244 1064 324 1110 εῧτέ
338 1086 390 1115 τις
410 1070 637 1122 ἀμπλακίῃσι
657 1069 751 1123 φόνῳ
768 1069 854 1123 φίλα
877 1074 958 1122 γυῖα
977 1069 1086 1123 μιήνῃ

226 1129 357 1175 ἀὔτως
376 1128 399 1177 ἢ
421 1129 582 1182 ἐπίορκον
607 1128 818 1182 ἁμαρτήσας
834 1129 1017 1183 ἐπομόσσῃ

249 1189 404 1241 (δαίμων
424 1188 496 1229 οἵτε
519 1188 607 1242 βίοιο
626 1188 820 1241 λελόγχασι
841 1187 1101 1242 μακραίωνος),

244 1249 317 1303 τρίς
337 1264 395 1300 μιν
414 1247 541 1302 μυρίας
563 1241 657 1300 ῶρας
685 1248 756 1287 ἀπὸ
781 1247 952 1299 μακάρων
974 1247 1192 1295 ἀλάλησθαι,

242 1308 440 1361 γεινόμενον
457 1311 608 1346 παντοῖα
629 1306 687 1346 διὰ
707 1306 835 1361 χρόνου
853 1306 948 1346 εἴδεα
970 1309 1127 1355 θνητῶν,

245 1367 420 1420 ἀργαλέας
441 1365 571 1420 βιότοιο
593 1367 885 1418 μεταλλάσσοντα
905 1366 1090 1412 κελεύθους
1103 1397 1114 1417 ,

245 1430 298 1472 ὡς
312 1426 372 1466 καὶ
388 1425 457 1480 ἐγὼ
471 1431 528 1465 νῦν
551 1428 624 1478 εἶμι
644 1425 755 1481 φυγὰς
772 1426 887 1466 θεόθεν
909 1426 970 1466 καὶ
991 1427 1139 1475 ἀλήτης,

242 1486 351 1526 νείκεϊ
370 1486 575 1541 μαινομένῳ
599 1487 757 1532 πίσυνος.

405 1594 426 1616 a*
697 1595 717 1615 -it
960 1595 980 1615 4

241 1664 339 1716 Ἤδη
359 1665 427 1720 γάρ
444 1668 522 1705 ποτ’
546 1665 616 1718 ἐγὼ
635 1665 788 1718 γενόμην
805 1666 928 1720 κοῦρός
943 1684 980 1705 τε
997 1667 1085 1720 κόρη
1103 1682 1142 1705 τε

243 1727 372 1778 θάμνος
389 1727 419 1764 τ’
438 1723 558 1770 οἰωνός
576 1741 614 1764 τε
635 1725 695 1765 καὶ
712 1727 761 1765 εἶν
782 1726 841 1765 ἇλὶ
860 1726 1005 1771 ἔλλοπος
1026 1726 1138 1779 ἰχθύς.

408 1830 425 1845 *
701 1832 718 1849 ἡ
990 1831 1007 1846 t

248 1903 378 1955 Οἴμοι,
396 1902 448 1943 ὅτ’
466 1904 505 1942 οὐ
527 1903 679 1957 πρόσθεν
700 1919 744 1955 με
765 1904 912 1944 διώλεσε
928 1905 1048 1954 νηλεὲς
1061 1901 1176 1958 ἦμαρ,

246 1964 328 2018 πρὶν
344 1961 479 2015 σχέτλι’
488 1960 574 2015 ἔργα
591 1965 698 2016 βορᾶς
711 1964 792 2016 περὶ
806 1963 942 2017 χείλεσι
957 1965 1193 2016 μητίσασθαι.

406 2071 424 2089 α
504 2063 508 2068 ”
702 2072 719 2089 *
990 2069 1007 2085 ἡ

245 2144 280 2190 ἐξ
297 2143 372 2194 οἵης
390 2149 496 2197 τιμῆς
516 2162 554 2184 τε
571 2145 631 2185 καὶ
652 2143 758 2184 ὅσσου
777 2143 907 2195 μήκεος
926 2142 1035 2183 ὄλὸου

245 2198 313 2244 ῶδε
332 2205 441 2250 τάλας
453 2206 630 2250 λειμῶνας
649 2204 916 2258 ἀναστρέφομαι
932 2205 1025 2242 κάτα
1042 2205 1194 2251 θνητῶν.

406 2309 424 2327 ⁴*
704 2309 722 2326 ἢ*
993 2306 1010 2323 ἡ

244 2379 383 2419 κλαῧσά
403 2396 440 2419 τε
460 2379 521 2420 καὶ
542 2380 688 2419 κώκυσα
704 2378 787 2419 ἰδὼν
810 2378 986 2426 ἀσυνήθεα
1004 2380 1139 2433 χῶρον.

411 2483 427 2499 Ὠ
504 2510 508 2516 .
657 2490 661 2495 ¹
698 2483 715 2499 f
990 2483 1007 2499 *k

310 2607 315 2610 ,.
881 2551 1037 2607 ἀτερπέα
1057 2555 1172 2607 χῶρον
1185 2584 1194 2601 ,

247 2613 328 2653 ἔνθα
344 2612 459 2657 Φόνος
481 2629 518 2651 τε
539 2615 649 2656 Κότος
662 2624 699 2651 τε
719 2611 779 2651 καὶ
798 2611 914 2650 ἄλλων
934 2610 1034 2650 ἔθνεα
1053 2613 1199 2663 Κηρῶν,

251 2673 462 2727 (αὖχμηραί
483 2688 521 2711 τε
539 2672 635 2711 νόσοι
654 2672 715 2710 καὶ
736 2670 859 2723 σήψιες
881 2671 966 2723 ἔργα
982 2685 1020 2709 τε
1039 2670 1192 2724 ῥευστά)

244 2729 350 2780 Ἄτης
369 2730 410 2790 ᾂν
425 2730 583 2783 λειμῶνά
604 2746 642 2769 τε
663 2729 723 2769 καὶ
746 2731 869 2769 σκότον
886 2729 1118 2776 ἠλάσκουσιν.

413 2835 430 2851 *
703 2834 722 2854 η.
995 2833 1011 2848 t

205 2918 207 2920 '
244 2905 347 2946 Ἔνθ’
362 2900 453 2954 ἦσαν
471 2905 605 2954 Χθονίη
625 2921 663 2945 τε
683 2904 743 2944 καὶ
759 2903 911 2951 Ἡλιόπη
930 2907 1131 2955 ταναῶπις,

173 3099 208 3124 25

247 2965 358 3020 Δῆρίς
377 2967 407 3005 θ’
426 2967 649 3016 αἱματόεσσα
671 2964 733 3004 καὶ
753 2963 920 3017 Ἁρμονίη
943 2967 1159 3017 θεμερῶπις,

247 3023 444 3064 Καλλιστώ
464 3026 496 3063 τ’
518 3024 661 3077 Αἴσχρη
681 3039 741 3072 τε,
756 3023 892 3063 Θόωσά
909 3039 946 3062 τε
966 3023 1105 3070 Δηναιή
1127 3039 1164 3061 τε

242 3084 435 3138 Νημερτής
449 3084 480 3122 τ’
497 3083 643 3137 ἐρόεσσα
658 3082 897 3135 μελάγκουοός
915 3083 944 3121 τ’
961 3082 1142 3135 Ἀσάφεια·

408 3187 425 3203 ἡ
439 3199 441 3201 .
702 3186 716 3201 ἢ
993 3185 1009 3202 t

183 3283 187 3285 ·
248 3258 362 3299 Φυσώ
377 3274 416 3298 τε
434 3258 601 3310 Φθιμένη
622 3274 659 3296 τε
675 3258 733 3297 καὶ
755 3257 889 3305 Εὗναίη
910 3256 970 3295 καὶ
984 3256 1171 3308 Ἔγερσις,

249 3318 347 3358 Κινώ
365 3319 396 3357 τ’
410 3317 607 3370 Ἀστεμφής
625 3332 679 3366 τε,
697 3315 959 3369 πολυστέφανός
974 3331 1011 3355 τε
1028 3314 1198 3366 Μεγιστώ

247 3376 307 3417 καὶ
327 3375 453 3431 Φορυὴ
474 3377 534 3416 καὶ
548 3377 605 3415 δῖα
626 3375 753 3424 Σιωπή
774 3377 804 3414 τ’
827 3373 990 3426 Ὀμφαίη
1008 3388 1061 3414 τε.

410 3482 426 3499 ὑ
698 3481 714 3496 ί
988 3479 1004 3496 ἔ
1053 3495 1056 3499 .

289 3557 404 3580 vultos.
426 3557 524 3581 GRAEC.
546 3558 568 3580 l.

1470 291 2108 378 EMPEDOCLIS

1611 456 1958 518 CARMlNA.

1539 704 1636 754 DE
1688 673 2030 756 NATURA.

1651 834 1676 864 E
1701 834 1925 866 PROOEMlO.

1258 958 1394 990 Necesse
1414 960 1464 990 est
1482 966 1520 990 ac
1537 957 1670 990 deorum
1688 957 1854 990 decretum
1870 958 2040 999 antiquum
2052 982 2061 998 ,

1256 1017 1414 1048 aeternum
1426 1041 1435 1056 ‚
1451 1025 1570 1058 magno
1586 1016 1817 1049 confirmatum
1835 1016 2064 1058 jurejurando,

1256 1075 1281 1108 si
1298 1075 1372 1117 quis
1387 1085 1443 1117 per
1455 1077 1562 1109 scelus
1578 1077 1727 1110 membra
1747 1076 1835 1109 coede
1852 1076 2004 1118 polluerit

1241 1136 1377 1167 'temere
1398 1136 1449 1168 vel
1466 1135 1611 1168 admisso
1628 1135 1746 1177 flagitio
1767 1135 1960 1177 pejeraverit

1258 1193 1392 1236 (genius
1407 1195 1464 1237 qui
1483 1195 1617 1236 quidem
1631 1195 1759 1236 longam
1773 1194 1876 1227 sortiti
1891 1195 1968 1228 sunt
1989 1194 2128 1236 vitam),

1257 1262 1331 1285 eum
1353 1256 1404 1286 ter
1421 1253 1505 1287 dena
1524 1263 1683 1286 annorum
1705 1253 1806 1286 millia
1826 1254 1936 1295 procul
1950 1263 1968 1285 a
1985 1253 2090 1286 beatis
2105 1262 2214 1286 errare

1257 1316 1444 1347 nascentem
1461 1314 1663 1355 interpositis
1676 1314 1856 1347 intervallis
1873 1322 1928 1356 per
1943 1313 2049 1347 omnis
2061 1314 2185 1355 generis
2198 1314 2319 1347 morta-

1257 1373 1409 1405 molcstas
1426 1373 1503 1406 vitae
1520 1373 1588 1406 vias
1609 1374 1788 1405 mutantem
1802 1396 1812 1413 ,
2058 1372 2152 1415 [lium
2172 1373 2294 1405 formas
2308 1397 2317 1412 ‚

1257 1432 1533 1474 quemadmodum
1551 1435 1583 1465 et
1601 1442 1659 1473 ego
1680 1442 1766 1465 nunc
1784 1442 1801 1466 e
1816 1432 1898 1465 coelo
1913 1432 2068 1474 profugus
2082 1442 2152 1465 sum
2166 1433 2199 1466 et
2212 1432 2318 1470 exsul,

1258 1491 1437 1525 Discordiae
1464 1492 1584 1525 furenti
1609 1501 1735 1533 parens,

1488 1598 1505 1615 ss·
1779 1598 1797 1615 ’ἡ
2071 1598 2086 1614 Ἀ

1257 1679 1332 1710 Jam
1348 1676 1436 1708 enim
1456 1676 1524 1717 ipse
1548 1684 1626 1716 puer
1643 1674 1818 1716 aliquando
1843 1674 1889 1706 fui
1912 1676 2010 1715 atque
2027 1674 2131 1718 puella

1259 1738 1291 1769 et
1317 1737 1423 1768 frutex
1445 1739 1478 1768 et
1494 1735 1560 1767 ales
1584 1735 1616 1767 et
1631 1736 1743 1766 mutus
1761 1734 1792 1766 in
1809 1742 1942 1775 aequore
1960 1734 2068 1775 piscis.

1489 1836 1506 1852 ’ἡ
1781 1833 1796 1850 2
2073 1834 2090 1850 Ἰ

1259 1913 1320 1946 Hei
1336 1913 1414 1945 mihi
1425 1937 1435 1954 ,
1450 1912 1537 1954 quod
1553 1921 1618 1944 non
1635 1914 1711 1945 ante
1730 1920 1783 1944 me
1798 1912 1866 1944 ater
1890 1911 1957 1943 dies
1972 1910 2129 1943 absumsit
2143 1936 2151 1950 ‚

1259 1967 1530 2014 quam'nefandas
1552 1971 1651 2013 dapes
1669 1971 1883 2004 circumcirca
1904 1971 1995 2003 labiis
2019 1970 2207 2011 attigissem.

1489 2073 1506 2089 ἀ
1782 2071 1801 2090 ἡ
2076 2071 2093 2087 ’ἡ

1261 2154 1335 2186 Post
1351 2153 1479 2195 qualem
1495 2152 1648 2184 bonorem
1661 2152 1886 2192 quantamque
1897 2149 2058 2182 felicitatis
2073 2148 2320 2190 amplitudinem

1261 2214 1307 2246 ita
1324 2212 1436 2245 infelix
1454 2211 1640 2254 mortalium
1655 2210 1689 2243 in
1705 2210 1805 2252 pratis
1823 2218 1944 2242 versor.

1491 2309 1509 2326 ἡ
1783 2306 1803 2324 st
2075 2305 2093 2323 *R

1261 2387 1350 2420 Flevi
1365 2390 1398 2419 et
1418 2386 1538 2428 ejulavi
1556 2386 1719 2418 insolitam
1746 2383 1857 2417 sedem
1875 2383 2090 2424 conspicatus.

1491 2482 1509 2499 ἡ
1788 2480 1805 2498 ί
2077 2479 2095 2496 *

1976 2556 2175 2589 illaetabilem
2195 2557 2317 2597 sedem,

1263 2619 1317 2652 ubi
1331 2618 1444 2652 caedes
1462 2619 1494 2651 et
1515 2618 1671 2651 simultas
1694 2621 1725 2650 et
1743 2617 1879 2649 aliorum
1902 2618 2032 2658 agmina
2046 2619 2198 2649 Fatorum

1262 2681 1419 2723 (tetrique
1441 2680 1546 2713 morbi
1560 2680 1593 2713 et
1611 2679 1758 2721 contagia
1777 2680 1810 2712 et
1826 2688 1924 2720 opera
1942 2679 2050 2721 fluxa)

1263 2744 1364 2774 Noxae
1379 2750 1434 2783 per
1449 2742 1578 2783 pratum
1592 2749 1713 2782 perque
1730 2739 1880 2772 tenebras
1897 2742 2067 2780 vagantur.

1496 2839 1507 2856 0
1785 2839 1802 2856 ’Β
2077 2839 2095 2856 *

1262 2916 1312 2948 Ibi
1330 2918 1422 2948 erant
1437 2916 1602 2948 Terricola
1619 2917 1651 2947 et
1666 2915 1757 2956 longe
1780 2916 1928 2956 spectans
1947 2915 2112 2956 Heliopaea

1264 2978 1440 3016 Pugnaque
1458 2978 1592 3007 cruenta
1614 2977 1646 3006 et
1660 2974 1778 3006 decoro
1800 2974 1976 3006 Harmonia
1995 2974 2087 3006 vultu
2101 2997 2111 3013 ‚

1264 3035 1472 3067 Pulcliritudo
1481 3036 1514 3067 et
1525 3034 1732 3075 Deformitas‚
1748 3035 1954 3075 Properantia
1966 3034 2122 3075 tardaque
2139 3034 2224 3066 Cura
2244 3031 2322 3076 [tio3

1260 3097 1292 3128 et
1304 3094 1451 3128 amabilis
1465 3094 1639 3128 Sinceritas
1653 3097 1685 3128 et
1695 3095 1792 3136 nigris
1804 3095 1974 3127 oculorum
1990 3093 2120 3135 pupillis
2132 3092 2322 3126 Dissimula-

1491 3195 1508 3214 ἰ
1785 3195 1802 3212 ir
2074 3193 2090 3211 Ὦ

1262 3275 1364 3305 Ortus
1379 3273 1412 3304 et
1428 3266 1583 3304 Interitus
1605 3280 1644 3304 ac
1661 3273 1764 3312 Sopor
1783 3275 1814 3303 et
1831 3271 2024 3311 vigilantia,

1261 3334 1370 3364 Motus
1389 3333 1422 3364 et
1443 3332 1632 3365 inconcussa
1653 3331 1752 3370 Quies
1775 3333 1807 3363 et
1824 3330 1980 3362 honorata
1999 3329 2153 3369 Majestas

1260 3399 1297 3423 ac
1318 3391 1455 3432 Squalor
1474 3390 1688 3432 divinumque
1705 3389 1875 3423 Silentium
1890 3390 1922 3421 et
1939 3389 2024 3420 clara
2051 3390 2133 3420 Vox.

1487 3490 1507 3510 ί
1783 3491 1799 3507 t
2074 3485 2094 3504 1·
