2612 3814
0 0 34 87 jx}

602 454 731 528 DE·
751 476 762 483 ·‘
783 452 1142 528 TIMONE
1200 449 1668 527 PHLIASIO.

947 657 1324 679 ——Qeffi—

99 794 263 845 Τίμωνος
283 789 585 843 ἀποσπασμάτια]
605 790 639 828 T
643 790 751 828 imon
770 789 968 829 Phliasius
985 803 1105 841 quum
1170 788 1306 841 βιὸλία,
1329 790 1376 833 εἷς
1394 790 1487 828 ἐπῶν
1508 787 1664 827 τείνοντα
1686 789 1858 841 μυριάδας
1873 788 1948 836 δύο,
1964 783 2012 828 ὧν
2032 790 2093 828 καὶ
2114 789 2233 829 Ἀντί-

43 854 267 895 adolescens
297 852 339 891 in
367 851 528 890 theatris
572 850 768 898 saltasset,
806 859 942 901 postea
973 864 1103 889 rerum

44 913 266 954 divinarum
286 911 624 962 humanarumque
650 910 972 961 contemplationi
993 910 1106 948 dedi-

45 982 106 1013 tus
125 972 297 1026 primum
329 971 543 1023 Stilponem
569 970 736 1018 audivit,
761 969 902 1008 deinde
931 970 1106 1022 Pyrrho-

45 1047 149 1082 nem,
171 1031 286 1084 cujus
311 1031 492 1082 dogmata
525 1043 596 1082 per
615 1038 733 1068 totam
764 1030 883 1067 vitam
906 1029 1109 1080 professus

46 1101 120 1133 est.
153 1092 305 1130 Floruit
337 1099 463 1129 autem
511 1089 586 1128 sub
623 1090 820 1138 Antigono
852 1088 1107 1127 Macedonum

47 1165 138 1202 rege
159 1160 196 1190 et
210 1151 419 1189 Ptolemaeo
428 1148 702 1200 Philadelpho.
721 1149 793 1187 Hic
810 1148 938 1187 clarus
953 1148 1108 1200 sapien-

47 1211 111 1250 tiae
128 1210 261 1249 studio
272 1209 509 1262 pietatisque
517 1221 594 1259 qua
607 1208 875 1260 Scepticorum
888 1207 1108 1259 principem

0 1301 2 1327 γ
49 1269 202 1308 colebat
222 1269 482 1316 documentis,
514 1268 660 1307 clarior
690 1268 844 1319 poetica
873 1267 1053 1306 facultate
1074 1275 1111 1305 et

2 1381 3 1386 γ
48 1329 286 1382 scriptorum
321 1328 576 1367 multitudine
598 1327 639 1366 id
671 1327 920 1380 potissimum
950 1327 992 1364 in
1013 1339 1111 1364 con—

48 1387 187 1428 dendis
217 1387 459 1427 carminibus
482 1386 688 1440 spectavit,
721 1395 764 1425 ut
790 1399 925 1425 omnes
948 1394 1111 1437 excepto

48 1447 253 1499 Pyrrhone
287 1446 547 1499 philosophos
586 1445 733 1484 rideret
770 1454 808 1484 et
844 1444 1109 1483 cavillaretur.

48 1507 136 1554 Quo
154 1507 197 1546 in
217 1518 358 1558 genere
382 1506 654 1545 nobilissimos
675 1513 753 1544 tres
776 1504 965 1543 Sillorum
987 1503 1112 1542 libros

49 1567 262 1619 reliquerat
279 1579 419 1616 magna
437 1579 487 1604 ex
515 1574 628 1618 parte
647 1564 696 1603 ad
729 1564 945 1602 Homericae
962 1562 1112 1606 Νεκυίας

51 1625 214 1665 sormam
254 1626 318 1677 (cf.
342 1625 507 1664 Meinek.
542 1624 709 1663 Exercit.
731 1624 772 1662 in
802 1623 942 1663 Athen.
975 1622 992 1661 1
1023 1636 1064 1674 p.
1089 1624 1112 1660 6

50 1683 145 1738 seq.)
164 1685 375 1724 institutos.
405 1682 459 1721 Ex
490 1683 540 1722 iis
573 1683 725 1736 primus
745 1682 964 1734 simplicem
985 1695 1115 1720 narra-

55 1744 220 1792 tionem,
243 1743 438 1783 secundus
457 1751 495 1781 et
528 1743 666 1782 tertius
688 1755 907 1781 sermonem
928 1752 1015 1781 cum
1034 1741 1113 1779 Xe-

51 1803 233 1856 nophane
253 1802 430 1841 habitum
463 1800 702 1840 continebat.
728 1801 934 1839 Diversum
965 1799 1014 1838 ab
1034 1800 1115 1838 illis

52 1862 160 1901 aliud
197 1862 270 1901 suit
298 1874 439 1914 poema
470 1860 692 1910 Imaginum
709 1857 935 1912 (Ἰνδαλμῶν)
957 1859 1116 1897 nomine

51 1922 300 1975 inscriptum.
330 1921 598 1959 Memorantur
620 1920 738 1958 etiam
767 1918 949 1957 Timonis
971 1933 1115 1957 comoe-

21 1980 128 2036 sdiae
165 1989 204 2020 et
239 1979 439 2030 tragoediae
469 1979 625 2030 aliaque
656 1978 809 2029 ingenii
848 1987 1113 2017 monumenta.

54 2040 200 2079 Harum
236 2052 368 2078 rerum
409 2046 523 2077 testes
558 2037 676 2076 nobis
711 2046 802 2076 sunt
837 2037 1051 2077 Aristocles
1080 2047 1117 2076 et

56 2099 249 2150 Diogenes
267 2097 457 2137 Laertius.
471 2096 647 2143 Quorum
663 2098 776 2148 prior
787 2096 891 2148 apud
905 2095 1115 2135 Eusebium

55 2157 184 2211 Praep.
203 2157 351 2207 Evang.
370 2155 472 2205 XIV,
495 2158 540 2195 18
552 2157 606 2194 ait
622 2170 631 2194 :
652 2154 817 2208 Ἐγένετο
834 2155 870 2196 δὲ
886 2155 1047 2208 μαθητὴς
1058 2157 1118 2194 αὔ-

53 2220 114 2257 τοῧ
135 2218 212 2270 [τοῦ
234 2216 439 2270 Πύρρωνος]
462 2215 588 2267 Τίμων
611 2215 786 2260 Φλιάσιος
802 2245 812 2262 ,
834 2214 869 2259 ὃς
887 2214 928 2254 τὸ
946 2217 1010 2267 μὲν
1025 2218 1118 2269 πρῶ·

54 2291 112 2316 τον
133 2276 293 2330 ἐχόρευεν
310 2276 346 2314 ἐν
366 2279 437 2320 τοῖς
455 2274 622 2328 θεάτροις,
645 2273 768 2313 ἔπειτα
791 2273 822 2312 δ’
844 2273 1000 2327 ἐντυχὼν
1021 2276 1116 2326 αὐτῷ

55 2334 270 2390 συνέγραψεν
285 2334 460 2388 ἀργαλέας
473 2333 655 2388 παρῳδίας
674 2332 734 2372 καὶ
753 2333 991 2387 βωμολόχους,
1006 2334 1041 2373 ἐν
1064 2328 1119 2378 ozi<

58 2395 338 2450 βεὸλασφήμηκε
369 2393 506 2438 πάντας
531 2392 610 2438 τοὺς
629 2391 775 2432 πώποτε
800 2391 1118 2446 φιλοσοφήσαντας.

56 2448 170 2498 ὓῧτος
186 2453 255 2506 γὰρ
271 2447 314 2502 ἦν
335 2454 354 2492 ὃ
367 2451 446 2497 τοὺς
466 2451 616 2498 Σίλλους
634 2451 787 2503 γράψας.
810 2450 1009 2489 Posterior
1026 2463 1119 2489 vero

56 2513 129 2553 lib.
145 2512 215 2561 IX,
230 2527 244 2551 1
256 2526 339 2551 10-1
350 2525 366 2550 1
377 2525 392 2550 1
407 2511 490 2550 haec
506 2511 627 2550 tradit
642 2524 651 2549 ι
670 2509 743 2549 Καὶ
756 2509 824 2563 γὰρ
835 2508 1020 2559 ποιήματα
1038 2525 1118 2548 συν-

58 2571 189 2626 έγραφε
208 2571 268 2611 καὶ
289 2570 358 2620 ἔπη
379 2571 439 2610 καὶ
457 2568 654 2625 τραγῳδίας
670 2568 731 2608 καὶ
751 2568 923 2622 σατύρους
952 2568 1012 2607 καὶ
1034 2568 1118 2621 δρά-

59 2647 155 2684 ματα
172 2630 315 2683 κωμικὰ
334 2630 522 2685 τριάκοντα
534 2661 545 2683 ,
559 2627 711 2683 τραγικὰ
724 2628 760 2668 δὲ
779 2628 964 2679 ἑξήκοντα,
981 2627 1120 2674 σίλλους

58 2705 98 2731 τε
120 2689 181 2729 καὶ
205 2689 394 2734 κιναίδους.
417 2689 575 2743 Φέρεται
603 2688 638 2728 δὲ
666 2690 770 2728 αὐτοῦ
791 2688 852 2728 καὶ
872 2687 1118 2741 καταλογάδην

1167 862 1265 898 γονος
1284 848 1302 885 ὁ
1323 846 1519 899 Καρύστιος
1540 847 1738 898 μέμνηται,
1761 847 2014 901 ἀναγεγραφὼς
2043 851 2151 887 αὐτοῦ
2171 849 2232 887 καὶ

1170 905 1272 951 αὐτὸς
1290 905 1349 945 τὸν
1367 906 1455 959 βίον.
1472 909 1555 946 Τῶν
1567 906 1602 945 δὲ
1624 906 1763 946 Σίλλων
1779 906 1857 960 τρία
1876 907 1983 955 ἐστίν,
2001 909 2035 947 ἐν
2053 902 2101 953 οἷς
2120 910 2167 953 ὡς
2189 908 2231 947 ἃν

1170 965 1354 1010 σκεπτικὸς
1369 964 1418 1005 ὢν
1432 965 1565 1011 πάντας
1576 967 1728 1019 λοιδορεῖ
1741 966 1801 1005 καὶ
1817 966 1986 1006 σιλλαίνει
2003 966 2082 1011 τοὺς
2100 969 2233 1020 δογμα-

1170 1024 1286 1070 τικοὺς
1307 1028 1341 1065 ἐν
1358 1025 1540 1081 παρῳδίας
1555 1025 1653 1066 εἴδει.
1668 1019 1742 1065 σεὨν
1761 1025 1800 1064 τὸ
1818 1026 1881 1077 μὲν
1902 1028 2041 1078 πρῶτον
2065 1028 2231 1074 αὐτοδιή-

1170 1100 1277 1136 γητον
1298 1084 1374 1138 ἔχει
1392 1085 1455 1132 τὴν
1476 1086 1682 1138 ἑρμηνείαν,
1699 1085 1739 1125 τὸ
1757 1085 1793 1124 δὲ
1813 1084 1970 1138 δεύτερον
1989 1085 2049 1124 καὶ
2062 1085 2178 1138 τρίτον
2199 1087 2234 1124 ἐν

1172 1142 1336 1196 διαλόγου
1359 1145 1531 1196 σχήματι.
1553 1144 1729 1184 Φαίνεται
1748 1148 1830 1197 γοῦν
1853 1145 2049 1198 ἀνακρίνων
2067 1146 2235 1195 Ξενοφά-

1170 1219 1233 1251 νην
1252 1203 1309 1242 τὸν
1329 1202 1554 1257 Κολοφώνιον
1570 1204 1651 1257 περὶ
1672 1203 1842 1253 ἑκάστων,
1862 1207 1880 1243 ὁ
1901 1205 1937 1242 δὲ
1957 1204 2233 1257 αὐτοδιηγούμε--

1172 1262 1225 1306 νός
1242 1263 1334 1301 ἐστι’
1350 1262 1410 1301 καὶ
1427 1265 1462 1301 ἐν
1483 1262 1546 1314 μὲν
1567 1265 1618 1317 τῷ
1633 1263 1784 1317 δευτέρῳ
1801 1263 1881 1316 περὶ
1895 1265 1964 1301 τῶν
1980 1264 2234 1317 ἀρχαιοτέρων,

1174 1322 1208 1359 ἐν
1230 1320 1266 1359 δὲ
1290 1323 1341 1375 τῷ
1362 1321 1471 1376 τρίτῳ
1497 1322 1578 1375 περὶ
1603 1324 1674 1361 τῶν
1695 1322 1864 1376 ὑστέρων.
1885 1322 2004 1362 -Τὸ
2033 1323 2069 1361 δὲ
2097 1326 2235 1376 πρῶτον

1173 1379 1286 1419 ταύτὰ
1313 1380 1473 1434 περιέχει
1501 1381 1724 1434 πράγματα,
1752 1381 1846 1429 πλὴν
1877 1381 1931 1420 ὅτι
1962 1381 2237 1435 μονοπρόσωπός

1176 1439 1270 1478 ἐστιν
1282 1443 1305 1488 ἡ
1323 1439 1475 1488 ποίησις.
1493 1441 1552 1480 Cf.
1571 1441 1683 1481 Fred.
1703 1442 1815 1480 Pauli
1830 1441 1877 1479 de
1887 1441 2236 1481 SillisGraecorum

1175 1499 1406 1552 disputatio,
1430 1501 1607 1540 Berolini
1627 1504 1721 1540 1821
1740 1502 1944 1554 3Welandi
1962 1502 2009 1540 de
2027 1504 2238 1555 praecipuis

1177 1559 1433 1599 Parodiarum
1457 1561 1722 1614 scriptoribus
1743 1562 1864 1611 libel-3
1888 1562 2047 1602 woelkii
2064 1564 2113 1602 de
2130 1564 2235 1603 Grae-

1177 1634 1312 1658 corum
1330 1621 1439 1660 Sillis
1457 1622 1749 1670 commentatio,
1770 1622 1970 1661 Varsoviae
1995 1624 2111 1662 1820.
2130 1624 2241 1663 Adde

1177 1680 1347 1719 Fabricii
1378 1681 1479 1720 Bibl.
1516 1681 1585 1719 Gr.
1612 1683 1694 1721 vol.
1714 1681 1788 1730 lll,
1818 1695 1908 1734 pag.
1937 1683 2013 1721 623
2037 1696 2148 1735 seqq.
2176 1684 2237 1722 ed.

1176 1741 1286 1778 Harl.
1300 1749 1338 1778 et
1359 1741 1547 1791 Diogenis
1568 1740 1714 1780 Laertii
1740 1742 1988 1794 interpretes.
2012 1742 2242 1793 Fragmenta

1177 1800 1261 1851 ejus
1279 1814 1366 1852 quae
1383 1809 1535 1839 exstant
1548 1814 1672 1853 prope
1690 1802 1823 1839 omnia
1841 1814 1861 1839 e
1875 1801 1984 1840 Sillis
2001 1802 2119 1854 petita
2133 1812 2238 1850 sunt,

1178 1871 1301 1909 pauca
1317 1872 1366 1897 ex
1385 1858 1605 1909 Imaginum
1628 1859 1732 1897 libro
1751 1859 2005 1912 deprompta,
2027 1862 2240 1901 nonnullos

1178 1932 1335 1970 quoque
1354 1932 1491 1958 versus
1518 1919 1671 1971 antiqui
1694 1933 1744 1958 ex
1773 1920 1862 1959 aliis
1885 1921 2130 1960 carminibus
2149 1935 2239 1960 ser-

1176 1987 1329 2017 varunt.
1346 1979 1424 2018 Has
1444 1979 1662 2018 carminum
1680 1980 1868 2030 reliquias
1885 1980 2038 2032 primus
2051 1981 2242 2020 laudabili

1178 2039 1311 2078 studio
1332 2039 1491 2090 collegit
1512 2040 1706 2078 Henricus
1725 2039 1944 2092 Stephanus
1959 2041 2001 2079 in
2018 2041 2132 2080 Poesi
2153 2042 2244 2093 phi-

1178 2098 1397 2151 losophica,
1418 2108 1554 2151 postea
1568 2099 1691 2137 edidit
1711 2099 1867 2139 Isaacus
1891 2099 1998 2138 Fred.
2017 2100 2243 2151 Langhein-

1179 2158 1264 2196 rich
1280 2162 1321 2197 in
1343 2159 1468 2198 tribus
1485 2159 1532 2197 de
1548 2158 1716 2197 Timone
1733 2158 2076 2198 dissertationibus
2089 2159 2243 2211 (Lipsiae

1185 2232 1283 2266 ¹72⁰
1303 2227 1341 2257 et
1365 2216 1480 2272 1721)
1504 2232 1600 2269 quas
1622 2232 1702 2256 non
1732 2218 1928 2266 vidimus;
1954 2218 2173 2258 Brunckius
2201 2222 2243 2258 in

1180 2277 1377 2317 Analectis
1400 2279 1574 2316 veterum
1593 2287 1797 2330 poetarum
1820 2287 1857 2316 et
1880 2278 2026 2317 Paulus
2043 2278 2068 2317 l.
2086 2292 2118 2318 c.
2146 2279 2243 2318 Pro-

1182 2338 1301 2377 fuisse
1314 2338 1347 2375 T
1351 2338 1475 2376 iunoni
1499 2338 1687 2389 inprimis
1700 2337 1937 2390 Stephanum
1955 2347 1991 2376 et
2005 2338 2244 2378 Brunckium

1182 2411 1262 2435 non
1288 2397 1528 2448 negaverim.
1565 2396 1640 2435 Sed
1671 2396 1804 2436 deerat
1831 2398 2051 2436 accuratior
2077 2397 2245 2439 Phliasii

1183 2464 1306 2507 poetae
1323 2456 1500 2495 recensio
1515 2469 1592 2507 qua
1610 2455 1792 2507 plurimae
1811 2456 1971 2494 maculae
1986 2455 2243 2496 librariorum

1182 2515 1337 2553 incuria
1366 2514 1426 2552 illi
1458 2527 1624 2566 aspersae
1644 2513 1970 2565 abstergerentur.
1995 2515 2103 2555 Hanc
2123 2516 2246 2567 igitur

1181 2573 1393 2612 lectoribus
1411 2574 1550 2612 offero.
1571 2573 1793 2612 Emendatis
1812 2574 1993 2613 versibus
2015 2589 2156 2614 novam
2178 2576 2244 2615 ad-

1176 2630 1293 2682 junxi
1315 2632 1673 2684 interpretationem
1706 2632 1863 2671 latinam
1889 2633 2106 2686 brevesque
2126 2635 2246 2674 adno-

1181 2691 1359 2731 tationes.
