<?xml version="1.0" encoding="UTF-8"?>
<!DOCTYPE html PUBLIC "-//W3C//DTD XHTML 1.0 Transitional//EN"
    "http://www.w3.org/TR/xhtml1/DTD/xhtml1-transitional.dtd">
<html xmlns="http://www.w3.org/1999/xhtml" xml:lang="en" lang="en">
 <head>
  <title>
</title>
<meta http-equiv="Content-Type" content="text/html;charset=utf-8" />
  <meta name='ocr-system' content='tesseract 3.04.00' />
  <meta name='ocr-capabilities' content='ocr_page ocr_carea ocr_par ocr_line ocrx_word'/>
</head>
<body>
  <div class='ocr_page' id='page_1' title='image "./fragmentaphiloso01mulluoft_0454.png"; bbox 0 0 2612 3814; ppageno 0'>
   <div class='ocr_carea' id='block_1_1' title="bbox 262 254 347 287">
    <p class='ocr_par' dir='ltr' id='par_1_1' title="bbox 262 254 347 287">
     <span class='ocr_line' id='line_1_1' title="bbox 262 254 347 287; baseline -0.024 0"><span class='ocrx_word' id='word_1_1' title='bbox 262 254 347 287; x_wconf 74' lang='lat'>⁴14</span> 
     </span>
    </p>
   </div>
   <div class='ocr_carea' id='block_1_2' title="bbox 1172 240 1548 281">
    <p class='ocr_par' dir='ltr' id='par_1_2' title="bbox 1172 240 1548 281">
     <span class='ocr_line' id='line_1_2' title="bbox 1172 240 1548 281; baseline -0.008 0"><span class='ocrx_word' id='word_1_2' title='bbox 1172 241 1242 281; x_wconf 81' lang='lat' dir='ltr'>m:</span> <span class='ocrx_word' id='word_1_3' title='bbox 1272 240 1548 281; x_wconf 84' lang='lat' dir='ltr'>HIEROCLE.</span> 
     </span>
    </p>
   </div>
   <div class='ocr_carea' id='block_1_3' title="bbox 261 316 2485 387">
    <p class='ocr_par' dir='ltr' id='par_1_3' title="bbox 261 316 2485 387">
     <span class='ocr_line' id='line_1_3' title="bbox 261 316 2485 387; baseline -0 -14"><span class='ocrx_word' id='word_1_4' title='bbox 261 337 324 382; x_wconf 72' lang='grc' dir='ltr'>τῆς</span> <span class='ocrx_word' id='word_1_5' title='bbox 340 336 409 373; x_wconf 82' lang='grc' dir='ltr'>τῶν</span> <span class='ocrx_word' id='word_1_6' title='bbox 431 332 510 387; x_wconf 74' lang='grc' dir='ltr'>περὶ</span> <span class='ocrx_word' id='word_1_7' title='bbox 525 332 584 373; x_wconf 83' lang='grc' dir='ltr'>τὸν</span> <span class='ocrx_word' id='word_1_8' title='bbox 601 332 675 387; x_wconf 90' lang='grc' dir='ltr'>βίον</span> <span class='ocrx_word' id='word_1_9' title='bbox 693 316 842 386; x_wconf 79' lang='grc' dir='ltr'>ἀρίστης</span> <span class='ocrx_word' id='word_1_10' title='bbox 852 330 1014 385; x_wconf 81' lang='grc' dir='ltr'>χρήσεως</span> <span class='ocrx_word' id='word_1_11' title='bbox 1033 330 1119 384; x_wconf 85' lang='grc' dir='ltr'>πρὸς</span> <span class='ocrx_word' id='word_1_12' title='bbox 1138 329 1202 378; x_wconf 83' lang='grc' dir='ltr'>τὴν</span> <span class='ocrx_word' id='word_1_13' title='bbox 1227 330 1322 369; x_wconf 84' lang='grc' dir='ltr'>θείαν</span> <span class='ocrx_word' id='word_1_14' title='bbox 1385 331 1582 367; x_wconf 82' lang='lat' dir='ltr'>Jacoboea.</span> <span class='ocrx_word' id='word_1_15' title='bbox 1604 328 1719 376; x_wconf 85' lang='lat'>1573.</span> <span class='ocrx_word' id='word_1_16' title='bbox 1737 330 1831 368; x_wconf 89' lang='lat' dir='ltr'>Cum</span> <span class='ocrx_word' id='word_1_17' title='bbox 1839 333 2041 380; x_wconf 78' lang='lat' dir='ltr'>privilegio</span> <span class='ocrx_word' id='word_1_18' title='bbox 2055 332 2184 380; x_wconf 77' lang='lat' dir='ltr'>Regis.</span> <span class='ocrx_word' id='word_1_19' title='bbox 2196 347 2214 365; x_wconf 72' lang='lat' dir='ltr'>n</span> <span class='ocrx_word' id='word_1_20' title='bbox 2227 331 2452 372; x_wconf 83' lang='lat' dir='ltr'>Curterium</span> <span class='ocrx_word' id='word_1_21' title='bbox 2481 341 2485 352; x_wconf 79' lang='grc'>’-</span> 
     </span>
    </p>
   </div>
   <div class='ocr_carea' id='block_1_4' title="bbox 262 389 1348 3302">
    <p class='ocr_par' dir='ltr' id='par_1_4' title="bbox 262 389 1348 3302">
     <span class='ocr_line' id='line_1_4' title="bbox 262 389 1325 445; baseline -0.006 -12"><span class='ocrx_word' id='word_1_22' title='bbox 262 393 430 445; x_wconf 84' lang='grc' dir='ltr'>ὁμοίωσιν</span> <span class='ocrx_word' id='word_1_23' title='bbox 451 392 598 434; x_wconf 82' lang='grc' dir='ltr'>ἀνιέναι.</span> <span class='ocrx_word' id='word_1_24' title='bbox 621 392 679 431; x_wconf 85' lang='lat' dir='ltr'>Ex</span> <span class='ocrx_word' id='word_1_25' title='bbox 698 392 760 431; x_wconf 86' lang='lat' dir='ltr'>his</span> <span class='ocrx_word' id='word_1_26' title='bbox 782 392 949 443; x_wconf 88' lang='lat' dir='ltr'>aliisque</span> <span class='ocrx_word' id='word_1_27' title='bbox 967 391 1204 443; x_wconf 86' lang='lat' dir='ltr'>scriptorum</span> <span class='ocrx_word' id='word_1_28' title='bbox 1228 389 1325 427; x_wconf 91' lang='lat' dir='ltr'>locis</span> 
     </span>
     <span class='ocr_line' id='line_1_5' title="bbox 263 447 1323 504; baseline -0.005 -12"><span class='ocrx_word' id='word_1_29' title='bbox 263 453 376 492; x_wconf 83' lang='lat' dir='ltr'>facile</span> <span class='ocrx_word' id='word_1_30' title='bbox 396 452 612 503; x_wconf 83' lang='lat' dir='ltr'><strong>colligitur,</strong></span> <span class='ocrx_word' id='word_1_31' title='bbox 638 460 789 490; x_wconf 86' lang='lat' dir='ltr'>veteres</span> <span class='ocrx_word' id='word_1_32' title='bbox 818 448 1124 504; x_wconf 82' lang='grc' dir='ltr'>παραγγέλματα,</span> <span class='ocrx_word' id='word_1_33' title='bbox 1153 447 1323 502; x_wconf 76' lang='grc' dir='ltr'>παραινέ-</span> 
     </span>
     <span class='ocr_line' id='line_1_6' title="bbox 263 508 1325 566; baseline -0.008 -12"><span class='ocrx_word' id='word_1_34' title='bbox 263 530 356 566; x_wconf 81' lang='grc' dir='ltr'>σεις,</span> <span class='ocrx_word' id='word_1_35' title='bbox 389 513 567 561; x_wconf 83' lang='grc' dir='ltr'>ὑποθήκας</span> <span class='ocrx_word' id='word_1_36' title='bbox 601 524 703 564; x_wconf 88' lang='lat' dir='ltr'>saepe</span> <span class='ocrx_word' id='word_1_37' title='bbox 729 510 954 563; x_wconf 85' lang='lat' dir='ltr'>promiscue</span> <span class='ocrx_word' id='word_1_38' title='bbox 982 521 1189 559; x_wconf 83' lang='lat' dir='ltr'>usurpasse</span> <span class='ocrx_word' id='word_1_39' title='bbox 1221 508 1325 561; x_wconf 76' lang='lat'>(21),</span> 
     </span>
     <span class='ocr_line' id='line_1_7' title="bbox 264 566 1327 627; baseline -0.008 -14"><span class='ocrx_word' id='word_1_40' title='bbox 264 587 499 627; x_wconf 85' lang='lat' dir='ltr'>quamquam</span> <span class='ocrx_word' id='word_1_41' title='bbox 533 572 687 624; x_wconf 89' lang='lat' dir='ltr'>liquido</span> <span class='ocrx_word' id='word_1_42' title='bbox 708 578 858 610; x_wconf 90' lang='lat' dir='ltr'>constat</span> <span class='ocrx_word' id='word_1_43' title='bbox 884 569 947 613; x_wconf 81' lang='grc' dir='ltr'>τὰς</span> <span class='ocrx_word' id='word_1_44' title='bbox 975 572 1044 608; x_wconf 84' lang='grc' dir='ltr'>τῶν</span> <span class='ocrx_word' id='word_1_45' title='bbox 1077 566 1327 619; x_wconf 84' lang='grc' dir='ltr'>Πυθαγορείων</span> 
     </span>
     <span class='ocr_line' id='line_1_8' title="bbox 265 626 1324 681; baseline -0.008 -9"><span class='ocrx_word' id='word_1_46' title='bbox 265 633 443 681; x_wconf 78' lang='grc' dir='ltr'>ὑποθήκας</span> <span class='ocrx_word' id='word_1_47' title='bbox 460 633 620 671; x_wconf 78' lang='lat' dir='ltr'>differre</span> <span class='ocrx_word' id='word_1_48' title='bbox 641 631 690 670; x_wconf 87' lang='lat' dir='ltr'>ab</span> <span class='ocrx_word' id='word_1_49' title='bbox 709 644 845 670; x_wconf 88' lang='lat' dir='ltr'>eorum</span> <span class='ocrx_word' id='word_1_50' title='bbox 868 628 1060 679; x_wconf 85' lang='lat' dir='ltr'>symbolis</span> <span class='ocrx_word' id='word_1_51' title='bbox 1082 626 1297 679; x_wconf 74' lang='grc' dir='ltr'>(συμὸόλοις)</span> <span class='ocrx_word' id='word_1_52' title='bbox 1314 656 1324 674; x_wconf 89' lang='grc'>,</span> 
     </span>
     <span class='ocr_line' id='line_1_9' title="bbox 265 687 1324 743; baseline -0.006 -12"><span class='ocrx_word' id='word_1_53' title='bbox 265 694 462 731; x_wconf 84' lang='lat' dir='ltr'><strong>sententiis</strong></span> <span class='ocrx_word' id='word_1_54' title='bbox 495 691 680 743; x_wconf 78' lang='grc' dir='ltr'>(γνώμαις)</span> <span class='ocrx_word' id='word_1_55' title='bbox 718 698 756 728; x_wconf 89' lang='lat' dir='ltr'>et</span> <span class='ocrx_word' id='word_1_56' title='bbox 787 687 1118 728; x_wconf 87' lang='lat' dir='ltr'>similitudinibus</span> <span class='ocrx_word' id='word_1_57' title='bbox 1150 687 1324 739; x_wconf 75' lang='grc' dir='ltr'>(ὁμοίοις).</span> 
     </span>
     <span class='ocr_line' id='line_1_10' title="bbox 264 748 1325 803; baseline -0.005 -13"><span class='ocrx_word' id='word_1_58' title='bbox 264 755 363 790; x_wconf 83' lang='lat' dir='ltr'>Ante</span> <span class='ocrx_word' id='word_1_59' title='bbox 398 761 578 803; x_wconf 87' lang='lat' dir='ltr'>quartum</span> <span class='ocrx_word' id='word_1_60' title='bbox 611 759 738 789; x_wconf 86' lang='lat' dir='ltr'>autem</span> <span class='ocrx_word' id='word_1_61' title='bbox 774 763 796 788; x_wconf 89' lang='lat' dir='ltr'>a</span> <span class='ocrx_word' id='word_1_62' title='bbox 826 749 982 787; x_wconf 86' lang='lat' dir='ltr'>Christo</span> <span class='ocrx_word' id='word_1_63' title='bbox 1015 757 1105 786; x_wconf 88' lang='lat' dir='ltr'>nato</span> <span class='ocrx_word' id='word_1_64' title='bbox 1141 748 1325 786; x_wconf 78' lang='lat' dir='ltr'>saeculum</span> 
     </span>
     <span class='ocr_line' id='line_1_11' title="bbox 265 806 1324 863; baseline -0.004 -15"><span class='ocrx_word' id='word_1_65' title='bbox 265 823 379 848; x_wconf 89' lang='lat' dir='ltr'>nemo</span> <span class='ocrx_word' id='word_1_66' title='bbox 400 809 443 848; x_wconf 82' lang='grc' dir='ltr'>τὰ</span> <span class='ocrx_word' id='word_1_67' title='bbox 469 815 585 863; x_wconf 82' lang='grc' dir='ltr'>χρυσᾶ</span> <span class='ocrx_word' id='word_1_68' title='bbox 602 807 670 855; x_wconf 87' lang='grc' dir='ltr'>ἔπη</span> <span class='ocrx_word' id='word_1_69' title='bbox 698 809 772 847; x_wconf 91' lang='lat' dir='ltr'>hoc</span> <span class='ocrx_word' id='word_1_70' title='bbox 795 809 883 860; x_wconf 93' lang='lat' dir='ltr'>ipso</span> <span class='ocrx_word' id='word_1_71' title='bbox 905 807 1065 845; x_wconf 90' lang='lat' dir='ltr'>nomine</span> <span class='ocrx_word' id='word_1_72' title='bbox 1085 806 1299 858; x_wconf 87' lang='lat' dir='ltr'>appellavit</span> <span class='ocrx_word' id='word_1_73' title='bbox 1314 835 1324 854; x_wconf 94' lang='lat'>,</span> 
     </span>
     <span class='ocr_line' id='line_1_12' title="bbox 265 866 1327 920; baseline -0.003 -13"><span class='ocrx_word' id='word_1_74' title='bbox 265 869 458 920; x_wconf 83' lang='lat' dir='ltr'>siquidem</span> <span class='ocrx_word' id='word_1_75' title='bbox 477 869 548 907; x_wconf 89' lang='lat' dir='ltr'>hac</span> <span class='ocrx_word' id='word_1_76' title='bbox 568 868 829 920; x_wconf 82' lang='lat' dir='ltr'>appellatione</span> <span class='ocrx_word' id='word_1_77' title='bbox 848 868 1000 919; x_wconf 88' lang='lat' dir='ltr'>primus</span> <span class='ocrx_word' id='word_1_78' title='bbox 1025 880 1119 905; x_wconf 89' lang='lat' dir='ltr'>usus</span> <span class='ocrx_word' id='word_1_79' title='bbox 1138 875 1196 904; x_wconf 88' lang='lat' dir='ltr'>est</span> <span class='ocrx_word' id='word_1_80' title='bbox 1214 866 1327 904; x_wconf 76' lang='lat' dir='ltr'>Jam-</span> 
     </span>
     <span class='ocr_line' id='line_1_13' title="bbox 265 926 1328 979; baseline -0.001 -13"><span class='ocrx_word' id='word_1_81' title='bbox 265 927 420 967; x_wconf 91' lang='lat' dir='ltr'>blichus</span> <span class='ocrx_word' id='word_1_82' title='bbox 452 929 494 966; x_wconf 92' lang='lat' dir='ltr'>in</span> <span class='ocrx_word' id='word_1_83' title='bbox 523 928 781 979; x_wconf 89' lang='lat' dir='ltr'>Protreptico.</span> <span class='ocrx_word' id='word_1_84' title='bbox 805 926 933 978; x_wconf 88' lang='lat' dir='ltr'>Hujus</span> <span class='ocrx_word' id='word_1_85' title='bbox 961 926 1182 978; x_wconf 87' lang='lat' dir='ltr'>exemplum</span> <span class='ocrx_word' id='word_1_86' title='bbox 1206 927 1328 965; x_wconf 87' lang='lat' dir='ltr'>secuti</span> 
     </span>
     <span class='ocr_line' id='line_1_14' title="bbox 265 986 1327 1038; baseline -0.002 -12"><span class='ocrx_word' id='word_1_87' title='bbox 265 987 513 1038; x_wconf 63' lang='lat' dir='ltr'>Chalc-itlius,</span> <span class='ocrx_word' id='word_1_88' title='bbox 548 988 733 1035; x_wconf 87' lang='lat' dir='ltr'>Proclus,</span> <span class='ocrx_word' id='word_1_89' title='bbox 781 987 1004 1034; x_wconf 81' lang='lat' dir='ltr'>Hierocles,</span> <span class='ocrx_word' id='word_1_90' title='bbox 1050 986 1118 1024; x_wconf 89' lang='lat' dir='ltr'>alii</span> <span class='ocrx_word' id='word_1_91' title='bbox 1165 986 1327 1024; x_wconf 89' lang='lat' dir='ltr'>eandem</span> 
     </span>
     <span class='ocr_line' id='line_1_15' title="bbox 266 1046 1327 1097; baseline 0 -13"><span class='ocrx_word' id='word_1_92' title='bbox 266 1060 448 1085; x_wconf 85' lang='lat' dir='ltr'>versuum</span> <span class='ocrx_word' id='word_1_93' title='bbox 472 1047 818 1097; x_wconf 81' lang='lat' dir='ltr'>Pythagoricorum</span> <span class='ocrx_word' id='word_1_94' title='bbox 844 1046 1145 1096; x_wconf 82' lang='lat' dir='ltr'>inscriptionem</span> <span class='ocrx_word' id='word_1_95' title='bbox 1160 1059 1245 1084; x_wconf 90' lang='lat' dir='ltr'>esse</span> <span class='ocrx_word' id='word_1_96' title='bbox 1262 1060 1327 1084; x_wconf 90' lang='lat' dir='ltr'>vo-</span> 
     </span>
     <span class='ocr_line' id='line_1_16' title="bbox 267 1105 1328 1158; baseline 0.002 -15"><span class='ocrx_word' id='word_1_97' title='bbox 267 1107 433 1146; x_wconf 89' lang='lat' dir='ltr'>luerunt.</span> <span class='ocrx_word' id='word_1_98' title='bbox 457 1107 544 1144; x_wconf 86' lang='lat' dir='ltr'>Jam</span> <span class='ocrx_word' id='word_1_99' title='bbox 566 1120 686 1158; x_wconf 88' lang='lat' dir='ltr'>quum</span> <span class='ocrx_word' id='word_1_100' title='bbox 709 1119 824 1145; x_wconf 78' lang='lat' dir='ltr'>nenio</span> <span class='ocrx_word' id='word_1_101' title='bbox 854 1105 1027 1155; x_wconf 89' lang='lat' dir='ltr'>dubitet,</span> <span class='ocrx_word' id='word_1_102' title='bbox 1054 1108 1152 1157; x_wconf 90' lang='lat' dir='ltr'>quin</span> <span class='ocrx_word' id='word_1_103' title='bbox 1178 1115 1328 1146; x_wconf 86' lang='lat' dir='ltr'>veteres</span> 
     </span>
     <span class='ocr_line' id='line_1_17' title="bbox 265 1166 1331 1217; baseline 0.001 -13"><span class='ocrx_word' id='word_1_104' title='bbox 265 1167 307 1205; x_wconf 87' lang='lat' dir='ltr'>in</span> <span class='ocrx_word' id='word_1_105' title='bbox 339 1167 556 1206; x_wconf 86' lang='lat' dir='ltr'>excitandis</span> <span class='ocrx_word' id='word_1_106' title='bbox 586 1166 778 1206; x_wconf 88' lang='lat' dir='ltr'>librorum</span> <span class='ocrx_word' id='word_1_107' title='bbox 813 1167 937 1206; x_wconf 88' lang='lat' dir='ltr'>titulis</span> <span class='ocrx_word' id='word_1_108' title='bbox 968 1166 1179 1205; x_wconf 86' lang='lat' dir='ltr'>admodum</span> <span class='ocrx_word' id='word_1_109' title='bbox 1208 1168 1331 1217; x_wconf 80' lang='lat' dir='ltr'>negli-</span> 
     </span>
     <span class='ocr_line' id='line_1_18' title="bbox 265 1226 1331 1278; baseline 0.001 -14"><span class='ocrx_word' id='word_1_110' title='bbox 265 1235 397 1276; x_wconf 81' lang='lat' dir='ltr'>gentes</span> <span class='ocrx_word' id='word_1_111' title='bbox 415 1227 570 1275; x_wconf 83' lang='lat' dir='ltr'>fuerint‚</span> <span class='ocrx_word' id='word_1_112' title='bbox 582 1226 817 1277; x_wconf 84' lang='lat' dir='ltr'>intelligitur</span> <span class='ocrx_word' id='word_1_113' title='bbox 834 1239 951 1278; x_wconf 88' lang='lat' dir='ltr'>quam</span> <span class='ocrx_word' id='word_1_114' title='bbox 967 1226 1130 1264; x_wconf 83' lang='lat' dir='ltr'>difficile</span> <span class='ocrx_word' id='word_1_115' title='bbox 1146 1226 1197 1264; x_wconf 91' lang='lat' dir='ltr'>sit</span> <span class='ocrx_word' id='word_1_116' title='bbox 1214 1226 1331 1265; x_wconf 90' lang='lat' dir='ltr'>hodie</span> 
     </span>
     <span class='ocr_line' id='line_1_19' title="bbox 265 1285 1332 1337; baseline 0 -13"><span class='ocrx_word' id='word_1_117' title='bbox 265 1286 314 1325; x_wconf 89' lang='lat' dir='ltr'>de</span> <span class='ocrx_word' id='word_1_118' title='bbox 345 1294 503 1324; x_wconf 88' lang='lat' dir='ltr'>auctore</span> <span class='ocrx_word' id='word_1_119' title='bbox 523 1285 631 1324; x_wconf 87' lang='lat' dir='ltr'>aurei</span> <span class='ocrx_word' id='word_1_120' title='bbox 662 1286 851 1324; x_wconf 84' lang='lat' dir='ltr'>carminis</span> <span class='ocrx_word' id='word_1_121' title='bbox 881 1298 1082 1337; x_wconf 88' lang='lat' dir='ltr'>quaerere,</span> <span class='ocrx_word' id='word_1_122' title='bbox 1104 1285 1211 1336; x_wconf 90' lang='lat' dir='ltr'>quod</span> <span class='ocrx_word' id='word_1_123' title='bbox 1243 1294 1332 1324; x_wconf 88' lang='lat' dir='ltr'>ante</span> 
     </span>
     <span class='ocr_line' id='line_1_20' title="bbox 267 1345 1329 1398; baseline -0.001 -13"><span class='ocrx_word' id='word_1_124' title='bbox 267 1355 449 1398; x_wconf 87' lang='lat' dir='ltr'>quartum</span> <span class='ocrx_word' id='word_1_125' title='bbox 471 1346 656 1384; x_wconf 90' lang='lat' dir='ltr'>saeculum</span> <span class='ocrx_word' id='word_1_126' title='bbox 681 1345 730 1384; x_wconf 88' lang='lat' dir='ltr'>ab</span> <span class='ocrx_word' id='word_1_127' title='bbox 751 1346 842 1385; x_wconf 89' lang='lat' dir='ltr'>aliis</span> <span class='ocrx_word' id='word_1_128' title='bbox 862 1346 941 1384; x_wconf 88' lang='lat' dir='ltr'>alio</span> <span class='ocrx_word' id='word_1_129' title='bbox 961 1345 1122 1384; x_wconf 88' lang='lat' dir='ltr'>nomine</span> <span class='ocrx_word' id='word_1_130' title='bbox 1144 1346 1329 1385; x_wconf 86' lang='lat' dir='ltr'>afficitur.</span> 
     </span>
     <span class='ocr_line' id='line_1_21' title="bbox 266 1404 1333 1455; baseline 0.001 -12"><span class='ocrx_word' id='word_1_131' title='bbox 266 1404 362 1443; x_wconf 85' lang='lat' dir='ltr'>Nam</span> <span class='ocrx_word' id='word_1_132' title='bbox 397 1405 524 1443; x_wconf 89' lang='lat' dir='ltr'>media</span> <span class='ocrx_word' id='word_1_133' title='bbox 551 1413 659 1443; x_wconf 85' lang='lat' dir='ltr'>aetate</span> <span class='ocrx_word' id='word_1_134' title='bbox 687 1405 728 1443; x_wconf 91' lang='lat' dir='ltr'>hi</span> <span class='ocrx_word' id='word_1_135' title='bbox 764 1404 1099 1455; x_wconf 84' lang='lat' dir='ltr'>Pythagoreorum</span> <span class='ocrx_word' id='word_1_136' title='bbox 1121 1417 1258 1444; x_wconf 90' lang='lat' dir='ltr'>versus</span> <span class='ocrx_word' id='word_1_137' title='bbox 1279 1406 1333 1444; x_wconf 88' lang='lat' dir='ltr'>ita</span> 
     </span>
     <span class='ocr_line' id='line_1_22' title="bbox 267 1464 1330 1515; baseline -0.001 -12"><span class='ocrx_word' id='word_1_138' title='bbox 267 1464 471 1503; x_wconf 88' lang='lat' dir='ltr'>hominum</span> <span class='ocrx_word' id='word_1_139' title='bbox 504 1464 633 1502; x_wconf 89' lang='lat' dir='ltr'>studia</span> <span class='ocrx_word' id='word_1_140' title='bbox 664 1473 896 1510; x_wconf 89' lang='lat' dir='ltr'>tenuerunt,</span> <span class='ocrx_word' id='word_1_141' title='bbox 919 1472 962 1501; x_wconf 94' lang='lat' dir='ltr'>ut</span> <span class='ocrx_word' id='word_1_142' title='bbox 996 1476 1100 1515; x_wconf 90' lang='lat' dir='ltr'>saepe</span> <span class='ocrx_word' id='word_1_143' title='bbox 1132 1464 1330 1502; x_wconf 89' lang='lat' dir='ltr'>describe-</span> 
     </span>
     <span class='ocr_line' id='line_1_23' title="bbox 268 1523 1333 1574; baseline 0 -12"><span class='ocrx_word' id='word_1_144' title='bbox 268 1533 418 1572; x_wconf 84' lang='lat' dir='ltr'>rentur,</span> <span class='ocrx_word' id='word_1_145' title='bbox 447 1523 666 1562; x_wconf 87' lang='lat' dir='ltr'>minoribus</span> <span class='ocrx_word' id='word_1_146' title='bbox 694 1523 870 1574; x_wconf 89' lang='lat' dir='ltr'>cujusvis</span> <span class='ocrx_word' id='word_1_147' title='bbox 901 1523 1056 1574; x_wconf 85' lang='lat' dir='ltr'>generis</span> <span class='ocrx_word' id='word_1_148' title='bbox 1090 1524 1333 1562; x_wconf 89' lang='lat' dir='ltr'>carminibus</span> 
     </span>
     <span class='ocr_line' id='line_1_24' title="bbox 267 1582 1333 1635; baseline -0.002 -12"><span class='ocrx_word' id='word_1_149' title='bbox 267 1584 547 1635; x_wconf 84' lang='lat' dir='ltr'>adjicerentur,</span> <span class='ocrx_word' id='word_1_150' title='bbox 571 1596 593 1620; x_wconf 89' lang='lat' dir='ltr'>a</span> <span class='ocrx_word' id='word_1_151' title='bbox 611 1583 789 1621; x_wconf 88' lang='lat' dir='ltr'>Cedreno</span> <span class='ocrx_word' id='word_1_152' title='bbox 811 1583 927 1621; x_wconf 89' lang='lat' dir='ltr'>etiam</span> <span class='ocrx_word' id='word_1_153' title='bbox 960 1596 985 1634; x_wconf 88' lang='lat' dir='ltr'>p</span> <span class='ocrx_word' id='word_1_154' title='bbox 1023 1582 1096 1621; x_wconf 87' lang='lat'>156</span> <span class='ocrx_word' id='word_1_155' title='bbox 1120 1591 1333 1621; x_wconf 87' lang='lat' dir='ltr'>tractaren-</span> 
     </span>
     <span class='ocr_line' id='line_1_25' title="bbox 267 1640 1332 1695; baseline -0.001 -13"><span class='ocrx_word' id='word_1_156' title='bbox 267 1652 343 1691; x_wconf 90' lang='lat' dir='ltr'>tur,</span> <span class='ocrx_word' id='word_1_157' title='bbox 364 1643 534 1693; x_wconf 87' lang='lat' dir='ltr'>denique</span> <span class='ocrx_word' id='word_1_158' title='bbox 554 1655 690 1680; x_wconf 89' lang='lat' dir='ltr'>eorum</span> <span class='ocrx_word' id='word_1_159' title='bbox 713 1655 854 1680; x_wconf 90' lang='lat' dir='ltr'>nomen</span> <span class='ocrx_word' id='word_1_160' title='bbox 876 1640 958 1693; x_wconf 84' lang='grc' dir='ltr'>(ἔπη</span> <span class='ocrx_word' id='word_1_161' title='bbox 985 1640 1117 1695; x_wconf 77' lang='grc' dir='ltr'>χρυσᾶ)</span> <span class='ocrx_word' id='word_1_162' title='bbox 1149 1644 1332 1681; x_wconf 86' lang='lat' dir='ltr'>transfer·</span> 
     </span>
     <span class='ocr_line' id='line_1_26' title="bbox 267 1701 1333 1754; baseline 0 -13"><span class='ocrx_word' id='word_1_163' title='bbox 267 1711 388 1741; x_wconf 83' lang='lat' dir='ltr'>retur</span> <span class='ocrx_word' id='word_1_164' title='bbox 406 1701 455 1740; x_wconf 89' lang='lat' dir='ltr'>ad</span> <span class='ocrx_word' id='word_1_165' title='bbox 493 1701 755 1752; x_wconf 86' lang='lat' dir='ltr'>Chrysornalli</span> <span class='ocrx_word' id='word_1_166' title='bbox 801 1701 1004 1753; x_wconf 88' lang='lat' dir='ltr'>cujusdam</span> <span class='ocrx_word' id='word_1_167' title='bbox 1053 1715 1193 1741; x_wconf 87' lang='lat' dir='ltr'>versus</span> <span class='ocrx_word' id='word_1_168' title='bbox 1229 1703 1333 1754; x_wconf 89' lang='lat' dir='ltr'>apud</span> 
     </span>
     <span class='ocr_line' id='line_1_27' title="bbox 267 1760 1334 1813; baseline 0 -13"><span class='ocrx_word' id='word_1_169' title='bbox 267 1762 535 1801; x_wconf 86' lang='lat' dir='ltr'>Balsamonem</span> <span class='ocrx_word' id='word_1_170' title='bbox 557 1761 596 1799; x_wconf 92' lang='lat' dir='ltr'>in</span> <span class='ocrx_word' id='word_1_171' title='bbox 619 1774 704 1800; x_wconf 89' lang='lat' dir='ltr'>can.</span> <span class='ocrx_word' id='word_1_172' title='bbox 729 1760 796 1799; x_wconf 89' lang='lat' dir='ltr'>LX</span> <span class='ocrx_word' id='word_1_173' title='bbox 816 1761 1046 1813; x_wconf 86' lang='lat' dir='ltr'>Apostolor.</span> <span class='ocrx_word' id='word_1_174' title='bbox 1067 1761 1165 1799; x_wconf 86' lang='lat' dir='ltr'>Vide</span> <span class='ocrx_word' id='word_1_175' title='bbox 1185 1761 1334 1800; x_wconf 88' lang='lat' dir='ltr'>Cotele·</span> 
     </span>
     <span class='ocr_line' id='line_1_28' title="bbox 267 1821 1332 1872; baseline 0 -12"><span class='ocrx_word' id='word_1_176' title='bbox 267 1823 371 1860; x_wconf 87' lang='lat' dir='ltr'>rium</span> <span class='ocrx_word' id='word_1_177' title='bbox 392 1821 449 1860; x_wconf 88' lang='lat'>111</span> <span class='ocrx_word' id='word_1_178' title='bbox 466 1824 705 1861; x_wconf 90' lang='lat' dir='ltr'>Monument.</span> <span class='ocrx_word' id='word_1_179' title='bbox 722 1821 862 1860; x_wconf 87' lang='lat' dir='ltr'>eccles.</span> <span class='ocrx_word' id='word_1_180' title='bbox 882 1834 941 1871; x_wconf 84' lang='lat' dir='ltr'>gr.</span> <span class='ocrx_word' id='word_1_181' title='bbox 959 1835 999 1872; x_wconf 88' lang='lat' dir='ltr'>p.</span> <span class='ocrx_word' id='word_1_182' title='bbox 1017 1821 1090 1870; x_wconf 88' lang='lat'>571</span> <span class='ocrx_word' id='word_1_183' title='bbox 1111 1829 1148 1860; x_wconf 90' lang='lat' dir='ltr'>et</span> <span class='ocrx_word' id='word_1_184' title='bbox 1165 1825 1332 1861; x_wconf 89' lang='lat' dir='ltr'>Leonem</span> 
     </span>
     <span class='ocr_line' id='line_1_29' title="bbox 267 1880 1336 1931; baseline -0.001 -11"><span class='ocrx_word' id='word_1_185' title='bbox 267 1881 455 1921; x_wconf 80' lang='lat' dir='ltr'>Allatium</span> <span class='ocrx_word' id='word_1_186' title='bbox 471 1880 518 1918; x_wconf 93' lang='lat' dir='ltr'>de</span> <span class='ocrx_word' id='word_1_187' title='bbox 533 1881 708 1919; x_wconf 86' lang='lat' dir='ltr'>ecclesiae</span> <span class='ocrx_word' id='word_1_188' title='bbox 726 1880 981 1919; x_wconf 88' lang='lat' dir='ltr'>occidentalis</span> <span class='ocrx_word' id='word_1_189' title='bbox 999 1889 1115 1931; x_wconf 86' lang='lat' dir='ltr'>atque</span> <span class='ocrx_word' id='word_1_190' title='bbox 1133 1881 1336 1919; x_wconf 89' lang='lat' dir='ltr'>orientalis</span> 
     </span>
     <span class='ocr_line' id='line_1_30' title="bbox 269 1939 1335 1993; baseline -0.001 -13"><span class='ocrx_word' id='word_1_191' title='bbox 269 1949 459 1993; x_wconf 87' lang='lat' dir='ltr'>perpetua</span> <span class='ocrx_word' id='word_1_192' title='bbox 479 1940 736 1979; x_wconf 88' lang='lat' dir='ltr'>consensione</span> <span class='ocrx_word' id='word_1_193' title='bbox 756 1939 826 1978; x_wconf 90' lang='lat' dir='ltr'>lib.</span> <span class='ocrx_word' id='word_1_194' title='bbox 851 1939 909 1977; x_wconf 89' lang='lat' dir='ltr'>lll</span> <span class='ocrx_word' id='word_1_195' title='bbox 939 1954 977 1992; x_wconf 91' lang='lat' dir='ltr'>p.</span> <span class='ocrx_word' id='word_1_196' title='bbox 995 1940 1087 1979; x_wconf 81' lang='lat'>653.</span> <span class='ocrx_word' id='word_1_197' title='bbox 1108 1939 1224 1986; x_wconf 84' lang='lat' dir='ltr'>Quod</span> <span class='ocrx_word' id='word_1_198' title='bbox 1241 1955 1335 1979; x_wconf 86' lang='lat' dir='ltr'>vero</span> 
     </span>
     <span class='ocr_line' id='line_1_31' title="bbox 270 1999 1335 2051; baseline -0.001 -11"><span class='ocrx_word' id='word_1_199' title='bbox 270 2001 353 2040; x_wconf 88' lang='lat' dir='ltr'>dixi</span> <span class='ocrx_word' id='word_1_200' title='bbox 373 2014 454 2039; x_wconf 87' lang='lat' dir='ltr'>non</span> <span class='ocrx_word' id='word_1_201' title='bbox 482 2013 599 2038; x_wconf 86' lang='lat' dir='ltr'>unam</span> <span class='ocrx_word' id='word_1_202' title='bbox 631 2000 750 2039; x_wconf 86' lang='lat' dir='ltr'>fuisse</span> <span class='ocrx_word' id='word_1_203' title='bbox 783 2000 877 2038; x_wconf 92' lang='lat' dir='ltr'>olim</span> <span class='ocrx_word' id='word_1_204' title='bbox 907 1999 1026 2051; x_wconf 89' lang='lat' dir='ltr'>hujus</span> <span class='ocrx_word' id='word_1_205' title='bbox 1058 2000 1245 2039; x_wconf 84' lang='lat' dir='ltr'>carminis</span> <span class='ocrx_word' id='word_1_206' title='bbox 1274 2002 1335 2039; x_wconf 90' lang='lat' dir='ltr'>in·</span> 
     </span>
     <span class='ocr_line' id='line_1_32' title="bbox 269 2059 1335 2112; baseline 0 -13"><span class='ocrx_word' id='word_1_207' title='bbox 269 2061 548 2112; x_wconf 85' lang='lat' dir='ltr'>scriptionem,</span> <span class='ocrx_word' id='word_1_208' title='bbox 568 2060 609 2098; x_wconf 89' lang='lat' dir='ltr'>id</span> <span class='ocrx_word' id='word_1_209' title='bbox 628 2060 691 2098; x_wconf 87' lang='lat' dir='ltr'>vel</span> <span class='ocrx_word' id='word_1_210' title='bbox 711 2059 830 2098; x_wconf 89' lang='lat' dir='ltr'>hodie</span> <span class='ocrx_word' id='word_1_211' title='bbox 851 2060 1038 2111; x_wconf 86' lang='lat' dir='ltr'>inspectis</span> <span class='ocrx_word' id='word_1_212' title='bbox 1069 2059 1185 2098; x_wconf 91' lang='lat' dir='ltr'>libris</span> <span class='ocrx_word' id='word_1_213' title='bbox 1216 2074 1335 2100; x_wconf 87' lang='lat' dir='ltr'>manu</span> 
     </span>
     <span class='ocr_line' id='line_1_33' title="bbox 270 2118 1336 2171; baseline 0 -13"><span class='ocrx_word' id='word_1_214' title='bbox 270 2120 438 2158; x_wconf 86' lang='lat' dir='ltr'>exaratis</span> <span class='ocrx_word' id='word_1_215' title='bbox 457 2119 709 2171; x_wconf 89' lang='lat' dir='ltr'>perspicitur.</span> <span class='ocrx_word' id='word_1_216' title='bbox 732 2118 885 2157; x_wconf 85' lang='lat' dir='ltr'>Etenim</span> <span class='ocrx_word' id='word_1_217' title='bbox 908 2119 949 2157; x_wconf 90' lang='lat' dir='ltr'>in</span> <span class='ocrx_word' id='word_1_218' title='bbox 969 2118 1105 2157; x_wconf 90' lang='lat' dir='ltr'>codice</span> <span class='ocrx_word' id='word_1_219' title='bbox 1121 2119 1336 2158; x_wconf 90' lang='lat' dir='ltr'>Parisiensi</span> 
     </span>
     <span class='ocr_line' id='line_1_34' title="bbox 271 2177 1334 2232; baseline 0 -15"><span class='ocrx_word' id='word_1_220' title='bbox 271 2179 413 2229; x_wconf 82' lang='lat' dir='ltr'>legitur</span> <span class='ocrx_word' id='word_1_221' title='bbox 429 2177 636 2230; x_wconf 71' lang='grc' dir='ltr'>Πυθαγόρου</span> <span class='ocrx_word' id='word_1_222' title='bbox 653 2177 806 2229; x_wconf 75' lang='grc' dir='ltr'>Σαμίοιο</span> <span class='ocrx_word' id='word_1_223' title='bbox 820 2178 888 2225; x_wconf 85' lang='grc' dir='ltr'>ἔπη</span> <span class='ocrx_word' id='word_1_224' title='bbox 906 2177 951 2216; x_wconf 83' lang='grc' dir='ltr'>τὰ</span> <span class='ocrx_word' id='word_1_225' title='bbox 966 2179 996 2216; x_wconf 87' lang='grc' dir='ltr'>δ’</span> <span class='ocrx_word' id='word_1_226' title='bbox 1013 2177 1126 2217; x_wconf 87' lang='grc' dir='ltr'>ἔνεστι</span> <span class='ocrx_word' id='word_1_227' title='bbox 1142 2178 1186 2216; x_wconf 83' lang='grc' dir='ltr'>τὰ</span> <span class='ocrx_word' id='word_1_228' title='bbox 1200 2185 1334 2232; x_wconf 76' lang='grc' dir='ltr'>χρυσᾶ,</span> 
     </span>
     <span class='ocr_line' id='line_1_35' title="bbox 270 2237 1338 2293; baseline -0.002 -16"><span class='ocrx_word' id='word_1_229' title='bbox 270 2238 313 2277; x_wconf 86' lang='lat' dir='ltr'>in</span> <span class='ocrx_word' id='word_1_230' title='bbox 339 2238 526 2276; x_wconf 84' lang='lat' dir='ltr'>Vaticano</span> <span class='ocrx_word' id='word_1_231' title='bbox 567 2247 694 2276; x_wconf 83' lang='lat' dir='ltr'>aulem</span> <span class='ocrx_word' id='word_1_232' title='bbox 733 2237 942 2291; x_wconf 83' lang='grc' dir='ltr'>Πυθαγόρου</span> <span class='ocrx_word' id='word_1_233' title='bbox 983 2237 1209 2293; x_wconf 82' lang='grc' dir='ltr'>παραινέσεις</span> <span class='ocrx_word' id='word_1_234' title='bbox 1241 2248 1338 2278; x_wconf 84' lang='lat' dir='ltr'>teste</span> 
     </span>
     <span class='ocr_line' id='line_1_36' title="bbox 270 2296 1339 2350; baseline 0.002 -14"><span class='ocrx_word' id='word_1_235' title='bbox 270 2298 574 2336; x_wconf 83' lang='lat' dir='ltr'>Montefalconio</span> <span class='ocrx_word' id='word_1_236' title='bbox 605 2297 706 2335; x_wconf 87' lang='lat' dir='ltr'>Bibl.</span> <span class='ocrx_word' id='word_1_237' title='bbox 740 2296 841 2338; x_wconf 90' lang='lat' dir='ltr'>bibl.</span> <span class='ocrx_word' id='word_1_238' title='bbox 867 2306 960 2338; x_wconf 85' lang='lat' dir='ltr'>tom.</span> <span class='ocrx_word' id='word_1_239' title='bbox 983 2297 1060 2350; x_wconf 86' lang='lat' dir='ltr'>lp.</span> <span class='ocrx_word' id='word_1_240' title='bbox 1086 2297 1107 2335; x_wconf 87' lang='grc'><strong>5</strong></span> <span class='ocrx_word' id='word_1_241' title='bbox 1143 2297 1187 2338; x_wconf 83' lang='lat' dir='ltr'>E.</span> <span class='ocrx_word' id='word_1_242' title='bbox 1211 2299 1339 2338; x_wconf 79' lang='lat' dir='ltr'>Hodie</span> 
     </span>
     <span class='ocr_line' id='line_1_37' title="bbox 270 2358 1339 2408; baseline 0.001 -11"><span class='ocrx_word' id='word_1_243' title='bbox 270 2359 340 2397; x_wconf 80' lang='lat' dir='ltr'>vix</span> <span class='ocrx_word' id='word_1_244' title='bbox 366 2358 478 2396; x_wconf 89' lang='lat' dir='ltr'>aliter</span> <span class='ocrx_word' id='word_1_245' title='bbox 495 2370 611 2408; x_wconf 86' lang='lat' dir='ltr'>quam</span> <span class='ocrx_word' id='word_1_246' title='bbox 636 2370 798 2395; x_wconf 85' lang='lat' dir='ltr'>aureum</span> <span class='ocrx_word' id='word_1_247' title='bbox 819 2370 978 2396; x_wconf 88' lang='lat' dir='ltr'>carmen</span> <span class='ocrx_word' id='word_1_248' title='bbox 1007 2358 1069 2396; x_wconf 90' lang='lat' dir='ltr'>vel</span> <span class='ocrx_word' id='word_1_249' title='bbox 1097 2371 1215 2397; x_wconf 84' lang='lat' dir='ltr'>aurea</span> <span class='ocrx_word' id='word_1_250' title='bbox 1234 2359 1339 2398; x_wconf 89' lang='lat' dir='ltr'>dicta</span> 
     </span>
     <span class='ocr_line' id='line_1_38' title="bbox 274 2417 1133 2471; baseline 0 -15"><span class='ocrx_word' id='word_1_251' title='bbox 274 2418 405 2471; x_wconf 76' lang='grc' dir='ltr'>(χρυσᾶ</span> <span class='ocrx_word' id='word_1_252' title='bbox 425 2418 506 2468; x_wconf 87' lang='grc' dir='ltr'>ἔπη)</span> <span class='ocrx_word' id='word_1_253' title='bbox 531 2417 601 2456; x_wconf 92' lang='lat' dir='ltr'>hos</span> <span class='ocrx_word' id='word_1_254' title='bbox 623 2430 760 2458; x_wconf 83' lang='lat' dir='ltr'>versus</span> <span class='ocrx_word' id='word_1_255' title='bbox 780 2431 1010 2469; x_wconf 90' lang='lat' dir='ltr'>nuncupare</span> <span class='ocrx_word' id='word_1_256' title='bbox 1028 2418 1133 2456; x_wconf 89' lang='lat' dir='ltr'>licet.</span> 
     </span>
     <span class='ocr_line' id='line_1_39' title="bbox 328 2477 1338 2518; baseline 0.002 -3"><span class='ocrx_word' id='word_1_257' title='bbox 328 2478 522 2516; x_wconf 87' lang='lat' dir='ltr'>Hieroclis</span> <span class='ocrx_word' id='word_1_258' title='bbox 554 2477 891 2516; x_wconf 86' lang='lat' dir='ltr'>Commentarium</span> <span class='ocrx_word' id='word_1_259' title='bbox 924 2479 967 2516; x_wconf 90' lang='lat' dir='ltr'>in</span> <span class='ocrx_word' id='word_1_260' title='bbox 998 2491 1160 2516; x_wconf 85' lang='lat' dir='ltr'>aureum</span> <span class='ocrx_word' id='word_1_261' title='bbox 1181 2491 1338 2518; x_wconf 86' lang='lat' dir='ltr'>carmen</span> 
     </span>
     <span class='ocr_line' id='line_1_40' title="bbox 274 2535 1340 2589; baseline 0.002 -14"><span class='ocrx_word' id='word_1_262' title='bbox 274 2538 425 2589; x_wconf 86' lang='lat' dir='ltr'>primus</span> <span class='ocrx_word' id='word_1_263' title='bbox 444 2550 466 2575; x_wconf 89' lang='lat' dir='ltr'>e</span> <span class='ocrx_word' id='word_1_264' title='bbox 485 2536 629 2574; x_wconf 86' lang='lat' dir='ltr'>Codice</span> <span class='ocrx_word' id='word_1_265' title='bbox 663 2535 837 2575; x_wconf 80' lang='lat' dir='ltr'>venetiis</span> <span class='ocrx_word' id='word_1_266' title='bbox 869 2545 973 2576; x_wconf 90' lang='lat' dir='ltr'>emto</span> <span class='ocrx_word' id='word_1_267' title='bbox 1003 2538 1124 2576; x_wconf 89' lang='lat' dir='ltr'>latine</span> <span class='ocrx_word' id='word_1_268' title='bbox 1152 2538 1272 2577; x_wconf 88' lang='lat' dir='ltr'>vertit</span> <span class='ocrx_word' id='word_1_269' title='bbox 1302 2548 1340 2577; x_wconf 89' lang='lat' dir='ltr'>et</span> 
     </span>
     <span class='ocr_line' id='line_1_41' title="bbox 274 2595 1341 2650; baseline 0.004 -17"><span class='ocrx_word' id='word_1_270' title='bbox 274 2595 434 2634; x_wconf 70' lang='lat' dir='ltr'>Nicolao</span> <span class='ocrx_word' id='word_1_271' title='bbox 447 2595 479 2633; x_wconf 89' lang='lat' dir='ltr'>V</span> <span class='ocrx_word' id='word_1_272' title='bbox 492 2595 677 2634; x_wconf 86' lang='lat' dir='ltr'>Pontifici</span> <span class='ocrx_word' id='word_1_273' title='bbox 692 2595 864 2634; x_wconf 87' lang='lat' dir='ltr'>Maximo</span> <span class='ocrx_word' id='word_1_274' title='bbox 880 2597 1077 2635; x_wconf 87' lang='lat' dir='ltr'>dedicavit</span> <span class='ocrx_word' id='word_1_275' title='bbox 1088 2596 1151 2637; x_wconf 82' lang='lat' dir='ltr'>J0.</span> <span class='ocrx_word' id='word_1_276' title='bbox 1168 2597 1341 2650; x_wconf 84' lang='lat' dir='ltr'>Aurispa</span> 
     </span>
     <span class='ocr_line' id='line_1_42' title="bbox 275 2655 1341 2709; baseline 0.004 -17"><span class='ocrx_word' id='word_1_277' title='bbox 275 2655 442 2693; x_wconf 87' lang='lat' dir='ltr'>Siculus.</span> <span class='ocrx_word' id='word_1_278' title='bbox 463 2655 616 2693; x_wconf 83' lang='lat' dir='ltr'>Patavii</span> <span class='ocrx_word' id='word_1_279' title='bbox 639 2661 753 2703; x_wconf 68' lang='lat'>1474,</span> <span class='ocrx_word' id='word_1_280' title='bbox 773 2662 809 2702; x_wconf 73' lang='grc'>4.</span> <span class='ocrx_word' id='word_1_281' title='bbox 832 2656 955 2708; x_wconf 88' lang='lat' dir='ltr'>Cujus</span> <span class='ocrx_word' id='word_1_282' title='bbox 975 2657 1248 2709; x_wconf 87' lang='lat' dir='ltr'>interpretatio</span> <span class='ocrx_word' id='word_1_283' title='bbox 1271 2673 1341 2696; x_wconf 86' lang='lat' dir='ltr'>sae-</span> 
     </span>
     <span class='ocr_line' id='line_1_43' title="bbox 276 2714 1342 2768; baseline 0.005 -17"><span class='ocrx_word' id='word_1_284' title='bbox 276 2714 367 2766; x_wconf 90' lang='lat' dir='ltr'>pius</span> <span class='ocrx_word' id='word_1_285' title='bbox 399 2714 504 2765; x_wconf 87' lang='lat' dir='ltr'>typis</span> <span class='ocrx_word' id='word_1_286' title='bbox 533 2714 728 2765; x_wconf 88' lang='lat' dir='ltr'>descripta</span> <span class='ocrx_word' id='word_1_287' title='bbox 760 2724 828 2754; x_wconf 89' lang='lat' dir='ltr'>est.</span> <span class='ocrx_word' id='word_1_288' title='bbox 861 2716 997 2755; x_wconf 82' lang='lat' dir='ltr'>Graece</span> <span class='ocrx_word' id='word_1_289' title='bbox 1028 2717 1182 2768; x_wconf 88' lang='lat' dir='ltr'>primus</span> <span class='ocrx_word' id='word_1_290' title='bbox 1218 2717 1342 2756; x_wconf 88' lang='lat' dir='ltr'>edidit</span> 
     </span>
     <span class='ocr_line' id='line_1_44' title="bbox 277 2772 1340 2829; baseline 0.004 -17"><span class='ocrx_word' id='word_1_291' title='bbox 277 2777 418 2812; x_wconf 89' lang='lat' dir='ltr'>Joann.</span> <span class='ocrx_word' id='word_1_292' title='bbox 440 2772 642 2812; x_wconf 81' lang='lat' dir='ltr'>Curterius</span> <span class='ocrx_word' id='word_1_293' title='bbox 662 2786 683 2811; x_wconf 88' lang='lat' dir='ltr'>e</span> <span class='ocrx_word' id='word_1_294' title='bbox 703 2774 838 2813; x_wconf 88' lang='lat' dir='ltr'>codice</span> <span class='ocrx_word' id='word_1_295' title='bbox 857 2775 1022 2815; x_wconf 83' lang='lat' dir='ltr'>Abbatis</span> <span class='ocrx_word' id='word_1_296' title='bbox 1047 2777 1340 2829; x_wconf 82' lang='lat' dir='ltr'>Rupifucaldii‚</span> 
     </span>
     <span class='ocr_line' id='line_1_45' title="bbox 278 2832 1344 2889; baseline 0.006 -19"><span class='ocrx_word' id='word_1_297' title='bbox 278 2834 347 2885; x_wconf 84' lang='lat' dir='ltr'>qui</span> <span class='ocrx_word' id='word_1_298' title='bbox 372 2833 537 2871; x_wconf 88' lang='lat' dir='ltr'>multum</span> <span class='ocrx_word' id='word_1_299' title='bbox 558 2832 753 2885; x_wconf 87' lang='lat' dir='ltr'>discrepat</span> <span class='ocrx_word' id='word_1_300' title='bbox 785 2834 834 2872; x_wconf 86' lang='lat' dir='ltr'>ab</span> <span class='ocrx_word' id='word_1_301' title='bbox 858 2848 922 2884; x_wconf 90' lang='lat' dir='ltr'>eo,</span> <span class='ocrx_word' id='word_1_302' title='bbox 946 2850 1025 2887; x_wconf 89' lang='lat' dir='ltr'>quo</span> <span class='ocrx_word' id='word_1_303' title='bbox 1059 2838 1229 2889; x_wconf 75' lang='lat' dir='ltr'>Aul-ispa</span> <span class='ocrx_word' id='word_1_304' title='bbox 1261 2846 1344 2876; x_wconf 89' lang='lat' dir='ltr'>erat</span> 
     </span>
     <span class='ocr_line' id='line_1_46' title="bbox 278 2892 1343 2951; baseline 0.007 -21"><span class='ocrx_word' id='word_1_305' title='bbox 278 2906 387 2931; x_wconf 87' lang='lat' dir='ltr'>usus.</span> <span class='ocrx_word' id='word_1_306' title='bbox 417 2892 482 2931; x_wconf 88' lang='lat' dir='ltr'>Sic</span> <span class='ocrx_word' id='word_1_307' title='bbox 496 2901 638 2931; x_wconf 84' lang='lat' dir='ltr'>-autem</span> <span class='ocrx_word' id='word_1_308' title='bbox 659 2893 888 2934; x_wconf 88' lang='lat' dir='ltr'>inscribitur</span> <span class='ocrx_word' id='word_1_309' title='bbox 911 2895 997 2947; x_wconf 86' lang='lat' dir='ltr'>ejus</span> <span class='ocrx_word' id='word_1_310' title='bbox 1018 2896 1140 2935; x_wconf 86' lang='lat' dir='ltr'>editio</span> <span class='ocrx_word' id='word_1_311' title='bbox 1165 2912 1173 2936; x_wconf 80' lang='lat' dir='ltr'><strong><em>z</em></strong></span> <span class='ocrx_word' id='word_1_312' title='bbox 1196 2915 1213 2932; x_wconf 76' lang='grc' dir='ltr'>α</span> <span class='ocrx_word' id='word_1_313' title='bbox 1235 2897 1343 2951; x_wconf 89' lang='grc' dir='ltr'>Ἱερο-</span> 
     </span>
     <span class='ocr_line' id='line_1_47' title="bbox 278 2947 1342 3010; baseline 0.007 -21"><span class='ocrx_word' id='word_1_314' title='bbox 278 2947 402 2996; x_wconf 78' lang='grc' dir='ltr'>κλέους</span> <span class='ocrx_word' id='word_1_315' title='bbox 429 2950 617 3004; x_wconf 69' lang='grc' dir='ltr'>φιλοσόφου</span> <span class='ocrx_word' id='word_1_316' title='bbox 647 2950 842 3005; x_wconf 75' lang='grc' dir='ltr'>ὑπόμνημα</span> <span class='ocrx_word' id='word_1_317' title='bbox 869 2955 916 2998; x_wconf 86' lang='grc' dir='ltr'>εἷς</span> <span class='ocrx_word' id='word_1_318' title='bbox 940 2954 986 2993; x_wconf 83' lang='grc' dir='ltr'>τὰ</span> <span class='ocrx_word' id='word_1_319' title='bbox 1003 2958 1072 2994; x_wconf 84' lang='grc' dir='ltr'>τῶν</span> <span class='ocrx_word' id='word_1_320' title='bbox 1091 2957 1342 3010; x_wconf 83' lang='grc' dir='ltr'>Πυθαγορείων</span> 
     </span>
     <span class='ocr_line' id='line_1_48' title="bbox 279 3009 1345 3066; baseline 0.007 -18"><span class='ocrx_word' id='word_1_321' title='bbox 279 3009 347 3059; x_wconf 85' lang='grc' dir='ltr'>ἔπη</span> <span class='ocrx_word' id='word_1_322' title='bbox 372 3010 417 3049; x_wconf 78' lang='grc' dir='ltr'>τὰ</span> <span class='ocrx_word' id='word_1_323' title='bbox 445 3017 577 3063; x_wconf 83' lang='grc' dir='ltr'>χρυσᾶ.</span> <span class='ocrx_word' id='word_1_324' title='bbox 601 3014 786 3050; x_wconf 75' lang='lat' dir='ltr'>Hieroclis</span> <span class='ocrx_word' id='word_1_325' title='bbox 812 3015 1031 3066; x_wconf 77' lang='lat' dir='ltr'>philosophi</span> <span class='ocrx_word' id='word_1_326' title='bbox 1056 3024 1345 3055; x_wconf 85' lang='lat' dir='ltr'>commentarius</span> 
     </span>
     <span class='ocr_line' id='line_1_49' title="bbox 281 3072 1344 3123; baseline 0.007 -15"><span class='ocrx_word' id='word_1_327' title='bbox 281 3077 320 3108; x_wconf 85' lang='lat' dir='ltr'>in</span> <span class='ocrx_word' id='word_1_328' title='bbox 337 3085 454 3109; x_wconf 86' lang='lat' dir='ltr'>aurea</span> <span class='ocrx_word' id='word_1_329' title='bbox 472 3072 798 3123; x_wconf 80' lang='lat' dir='ltr'>Pythagoreorum</span> <span class='ocrx_word' id='word_1_330' title='bbox 818 3079 989 3111; x_wconf 83' lang='lat' dir='ltr'>carmina</span> <span class='ocrx_word' id='word_1_331' title='bbox 1016 3077 1154 3113; x_wconf 81' lang='lat' dir='ltr'>Joann.</span> <span class='ocrx_word' id='word_1_332' title='bbox 1174 3078 1344 3116; x_wconf 74' lang='lat' dir='ltr'>Curte&#39;rio</span> 
     </span>
     <span class='ocr_line' id='line_1_50' title="bbox 281 3132 1344 3184; baseline 0.004 -16"><span class='ocrx_word' id='word_1_333' title='bbox 281 3135 496 3181; x_wconf 80' lang='lat' dir='ltr'>interprete.</span> <span class='ocrx_word' id='word_1_334' title='bbox 515 3132 577 3168; x_wconf 75' lang='lat' dir='ltr'>Ex</span> <span class='ocrx_word' id='word_1_335' title='bbox 597 3132 821 3169; x_wconf 83' lang='lat' dir='ltr'>bibliotheca</span> <span class='ocrx_word' id='word_1_336' title='bbox 838 3135 887 3172; x_wconf 92' lang='lat' dir='ltr'>D.</span> <span class='ocrx_word' id='word_1_337' title='bbox 909 3136 1103 3171; x_wconf 84' lang='lat' dir='ltr'>Francisci</span> <span class='ocrx_word' id='word_1_338' title='bbox 1117 3135 1344 3184; x_wconf 84' lang='lat' dir='ltr'>Rupifucal··</span> 
     </span>
     <span class='ocr_line' id='line_1_51' title="bbox 282 3192 1348 3245; baseline 0.005 -18"><span class='ocrx_word' id='word_1_339' title='bbox 282 3192 355 3236; x_wconf 83' lang='lat' dir='ltr'>dii,</span> <span class='ocrx_word' id='word_1_340' title='bbox 382 3192 582 3237; x_wconf 86' lang='lat' dir='ltr'>Randani,</span> <span class='ocrx_word' id='word_1_341' title='bbox 612 3192 832 3229; x_wconf 86' lang='lat' dir='ltr'>Trenorchii</span> <span class='ocrx_word' id='word_1_342' title='bbox 850 3194 1024 3232; x_wconf 78' lang='lat' dir='ltr'>Abbatis.</span> <span class='ocrx_word' id='word_1_343' title='bbox 1044 3196 1216 3241; x_wconf 77' lang='lat' dir='ltr'>Parisiis,</span> <span class='ocrx_word' id='word_1_344' title='bbox 1241 3198 1348 3245; x_wconf 77' lang='lat' dir='ltr'>apucl</span> 
     </span>
     <span class='ocr_line' id='line_1_52' title="bbox 282 3252 1344 3302; baseline 0.004 -13"><span class='ocrx_word' id='word_1_345' title='bbox 282 3253 481 3289; x_wconf 81' lang='lat' dir='ltr'>Nicolaum</span> <span class='ocrx_word' id='word_1_346' title='bbox 506 3252 709 3289; x_wconf 81' lang='lat' dir='ltr'>Nivellium</span> <span class='ocrx_word' id='word_1_347' title='bbox 740 3254 947 3302; x_wconf 71' lang='lat' dir='ltr'>subsigno</span> <span class='ocrx_word' id='word_1_348' title='bbox 976 3255 1245 3292; x_wconf 81' lang='lat' dir='ltr'>Columnarum</span> <span class='ocrx_word' id='word_1_349' title='bbox 1276 3260 1344 3293; x_wconf 81' lang='lat' dir='ltr'>via</span> 
     </span>
    </p>
   </div>
   <div class='ocr_carea' id='block_1_5' title="bbox 957 3325 1374 3334">
    <p class='ocr_par' dir='ltr' id='par_1_5' title="bbox 957 3325 1374 3334">
     <span class='ocr_line' id='line_1_53' title="bbox 957 3325 1374 3334; baseline 0.01 -4"><span class='ocrx_word' id='word_1_350' title='bbox 957 3325 1374 3334; x_wconf 66' lang='lat'><em>-·——.-———</em></span> 
     </span>
    </p>
   </div>
   <div class='ocr_carea' id='block_1_6' title="bbox 282 3362 1348 3548">
    <p class='ocr_par' dir='ltr' id='par_1_6' title="bbox 282 3362 1348 3548">
     <span class='ocr_line' id='line_1_54' title="bbox 325 3362 1348 3406; baseline 0.005 -12"><span class='ocrx_word' id='word_1_351' title='bbox 325 3362 391 3403; x_wconf 84' lang='lat'><strong>(21)</strong></span> <span class='ocrx_word' id='word_1_352' title='bbox 415 3362 527 3396; x_wconf 79' lang='lat' dir='ltr'>Latine</span> <span class='ocrx_word' id='word_1_353' title='bbox 542 3362 657 3395; x_wconf 86' lang='lat' dir='ltr'>eodem</span> <span class='ocrx_word' id='word_1_354' title='bbox 674 3363 772 3396; x_wconf 89' lang='lat' dir='ltr'>modo</span> <span class='ocrx_word' id='word_1_355' title='bbox 783 3372 858 3396; x_wconf 92' lang='lat' dir='ltr'>cum</span> <span class='ocrx_word' id='word_1_356' title='bbox 870 3364 1015 3396; x_wconf 80' lang='lat' dir='ltr'>Hierocle</span> <span class='ocrx_word' id='word_1_357' title='bbox 1029 3364 1133 3397; x_wconf 84' lang='lat' dir='ltr'>dicas:</span> <span class='ocrx_word' id='word_1_358' title='bbox 1147 3367 1302 3406; x_wconf 84' lang='lat' dir='ltr'>quocirca</span> <span class='ocrx_word' id='word_1_359' title='bbox 1316 3369 1348 3399; x_wconf 87' lang='lat' dir='ltr'>et</span> 
     </span>
     <span class='ocr_line' id='line_1_55' title="bbox 282 3409 1345 3451; baseline 0.003 -9"><span class='ocrx_word' id='word_1_360' title='bbox 282 3409 316 3442; x_wconf 91' lang='lat' dir='ltr'>in</span> <span class='ocrx_word' id='word_1_361' title='bbox 334 3409 551 3450; x_wconf 78' lang='lat' dir='ltr'>Pythagoricis</span> <span class='ocrx_word' id='word_1_362' title='bbox 568 3409 698 3443; x_wconf 89' lang='lat' dir='ltr'>monitis</span> <span class='ocrx_word' id='word_1_363' title='bbox 716 3409 875 3442; x_wconf 80' lang='lat' dir='ltr'>virtutum</span> <span class='ocrx_word' id='word_1_364' title='bbox 894 3413 1051 3451; x_wconf 79' lang='lat' dir='ltr'>praecepta</span> <span class='ocrx_word' id='word_1_365' title='bbox 1067 3412 1170 3451; x_wconf 80' lang='lat' dir='ltr'>primo</span> <span class='ocrx_word' id='word_1_366' title='bbox 1187 3413 1257 3444; x_wconf 83' lang='lat' dir='ltr'>ioco</span> <span class='ocrx_word' id='word_1_367' title='bbox 1274 3422 1345 3445; x_wconf 85' lang='lat' dir='ltr'>car-</span> 
     </span>
     <span class='ocr_line' id='line_1_56' title="bbox 285 3457 1346 3500; baseline 0.005 -12"><span class='ocrx_word' id='word_1_368' title='bbox 285 3457 380 3489; x_wconf 83' lang='lat' dir='ltr'>minis</span> <span class='ocrx_word' id='word_1_369' title='bbox 392 3457 490 3489; x_wconf 78' lang='lat' dir='ltr'>verba</span> <span class='ocrx_word' id='word_1_370' title='bbox 501 3457 652 3497; x_wconf 87' lang='lat' dir='ltr'>tradunt,</span> <span class='ocrx_word' id='word_1_371' title='bbox 665 3457 708 3490; x_wconf 85' lang='lat' dir='ltr'>ita</span> <span class='ocrx_word' id='word_1_372' title='bbox 720 3467 777 3489; x_wconf 90' lang='lat' dir='ltr'>nos</span> <span class='ocrx_word' id='word_1_373' title='bbox 791 3458 968 3490; x_wconf 76' lang='lat' dir='ltr'>crudienlia</span> <span class='ocrx_word' id='word_1_374' title='bbox 981 3483 990 3498; x_wconf 93' lang='lat'>,</span> <span class='ocrx_word' id='word_1_375' title='bbox 1004 3461 1037 3490; x_wconf 89' lang='lat' dir='ltr'>ul</span> <span class='ocrx_word' id='word_1_376' title='bbox 1050 3459 1090 3491; x_wconf 82' lang='lat' dir='ltr'>ah</span> <span class='ocrx_word' id='word_1_377' title='bbox 1101 3461 1223 3500; x_wconf 84' lang='lat' dir='ltr'>optimo</span> <span class='ocrx_word' id='word_1_378' title='bbox 1238 3470 1346 3493; x_wconf 76' lang='lat' dir='ltr'>rerum</span> 
     </span>
     <span class='ocr_line' id='line_1_57' title="bbox 285 3505 1344 3548; baseline 0.006 -12"><span class='ocrx_word' id='word_1_379' title='bbox 285 3515 360 3546; x_wconf 75' lang='lat' dir='ltr'>qnae</span> <span class='ocrx_word' id='word_1_380' title='bbox 377 3505 415 3538; x_wconf 83' lang='lat' dir='ltr'>ad</span> <span class='ocrx_word' id='word_1_381' title='bbox 438 3506 535 3539; x_wconf 82' lang='lat' dir='ltr'>vitam</span> <span class='ocrx_word' id='word_1_382' title='bbox 555 3506 714 3548; x_wconf 81' lang='lat' dir='ltr'>pertinent</span> <span class='ocrx_word' id='word_1_383' title='bbox 743 3516 802 3539; x_wconf 87' lang='lat' dir='ltr'>usu</span> <span class='ocrx_word' id='word_1_384' title='bbox 822 3507 861 3539; x_wconf 81' lang='lat' dir='ltr'>ad</span> <span class='ocrx_word' id='word_1_385' title='bbox 879 3507 1022 3540; x_wconf 84' lang='lat' dir='ltr'>divinam</span> <span class='ocrx_word' id='word_1_386' title='bbox 1042 3508 1287 3542; x_wconf 85' lang='lat' dir='ltr'>similitudinem</span> <span class='ocrx_word' id='word_1_387' title='bbox 1307 3519 1344 3542; x_wconf 84' lang='lat' dir='ltr'>a·</span> 
     </span>
    </p>
   </div>
   <div class='ocr_carea' id='block_1_7' title="bbox 1387 386 2474 3243">
    <p class='ocr_par' dir='ltr' id='par_1_7' title="bbox 1387 386 2472 2998">
     <span class='ocr_line' id='line_1_58' title="bbox 1388 386 2453 438; baseline 0.005 -12"><span class='ocrx_word' id='word_1_388' title='bbox 1388 390 1430 427; x_wconf 90' lang='lat' dir='ltr'>in</span> <span class='ocrx_word' id='word_1_389' title='bbox 1454 386 1692 438; x_wconf 85' lang='lat' dir='ltr'>corrigendo</span> <span class='ocrx_word' id='word_1_390' title='bbox 1711 396 1749 426; x_wconf 89' lang='lat' dir='ltr'>et</span> <span class='ocrx_word' id='word_1_391' title='bbox 1765 389 1954 427; x_wconf 87' lang='lat' dir='ltr'>vertendo</span> <span class='ocrx_word' id='word_1_392' title='bbox 1974 389 2154 428; x_wconf 82' lang='lat' dir='ltr'>Hierocle</span> <span class='ocrx_word' id='word_1_393' title='bbox 2183 391 2346 430; x_wconf 88' lang='lat' dir='ltr'>minime</span> <span class='ocrx_word' id='word_1_394' title='bbox 2366 392 2453 431; x_wconf 84' lang='lat' dir='ltr'>feli-</span> 
     </span>
     <span class='ocr_line' id='line_1_59' title="bbox 1390 446 2455 501; baseline 0.007 -16"><span class='ocrx_word' id='word_1_395' title='bbox 1390 461 1472 486; x_wconf 91' lang='lat' dir='ltr'>cem</span> <span class='ocrx_word' id='word_1_396' title='bbox 1493 449 1614 487; x_wconf 85' lang='lat' dir='ltr'>fuisse</span> <span class='ocrx_word' id='word_1_397' title='bbox 1633 446 1798 500; x_wconf 84' lang='lat' dir='ltr'>ejusque</span> <span class='ocrx_word' id='word_1_398' title='bbox 1817 448 2181 501; x_wconf 85' lang='lat' dir='ltr'>interpretationem</span> <span class='ocrx_word' id='word_1_399' title='bbox 2199 451 2308 490; x_wconf 90' lang='lat' dir='ltr'>omni</span> <span class='ocrx_word' id='word_1_400' title='bbox 2325 451 2402 491; x_wconf 79' lang='lat' dir='ltr'>lide</span> <span class='ocrx_word' id='word_1_401' title='bbox 2415 460 2455 492; x_wconf 86' lang='lat' dir='ltr'>et</span> 
     </span>
     <span class='ocr_line' id='line_1_60' title="bbox 1387 507 2454 560; baseline 0.004 -14"><span class='ocrx_word' id='word_1_402' title='bbox 1387 507 1581 557; x_wconf 81' lang='lat' dir='ltr'>elegantia</span> <span class='ocrx_word' id='word_1_403' title='bbox 1609 519 1763 556; x_wconf 80' lang='lat' dir='ltr'>carere,</span> <span class='ocrx_word' id='word_1_404' title='bbox 1793 521 1882 547; x_wconf 88' lang='lat' dir='ltr'>cum</span> <span class='ocrx_word' id='word_1_405' title='bbox 1903 509 1970 547; x_wconf 87' lang='lat' dir='ltr'>alii</span> <span class='ocrx_word' id='word_1_406' title='bbox 1998 508 2081 560; x_wconf 84' lang='lat' dir='ltr'>jam</span> <span class='ocrx_word' id='word_1_407' title='bbox 2107 509 2348 559; x_wconf 87' lang='lat' dir='ltr'>docuerunt,</span> <span class='ocrx_word' id='word_1_408' title='bbox 2371 519 2454 551; x_wconf 86' lang='lat' dir='ltr'>tum</span> 
     </span>
     <span class='ocr_line' id='line_1_61' title="bbox 1388 566 2455 620; baseline 0.007 -16"><span class='ocrx_word' id='word_1_409' title='bbox 1388 567 1650 605; x_wconf 86' lang='lat' dir='ltr'>Needhamius</span> <span class='ocrx_word' id='word_1_410' title='bbox 1668 566 1787 608; x_wconf 78' lang='lat' dir='ltr'>Praef.</span> <span class='ocrx_word' id='word_1_411' title='bbox 1807 581 1895 620; x_wconf 82' lang='lat' dir='ltr'>pag.</span> <span class='ocrx_word' id='word_1_412' title='bbox 1918 569 1941 606; x_wconf 87' lang='grc'>8</span> <span class='ocrx_word' id='word_1_413' title='bbox 1961 576 1999 607; x_wconf 89' lang='lat' dir='ltr'>et</span> <span class='ocrx_word' id='word_1_414' title='bbox 2015 582 2054 619; x_wconf 90' lang='lat'>9.</span> <span class='ocrx_word' id='word_1_415' title='bbox 2076 569 2197 608; x_wconf 89' lang='lat' dir='ltr'>Paulo</span> <span class='ocrx_word' id='word_1_416' title='bbox 2214 570 2356 610; x_wconf 77' lang='lat' dir='ltr'>melius</span> <span class='ocrx_word' id='word_1_417' title='bbox 2370 583 2455 611; x_wconf 84' lang='lat' dir='ltr'>rem</span> 
     </span>
     <span class='ocr_line' id='line_1_62' title="bbox 1388 625 2457 680; baseline 0.006 -16"><span class='ocrx_word' id='word_1_418' title='bbox 1388 627 1467 676; x_wconf 85' lang='lat' dir='ltr'>egit</span> <span class='ocrx_word' id='word_1_419' title='bbox 1477 625 1565 665; x_wconf 87' lang='lat' dir='ltr'>Fed.</span> <span class='ocrx_word' id='word_1_420' title='bbox 1579 625 1768 665; x_wconf 89' lang='lat' dir='ltr'>Morellus</span> <span class='ocrx_word' id='word_1_421' title='bbox 1778 627 1847 678; x_wconf 93' lang='lat' dir='ltr'>qui</span> <span class='ocrx_word' id='word_1_422' title='bbox 1863 627 2016 679; x_wconf 85' lang='lat' dir='ltr'>reliqua</span> <span class='ocrx_word' id='word_1_423' title='bbox 2032 628 2226 667; x_wconf 84' lang='lat' dir='ltr'>Hieroclis</span> <span class='ocrx_word' id='word_1_424' title='bbox 2241 629 2457 680; x_wconf 73' lang='lat' dir='ltr'>fragmenta</span> 
     </span>
     <span class='ocr_line' id='line_1_63' title="bbox 1389 685 2459 741; baseline 0.007 -19"><span class='ocrx_word' id='word_1_425' title='bbox 1389 699 1514 738; x_wconf 86' lang='lat' dir='ltr'>prope</span> <span class='ocrx_word' id='word_1_426' title='bbox 1534 685 1667 724; x_wconf 91' lang='lat' dir='ltr'>omnia</span> <span class='ocrx_word' id='word_1_427' title='bbox 1688 698 1725 724; x_wconf 87' lang='lat' dir='ltr'>a.</span> <span class='ocrx_word' id='word_1_428' title='bbox 1750 685 1851 736; x_wconf 83' lang='lat'>1593</span> <span class='ocrx_word' id='word_1_429' title='bbox 1870 687 1996 726; x_wconf 88' lang='lat' dir='ltr'>edidit</span> <span class='ocrx_word' id='word_1_430' title='bbox 2014 690 2068 726; x_wconf 86' lang='lat' dir='ltr'>ita</span> <span class='ocrx_word' id='word_1_431' title='bbox 2087 688 2275 741; x_wconf 90' lang='lat' dir='ltr'>inscripta</span> <span class='ocrx_word' id='word_1_432' title='bbox 2296 703 2306 728; x_wconf 76' lang='lat' dir='ltr'>t</span> <span class='ocrx_word' id='word_1_433' title='bbox 2333 706 2351 726; x_wconf 72' lang='grc' dir='ltr'>ι</span> <span class='ocrx_word' id='word_1_434' title='bbox 2369 692 2459 730; x_wconf 82' lang='lat' dir='ltr'>Hie·</span> 
     </span>
     <span class='ocr_line' id='line_1_64' title="bbox 1389 747 2459 798; baseline 0.007 -17"><span class='ocrx_word' id='word_1_435' title='bbox 1389 748 1507 782; x_wconf 82' lang='lat' dir='ltr'>rocles</span> <span class='ocrx_word' id='word_1_436' title='bbox 1525 747 1573 782; x_wconf 78' lang='lat' dir='ltr'>cle</span> <span class='ocrx_word' id='word_1_437' title='bbox 1598 747 1842 783; x_wconf 76' lang='lat' dir='ltr'>Providentia</span> <span class='ocrx_word' id='word_1_438' title='bbox 1861 754 1901 784; x_wconf 86' lang='lat' dir='ltr'>et</span> <span class='ocrx_word' id='word_1_439' title='bbox 1917 749 2017 785; x_wconf 86' lang='lat' dir='ltr'>Fato</span> <span class='ocrx_word' id='word_1_440' title='bbox 2035 749 2152 798; x_wconf 81' lang='lat' dir='ltr'>deque</span> <span class='ocrx_word' id='word_1_441' title='bbox 2177 750 2283 787; x_wconf 81' lang='lat' dir='ltr'>liberi</span> <span class='ocrx_word' id='word_1_442' title='bbox 2305 750 2459 789; x_wconf 80' lang='lat' dir='ltr'>arbitrii</span> 
     </span>
     <span class='ocr_line' id='line_1_65' title="bbox 1389 806 2457 854; baseline 0.007 -12"><span class='ocrx_word' id='word_1_443' title='bbox 1389 819 1471 842; x_wconf 89' lang='lat' dir='ltr'>cum</span> <span class='ocrx_word' id='word_1_444' title='bbox 1498 807 1626 842; x_wconf 70' lang='lat' dir='ltr'>diuina</span> <span class='ocrx_word' id='word_1_445' title='bbox 1650 806 1923 854; x_wconf 81' lang='lat' dir='ltr'>gubernatione</span> <span class='ocrx_word' id='word_1_446' title='bbox 1946 811 2205 846; x_wconf 70' lang='lat' dir='ltr'>convenientia</span> <span class='ocrx_word' id='word_1_447' title='bbox 2223 819 2457 848; x_wconf 89' lang='lat' dir='ltr'>commenta-</span> 
     </span>
     <span class='ocr_line' id='line_1_66' title="bbox 1389 866 2458 919; baseline 0.006 -18"><span class='ocrx_word' id='word_1_448' title='bbox 1389 869 1465 901; x_wconf 84' lang='lat' dir='ltr'>rius</span> <span class='ocrx_word' id='word_1_449' title='bbox 1480 868 1517 901; x_wconf 88' lang='lat' dir='ltr'>in</span> <span class='ocrx_word' id='word_1_450' title='bbox 1536 866 1798 915; x_wconf 81' lang='lat' dir='ltr'>compendium</span> <span class='ocrx_word' id='word_1_451' title='bbox 1817 867 1992 903; x_wconf 83' lang='lat' dir='ltr'>redactus</span> <span class='ocrx_word' id='word_1_452' title='bbox 2009 875 2048 903; x_wconf 88' lang='lat' dir='ltr'>et</span> <span class='ocrx_word' id='word_1_453' title='bbox 2064 880 2164 904; x_wconf 86' lang='lat' dir='ltr'>nunc</span> <span class='ocrx_word' id='word_1_454' title='bbox 2189 872 2355 919; x_wconf 84' lang='lat' dir='ltr'>pr1&#39;mum</span> <span class='ocrx_word' id='word_1_455' title='bbox 2376 870 2458 906; x_wconf 86' lang='lat' dir='ltr'>luce</span> 
     </span>
     <span class='ocr_line' id='line_1_67' title="bbox 1389 926 2459 976; baseline 0.006 -15"><span class='ocrx_word' id='word_1_456' title='bbox 1389 934 1426 962; x_wconf 87' lang='lat' dir='ltr'>et</span> <span class='ocrx_word' id='word_1_457' title='bbox 1443 927 1637 962; x_wconf 83' lang='lat' dir='ltr'>latinitate</span> <span class='ocrx_word' id='word_1_458' title='bbox 1652 926 1827 971; x_wconf 84' lang='lat' dir='ltr'>donatus,</span> <span class='ocrx_word' id='word_1_459' title='bbox 1851 939 1902 963; x_wconf 72' lang='lat' dir='ltr'>ez·</span> <span class='ocrx_word' id='word_1_460' title='bbox 1910 926 1998 976; x_wconf 82' lang='lat' dir='ltr'>fide</span> <span class='ocrx_word' id='word_1_461' title='bbox 2014 931 2135 976; x_wconf 80' lang='lat' dir='ltr'>groeci</span> <span class='ocrx_word' id='word_1_462' title='bbox 2159 929 2301 966; x_wconf 76' lang='lat' dir='ltr'>codicis</span> <span class='ocrx_word' id='word_1_463' title='bbox 2327 930 2459 967; x_wconf 83' lang='lat' dir='ltr'>decur-</span> 
     </span>
     <span class='ocr_line' id='line_1_68' title="bbox 1389 985 2458 1036; baseline 0.004 -14"><span class='ocrx_word' id='word_1_464' title='bbox 1389 989 1482 1030; x_wconf 86' lang='lat' dir='ltr'>tati,</span> <span class='ocrx_word' id='word_1_465' title='bbox 1503 998 1524 1022; x_wconf 89' lang='lat' dir='ltr'>e</span> <span class='ocrx_word' id='word_1_466' title='bbox 1539 985 1779 1023; x_wconf 64' lang='lat' dir='ltr'>bibliothecae</span> <span class='ocrx_word' id='word_1_467' title='bbox 1793 986 1986 1023; x_wconf 78' lang='lat' dir='ltr'>Medt&#39;ceoe</span> <span class='ocrx_word' id='word_1_468' title='bbox 1994 999 2098 1036; x_wconf 85' lang='lat' dir='ltr'>penu</span> <span class='ocrx_word' id='word_1_469' title='bbox 2116 991 2222 1033; x_wconf 86' lang='lat' dir='ltr'>eruti,</span> <span class='ocrx_word' id='word_1_470' title='bbox 2249 988 2374 1034; x_wconf 83' lang='lat' dir='ltr'>latine,</span> <span class='ocrx_word' id='word_1_471' title='bbox 2399 991 2458 1025; x_wconf 80' lang='lat' dir='ltr'>in·</span> 
     </span>
     <span class='ocr_line' id='line_1_69' title="bbox 1391 1046 2461 1096; baseline 0.003 -15"><span class='ocrx_word' id='word_1_472' title='bbox 1391 1053 1551 1094; x_wconf 88' lang='lat' dir='ltr'>terprete</span> <span class='ocrx_word' id='word_1_473' title='bbox 1574 1046 1666 1082; x_wconf 81' lang='lat' dir='ltr'>Fed.</span> <span class='ocrx_word' id='word_1_474' title='bbox 1689 1046 1866 1082; x_wconf 83' lang='lat' dir='ltr'>Morello.</span> <span class='ocrx_word' id='word_1_475' title='bbox 1887 1047 2050 1082; x_wconf 84' lang='lat' dir='ltr'>Parisiis</span> <span class='ocrx_word' id='word_1_476' title='bbox 2067 1047 2175 1096; x_wconf 83' lang='lat' dir='ltr'>apud</span> <span class='ocrx_word' id='word_1_477' title='bbox 2189 1047 2349 1085; x_wconf 83' lang='lat' dir='ltr'>eundem</span> <span class='ocrx_word' id='word_1_478' title='bbox 2370 1047 2461 1084; x_wconf 88' lang='lat' dir='ltr'>Mo-</span> 
     </span>
     <span class='ocr_line' id='line_1_70' title="bbox 1391 1103 2461 1156; baseline 0.005 -15"><span class='ocrx_word' id='word_1_479' title='bbox 1391 1106 1525 1141; x_wconf 80' lang='lat' dir='ltr'>rellum</span> <span class='ocrx_word' id='word_1_480' title='bbox 1548 1118 1561 1141; x_wconf 87' lang='lat'>1</span> <span class='ocrx_word' id='word_1_481' title='bbox 1572 1104 1661 1155; x_wconf 83' lang='lat'>593.</span> <span class='ocrx_word' id='word_1_482' title='bbox 1677 1105 1715 1143; x_wconf 90' lang='lat'>8.</span> <span class='ocrx_word' id='word_1_483' title='bbox 1739 1121 1755 1138; x_wconf 83' lang='lat'>»</span> <span class='ocrx_word' id='word_1_484' title='bbox 1775 1103 1995 1156; x_wconf 90' lang='lat' dir='ltr'>Utrumque</span> <span class='ocrx_word' id='word_1_485' title='bbox 2010 1105 2195 1144; x_wconf 75' lang='lat' dir='ltr'>volumen</span> <span class='ocrx_word' id='word_1_486' title='bbox 2211 1105 2355 1146; x_wconf 84' lang='lat' dir='ltr'>additis</span> <span class='ocrx_word' id='word_1_487' title='bbox 2368 1105 2461 1146; x_wconf 77' lang='lat' dir='ltr'>aliis</span> 
     </span>
     <span class='ocr_line' id='line_1_71' title="bbox 1393 1162 2456 1216; baseline 0.006 -16"><span class='ocrx_word' id='word_1_488' title='bbox 1393 1162 1540 1201; x_wconf 89' lang='lat' dir='ltr'>libellis</span> <span class='ocrx_word' id='word_1_489' title='bbox 1557 1163 1745 1202; x_wconf 71' lang='lat' dir='ltr'>pean-soni</span> <span class='ocrx_word' id='word_1_490' title='bbox 1760 1177 1854 1202; x_wconf 88' lang='lat' dir='ltr'>cura</span> <span class='ocrx_word' id='word_1_491' title='bbox 1868 1165 2074 1216; x_wconf 88' lang='lat' dir='ltr'>repetitum</span> <span class='ocrx_word' id='word_1_492' title='bbox 2090 1174 2148 1204; x_wconf 91' lang='lat' dir='ltr'>est</span> <span class='ocrx_word' id='word_1_493' title='bbox 2164 1165 2337 1205; x_wconf 88' lang='lat' dir='ltr'>Londini</span> <span class='ocrx_word' id='word_1_494' title='bbox 2355 1165 2456 1213; x_wconf 76' lang='lat'>1654</span> 
     </span>
     <span class='ocr_line' id='line_1_72' title="bbox 1394 1222 2456 1280; baseline 0.006 -20"><span class='ocrx_word' id='word_1_495' title='bbox 1394 1232 1431 1261; x_wconf 92' lang='lat' dir='ltr'>et</span> <span class='ocrx_word' id='word_1_496' title='bbox 1456 1223 1555 1261; x_wconf 84' lang='lat'>1655</span> <span class='ocrx_word' id='word_1_497' title='bbox 1577 1223 1653 1262; x_wconf 89' lang='lat' dir='ltr'>hoc</span> <span class='ocrx_word' id='word_1_498' title='bbox 1678 1223 1808 1262; x_wconf 89' lang='lat' dir='ltr'>indice</span> <span class='ocrx_word' id='word_1_499' title='bbox 1831 1238 1840 1262; x_wconf 90' lang='lat'>:</span> <span class='ocrx_word' id='word_1_500' title='bbox 1867 1241 1884 1258; x_wconf 83' lang='lat'>«</span> <span class='ocrx_word' id='word_1_501' title='bbox 1908 1222 2124 1276; x_wconf 85' lang='grc' dir='ltr'>Ἱεροκλέους</span> <span class='ocrx_word' id='word_1_502' title='bbox 2152 1226 2342 1280; x_wconf 79' lang='grc' dir='ltr'>φιλοσόφου</span> <span class='ocrx_word' id='word_1_503' title='bbox 2369 1225 2456 1266; x_wconf 67' lang='lat' dir='ltr'>{md-</span> 
     </span>
     <span class='ocr_line' id='line_1_73' title="bbox 1393 1283 2462 1339; baseline 0.003 -17"><span class='ocrx_word' id='word_1_504' title='bbox 1393 1299 1518 1335; x_wconf 86' lang='grc' dir='ltr'>μνημα</span> <span class='ocrx_word' id='word_1_505' title='bbox 1542 1286 1591 1329; x_wconf 87' lang='grc' dir='ltr'>εἷς</span> <span class='ocrx_word' id='word_1_506' title='bbox 1609 1283 1653 1323; x_wconf 79' lang='grc' dir='ltr'>τὰ</span> <span class='ocrx_word' id='word_1_507' title='bbox 1670 1286 1739 1323; x_wconf 82' lang='grc' dir='ltr'>τῶν</span> <span class='ocrx_word' id='word_1_508' title='bbox 1762 1284 2013 1336; x_wconf 86' lang='grc' dir='ltr'>Πυθαγορείων</span> <span class='ocrx_word' id='word_1_509' title='bbox 2029 1283 2099 1333; x_wconf 84' lang='grc' dir='ltr'>ἔπη</span> <span class='ocrx_word' id='word_1_510' title='bbox 2119 1284 2163 1323; x_wconf 79' lang='grc' dir='ltr'>τὰ</span> <span class='ocrx_word' id='word_1_511' title='bbox 2179 1291 2313 1339; x_wconf 70' lang='grc' dir='ltr'>χρυσᾶ.</span> <span class='ocrx_word' id='word_1_512' title='bbox 2333 1287 2462 1325; x_wconf 73' lang='lat' dir='ltr'>Hiero·</span> 
     </span>
     <span class='ocr_line' id='line_1_74' title="bbox 1392 1345 2461 1397; baseline 0.004 -16"><span class='ocrx_word' id='word_1_513' title='bbox 1392 1347 1458 1381; x_wconf 82' lang='lat' dir='ltr'>clis</span> <span class='ocrx_word' id='word_1_514' title='bbox 1473 1345 1697 1395; x_wconf 80' lang='lat' dir='ltr'>philosophi</span> <span class='ocrx_word' id='word_1_515' title='bbox 1723 1349 2013 1382; x_wconf 86' lang='lat' dir='ltr'>commentarius</span> <span class='ocrx_word' id='word_1_516' title='bbox 2042 1350 2081 1382; x_wconf 84' lang='lat' dir='ltr'>in</span> <span class='ocrx_word' id='word_1_517' title='bbox 2106 1359 2226 1384; x_wconf 85' lang='lat' dir='ltr'>aurea</span> <span class='ocrx_word' id='word_1_518' title='bbox 2257 1347 2461 1397; x_wconf 78' lang='lat' dir='ltr'>Pythago-</span> 
     </span>
     <span class='ocr_line' id='line_1_75' title="bbox 1391 1405 2462 1456; baseline 0.003 -15"><span class='ocrx_word' id='word_1_519' title='bbox 1391 1418 1535 1442; x_wconf 81' lang='lat' dir='ltr'>reorum</span> <span class='ocrx_word' id='word_1_520' title='bbox 1556 1409 1742 1442; x_wconf 88' lang='lat' dir='ltr'>carmina.</span> <span class='ocrx_word' id='word_1_521' title='bbox 1770 1407 1832 1442; x_wconf 83' lang='lat' dir='ltr'>Jo.</span> <span class='ocrx_word' id='word_1_522' title='bbox 1856 1405 2029 1443; x_wconf 81' lang='lat' dir='ltr'>Carterio</span> <span class='ocrx_word' id='word_1_523' title='bbox 2057 1409 2272 1456; x_wconf 84' lang='lat' dir='ltr'>interprete.</span> <span class='ocrx_word' id='word_1_524' title='bbox 2294 1406 2462 1444; x_wconf 83' lang='lat' dir='ltr'>Londine&#39;</span> 
     </span>
     <span class='ocr_line' id='line_1_76' title="bbox 1398 1457 2459 1516; baseline 0.003 -15"><span class='ocrx_word' id='word_1_525' title='bbox 1398 1464 1516 1511; x_wconf 76' lang='lat'>1654,</span> <span class='ocrx_word' id='word_1_526' title='bbox 1544 1479 1604 1503; x_wconf 83' lang='lat'>12.</span> <span class='ocrx_word' id='word_1_527' title='bbox 1629 1484 1645 1499; x_wconf 73' lang='grc' dir='ltr'>ι»</span> <span class='ocrx_word' id='word_1_528' title='bbox 1662 1488 1715 1494; x_wconf 88' lang='grc'>-</span> <span class='ocrx_word' id='word_1_529' title='bbox 1732 1483 1747 1500; x_wconf 83' lang='lat'>«</span> <span class='ocrx_word' id='word_1_530' title='bbox 1767 1457 1954 1503; x_wconf 75' lang='lat' dir='ltr'>Hieroclis</span> <span class='ocrx_word' id='word_1_531' title='bbox 1979 1470 2268 1503; x_wconf 83' lang='lat' dir='ltr'>commentarius</span> <span class='ocrx_word' id='word_1_532' title='bbox 2290 1467 2339 1503; x_wconf 90' lang='lat' dir='ltr'>de</span> <span class='ocrx_word' id='word_1_533' title='bbox 2361 1480 2459 1516; x_wconf 88' lang='lat' dir='ltr'>pro-</span> 
     </span>
     <span class='ocr_line' id='line_1_77' title="bbox 1395 1523 2465 1575; baseline 0.003 -15"><span class='ocrx_word' id='word_1_534' title='bbox 1395 1526 1557 1562; x_wconf 74' lang='lat' dir='ltr'>videntia</span> <span class='ocrx_word' id='word_1_535' title='bbox 1587 1523 1725 1572; x_wconf 88' lang='lat' dir='ltr'>etsato</span> <span class='ocrx_word' id='word_1_536' title='bbox 1751 1538 1829 1561; x_wconf 88' lang='lat' dir='ltr'>una</span> <span class='ocrx_word' id='word_1_537' title='bbox 1862 1538 1944 1562; x_wconf 88' lang='lat' dir='ltr'>cum</span> <span class='ocrx_word' id='word_1_538' title='bbox 1967 1524 2206 1575; x_wconf 82' lang='lat' dir='ltr'>fragmentis</span> <span class='ocrx_word' id='word_1_539' title='bbox 2230 1527 2397 1575; x_wconf 81' lang='lat' dir='ltr'>ejusdem</span> <span class='ocrx_word' id='word_1_540' title='bbox 2425 1534 2465 1563; x_wconf 82' lang='lat' dir='ltr'>ee</span> 
     </span>
     <span class='ocr_line' id='line_1_78' title="bbox 1394 1585 2462 1634; baseline 0 -13"><span class='ocrx_word' id='word_1_541' title='bbox 1394 1587 1486 1621; x_wconf 86' lang='lat' dir='ltr'>Lilii</span> <span class='ocrx_word' id='word_1_542' title='bbox 1515 1586 1675 1633; x_wconf 85' lang='lat' dir='ltr'>Gyraldi</span> <span class='ocrx_word' id='word_1_543' title='bbox 1704 1588 2012 1634; x_wconf 85' lang='lat' dir='ltr'>interpretatione</span> <span class='ocrx_word' id='word_1_544' title='bbox 2034 1586 2287 1633; x_wconf 82' lang='lat' dir='ltr'>symbolorum</span> <span class='ocrx_word' id='word_1_545' title='bbox 2316 1585 2462 1633; x_wconf 76' lang='lat' dir='ltr'>Pytha-</span> 
     </span>
     <span class='ocr_line' id='line_1_79' title="bbox 1395 1643 2462 1693; baseline 0.001 -13"><span class='ocrx_word' id='word_1_546' title='bbox 1395 1644 1572 1693; x_wconf 77' lang='lat' dir='ltr'>thagoroe</span> <span class='ocrx_word' id='word_1_547' title='bbox 1591 1648 1764 1693; x_wconf 67' lang='lat' dir='ltr'>notisque</span> <span class='ocrx_word' id='word_1_548' title='bbox 1781 1645 1920 1680; x_wconf 86' lang='lat' dir='ltr'>Merici</span> <span class='ocrx_word' id='word_1_549' title='bbox 1941 1645 2160 1682; x_wconf 83' lang='lat' dir='ltr'>Casaaboni</span> <span class='ocrx_word' id='word_1_550' title='bbox 2182 1645 2238 1680; x_wconf 85' lang='lat' dir='ltr'>ad</span> <span class='ocrx_word' id='word_1_551' title='bbox 2264 1643 2462 1682; x_wconf 85' lang='lat' dir='ltr'>Commen-</span> 
     </span>
     <span class='ocr_line' id='line_1_80' title="bbox 1395 1702 2464 1742; baseline 0.002 -3"><span class='ocrx_word' id='word_1_552' title='bbox 1395 1708 1532 1740; x_wconf 84' lang='lat' dir='ltr'>tarium</span> <span class='ocrx_word' id='word_1_553' title='bbox 1550 1704 1738 1742; x_wconf 76' lang='lat' dir='ltr'>Hieroclis</span> <span class='ocrx_word' id='word_1_554' title='bbox 1761 1707 1801 1740; x_wconf 86' lang='lat' dir='ltr'>in</span> <span class='ocrx_word' id='word_1_555' title='bbox 1820 1716 1938 1740; x_wconf 87' lang='lat' dir='ltr'>aurea</span> <span class='ocrx_word' id='word_1_556' title='bbox 1959 1708 2147 1742; x_wconf 85' lang='lat' dir='ltr'>carmina.</span> <span class='ocrx_word' id='word_1_557' title='bbox 2171 1704 2338 1741; x_wconf 83' lang='lat' dir='ltr'>Londim‘</span> <span class='ocrx_word' id='word_1_558' title='bbox 2361 1702 2464 1741; x_wconf 83' lang='lat'>1655</span> 
     </span>
     <span class='ocr_line' id='line_1_81' title="bbox 1396 1762 2466 1816; baseline 0.003 -17"><span class='ocrx_word' id='word_1_559' title='bbox 1396 1772 1435 1799; x_wconf 87' lang='lat' dir='ltr'>et</span> <span class='ocrx_word' id='word_1_560' title='bbox 1454 1764 1546 1802; x_wconf 79' lang='lat' dir='ltr'>ibid.</span> <span class='ocrx_word' id='word_1_561' title='bbox 1574 1765 1682 1813; x_wconf 79' lang='lat' dir='ltr'>apud</span> <span class='ocrx_word' id='word_1_562' title='bbox 1695 1764 1754 1801; x_wconf 94' lang='lat' dir='ltr'><em>W</em></span> <span class='ocrx_word' id='word_1_563' title='bbox 1753 1764 1896 1799; x_wconf 78' lang='lat' dir='ltr'>illiams</span> <span class='ocrx_word' id='word_1_564' title='bbox 1915 1763 2031 1810; x_wconf 83' lang='lat'>1673,</span> <span class='ocrx_word' id='word_1_565' title='bbox 2055 1764 2094 1802; x_wconf 88' lang='lat'>8.</span> <span class='ocrx_word' id='word_1_566' title='bbox 2113 1780 2129 1797; x_wconf 73' lang='lat' dir='ltr'>u</span> <span class='ocrx_word' id='word_1_567' title='bbox 2144 1762 2366 1802; x_wconf 87' lang='lat' dir='ltr'>Pearsonus</span> <span class='ocrx_word' id='word_1_568' title='bbox 2379 1762 2466 1816; x_wconf 89' lang='lat' dir='ltr'>ipse</span> 
     </span>
     <span class='ocr_line' id='line_1_82' title="bbox 1398 1820 2467 1874; baseline 0.003 -16"><span class='ocrx_word' id='word_1_569' title='bbox 1398 1820 1500 1859; x_wconf 90' lang='lat' dir='ltr'>nihil</span> <span class='ocrx_word' id='word_1_570' title='bbox 1533 1830 1675 1873; x_wconf 89' lang='lat' dir='ltr'>praeter</span> <span class='ocrx_word' id='word_1_571' title='bbox 1701 1821 1988 1871; x_wconf 80' lang='lat' dir='ltr'>prolegomena</span> <span class='ocrx_word' id='word_1_572' title='bbox 2019 1821 2171 1873; x_wconf 88' lang='lat' dir='ltr'>adjecit.</span> <span class='ocrx_word' id='word_1_573' title='bbox 2191 1821 2321 1868; x_wconf 87' lang='lat' dir='ltr'>Quum</span> <span class='ocrx_word' id='word_1_574' title='bbox 2343 1821 2467 1874; x_wconf 84' lang='lat' dir='ltr'>igitur</span> 
     </span>
     <span class='ocr_line' id='line_1_83' title="bbox 1399 1880 2465 1929; baseline 0.003 -11"><span class='ocrx_word' id='word_1_575' title='bbox 1399 1880 1604 1920; x_wconf 80' lang='lat' dir='ltr'>Hierocles</span> <span class='ocrx_word' id='word_1_576' title='bbox 1639 1881 1756 1920; x_wconf 87' lang='lat' dir='ltr'>etiam</span> <span class='ocrx_word' id='word_1_577' title='bbox 1798 1890 1880 1919; x_wconf 90' lang='lat' dir='ltr'>tum</span> <span class='ocrx_word' id='word_1_578' title='bbox 1918 1881 2051 1919; x_wconf 88' lang='lat' dir='ltr'>multis</span> <span class='ocrx_word' id='word_1_579' title='bbox 2085 1881 2238 1921; x_wconf 84' lang='lat' dir='ltr'>mendis</span> <span class='ocrx_word' id='word_1_580' title='bbox 2274 1890 2465 1929; x_wconf 75' lang='lat' dir='ltr'>scateret,</span> 
     </span>
     <span class='ocr_line' id='line_1_84' title="bbox 1399 1941 2467 1993; baseline 0.002 -14"><span class='ocrx_word' id='word_1_581' title='bbox 1399 1944 1536 1981; x_wconf 86' lang='lat' dir='ltr'>Petrus</span> <span class='ocrx_word' id='word_1_582' title='bbox 1552 1942 1816 1981; x_wconf 88' lang='lat' dir='ltr'>Needhamius</span> <span class='ocrx_word' id='word_1_583' title='bbox 1830 1942 1954 1980; x_wconf 88' lang='lat' dir='ltr'>variis</span> <span class='ocrx_word' id='word_1_584' title='bbox 1966 1941 2155 1980; x_wconf 89' lang='lat' dir='ltr'>subsidiis</span> <span class='ocrx_word' id='word_1_585' title='bbox 2171 1941 2219 1980; x_wconf 81' lang='lat' dir='ltr'>ad</span> <span class='ocrx_word' id='word_1_586' title='bbox 2234 1941 2467 1993; x_wconf 85' lang='lat' dir='ltr'>corrigenda</span> 
     </span>
     <span class='ocr_line' id='line_1_85' title="bbox 1398 2001 2468 2056; baseline 0.001 -15"><span class='ocrx_word' id='word_1_587' title='bbox 1398 2012 1435 2041; x_wconf 87' lang='lat' dir='ltr'>et</span> <span class='ocrx_word' id='word_1_588' title='bbox 1454 2003 1700 2056; x_wconf 85' lang='lat' dir='ltr'>explananda</span> <span class='ocrx_word' id='word_1_589' title='bbox 1724 2003 1810 2054; x_wconf 90' lang='lat' dir='ltr'>ejus</span> <span class='ocrx_word' id='word_1_590' title='bbox 1839 2002 1991 2053; x_wconf 86' lang='lat' dir='ltr'>ingenii</span> <span class='ocrx_word' id='word_1_591' title='bbox 2023 2010 2276 2040; x_wconf 87' lang='lat' dir='ltr'>monumenta</span> <span class='ocrx_word' id='word_1_592' title='bbox 2312 2001 2468 2042; x_wconf 85' lang='lat' dir='ltr'>collatis</span> 
     </span>
     <span class='ocr_line' id='line_1_86' title="bbox 1399 2061 2469 2115; baseline 0 -14"><span class='ocrx_word' id='word_1_593' title='bbox 1399 2063 1623 2115; x_wconf 88' lang='lat' dir='ltr'>superiores</span> <span class='ocrx_word' id='word_1_594' title='bbox 1640 2062 1811 2101; x_wconf 88' lang='lat' dir='ltr'>editores</span> <span class='ocrx_word' id='word_1_595' title='bbox 1830 2062 2011 2100; x_wconf 89' lang='lat' dir='ltr'>doctrina</span> <span class='ocrx_word' id='word_1_596' title='bbox 2030 2071 2068 2100; x_wconf 90' lang='lat' dir='ltr'>et</span> <span class='ocrx_word' id='word_1_597' title='bbox 2086 2061 2294 2112; x_wconf 82' lang='lat' dir='ltr'>diligentia</span> <span class='ocrx_word' id='word_1_598' title='bbox 2308 2075 2469 2114; x_wconf 83' lang='lat' dir='ltr'>supera-</span> 
     </span>
     <span class='ocr_line' id='line_1_87' title="bbox 1398 2120 2466 2173; baseline 0 -13"><span class='ocrx_word' id='word_1_599' title='bbox 1398 2124 1468 2164; x_wconf 88' lang='lat' dir='ltr'>vit.</span> <span class='ocrx_word' id='word_1_600' title='bbox 1494 2122 1625 2169; x_wconf 88' lang='lat' dir='ltr'>Quare</span> <span class='ocrx_word' id='word_1_601' title='bbox 1643 2121 1836 2160; x_wconf 85' lang='lat' dir='ltr'>benevole</span> <span class='ocrx_word' id='word_1_602' title='bbox 1853 2122 1948 2160; x_wconf 92' lang='lat' dir='ltr'>olim</span> <span class='ocrx_word' id='word_1_603' title='bbox 1970 2130 2131 2173; x_wconf 85' lang='lat' dir='ltr'>excepta</span> <span class='ocrx_word' id='word_1_604' title='bbox 2146 2130 2204 2160; x_wconf 88' lang='lat' dir='ltr'>est:</span> <span class='ocrx_word' id='word_1_605' title='bbox 2219 2120 2308 2173; x_wconf 90' lang='lat' dir='ltr'>ejus</span> <span class='ocrx_word' id='word_1_606' title='bbox 2326 2121 2466 2170; x_wconf 89' lang='lat' dir='ltr'>editio,</span> 
     </span>
     <span class='ocr_line' id='line_1_88' title="bbox 1399 2180 2469 2221; baseline -0.001 0"><span class='ocrx_word' id='word_1_607' title='bbox 1399 2183 1463 2221; x_wconf 92' lang='lat' dir='ltr'>cui</span> <span class='ocrx_word' id='word_1_608' title='bbox 1516 2183 1621 2220; x_wconf 89' lang='lat' dir='ltr'>hunc</span> <span class='ocrx_word' id='word_1_609' title='bbox 1669 2182 1826 2220; x_wconf 90' lang='lat' dir='ltr'>titulum</span> <span class='ocrx_word' id='word_1_610' title='bbox 1868 2180 2021 2219; x_wconf 84' lang='lat' dir='ltr'>addidit</span> <span class='ocrx_word' id='word_1_611' title='bbox 2058 2198 2075 2216; x_wconf 75' lang='grc' dir='ltr'>α</span> <span class='ocrx_word' id='word_1_612' title='bbox 2114 2183 2296 2219; x_wconf 84' lang='lat' dir='ltr'>Hieroclis</span> <span class='ocrx_word' id='word_1_613' title='bbox 2335 2181 2469 2220; x_wconf 87' lang='lat' dir='ltr'>Philo-</span> 
     </span>
     <span class='ocr_line' id='line_1_89' title="bbox 1402 2242 2467 2280; baseline 0.001 -4"><span class='ocrx_word' id='word_1_614' title='bbox 1402 2243 1508 2280; x_wconf 74' lang='lat' dir='ltr'>coohi</span> <span class='ocrx_word' id='word_1_615' title='bbox 1546 2243 1807 2280; x_wconf 67' lang='lat' dir='ltr'>Alexandrini</span> <span class='ocrx_word' id='word_1_616' title='bbox 1839 2243 2141 2279; x_wconf 67' lang='lat' dir='ltr'>Commentarius</span> <span class='ocrx_word' id='word_1_617' title='bbox 2169 2245 2209 2278; x_wconf 86' lang='lat' dir='ltr'>in</span> <span class='ocrx_word' id='word_1_618' title='bbox 2231 2254 2350 2278; x_wconf 85' lang='lat' dir='ltr'>aurea</span> <span class='ocrx_word' id='word_1_619' title='bbox 2372 2242 2467 2279; x_wconf 86' lang='lat' dir='ltr'>Car-</span> 
     </span>
     <span class='ocr_line' id='line_1_90' title="bbox 1399 2303 2472 2352; baseline -0.002 -12"><span class='ocrx_word' id='word_1_620' title='bbox 1399 2317 1522 2349; x_wconf 79' lang='lat' dir='ltr'>mena,</span> <span class='ocrx_word' id='word_1_621' title='bbox 1561 2305 1609 2340; x_wconf 83' lang='lat' dir='ltr'>de</span> <span class='ocrx_word' id='word_1_622' title='bbox 1634 2303 1878 2340; x_wconf 70' lang='lat' dir='ltr'>Providentia</span> <span class='ocrx_word' id='word_1_623' title='bbox 1905 2310 1945 2339; x_wconf 87' lang='lat' dir='ltr'>et</span> <span class='ocrx_word' id='word_1_624' title='bbox 1975 2304 2075 2339; x_wconf 90' lang='lat' dir='ltr'>Fato</span> <span class='ocrx_word' id='word_1_625' title='bbox 2103 2315 2191 2351; x_wconf 67' lang='lat' dir='ltr'>quae</span> <span class='ocrx_word' id='word_1_626' title='bbox 2217 2310 2414 2352; x_wconf 83' lang='lat' dir='ltr'>supersunt</span> <span class='ocrx_word' id='word_1_627' title='bbox 2432 2310 2472 2338; x_wconf 89' lang='lat' dir='ltr'>et</span> 
     </span>
     <span class='ocr_line' id='line_1_91' title="bbox 1398 2362 2469 2413; baseline -0.001 -14"><span class='ocrx_word' id='word_1_628' title='bbox 1398 2365 1545 2412; x_wconf 78' lang='lat' dir='ltr'>reliqua</span> <span class='ocrx_word' id='word_1_629' title='bbox 1555 2362 1803 2413; x_wconf 71' lang='lat' dir='ltr'>fragmenta.</span> <span class='ocrx_word' id='word_1_630' title='bbox 1838 2364 1969 2399; x_wconf 80' lang='lat' dir='ltr'>Groece</span> <span class='ocrx_word' id='word_1_631' title='bbox 1995 2371 2035 2398; x_wconf 82' lang='lat' dir='ltr'>et</span> <span class='ocrx_word' id='word_1_632' title='bbox 2054 2363 2201 2400; x_wconf 86' lang='lat' dir='ltr'>Latine.</span> <span class='ocrx_word' id='word_1_633' title='bbox 2227 2363 2365 2398; x_wconf 86' lang='lat' dir='ltr'>Groeca</span> <span class='ocrx_word' id='word_1_634' title='bbox 2385 2373 2469 2398; x_wconf 85' lang='lat' dir='ltr'>cum</span> 
     </span>
     <span class='ocr_line' id='line_1_92' title="bbox 1401 2422 2467 2471; baseline 0 -11"><span class='ocrx_word' id='word_1_635' title='bbox 1401 2424 1503 2460; x_wconf 87' lang='lat' dir='ltr'>MSS</span> <span class='ocrx_word' id='word_1_636' title='bbox 1521 2424 1663 2460; x_wconf 83' lang='lat' dir='ltr'>collata</span> <span class='ocrx_word' id='word_1_637' title='bbox 1679 2426 1894 2471; x_wconf 75' lang='lat' dir='ltr'>castigavit,</span> <span class='ocrx_word' id='word_1_638' title='bbox 1927 2423 1965 2457; x_wconf 88' lang='lat' dir='ltr'><em>V</em></span> <span class='ocrx_word' id='word_1_639' title='bbox 1962 2426 2146 2458; x_wconf 86' lang='lat' dir='ltr'>ersionem</span> <span class='ocrx_word' id='word_1_640' title='bbox 2166 2425 2364 2467; x_wconf 86' lang='lat' dir='ltr'>recensuit,</span> <span class='ocrx_word' id='word_1_641' title='bbox 2389 2422 2467 2460; x_wconf 86' lang='lat' dir='ltr'>No·</span> 
     </span>
     <span class='ocr_line' id='line_1_93' title="bbox 1401 2481 2466 2530; baseline 0.001 -11"><span class='ocrx_word' id='word_1_642' title='bbox 1401 2491 1460 2519; x_wconf 84' lang='lat' dir='ltr'>tas</span> <span class='ocrx_word' id='word_1_643' title='bbox 1488 2491 1528 2519; x_wconf 87' lang='lat' dir='ltr'>et</span> <span class='ocrx_word' id='word_1_644' title='bbox 1550 2483 1724 2519; x_wconf 79' lang='lat' dir='ltr'>Indicem</span> <span class='ocrx_word' id='word_1_645' title='bbox 1751 2483 1894 2530; x_wconf 86' lang='lat' dir='ltr'>adjecit</span> <span class='ocrx_word' id='word_1_646' title='bbox 1917 2483 2021 2521; x_wconf 86' lang='lat' dir='ltr'>Petr.</span> <span class='ocrx_word' id='word_1_647' title='bbox 2043 2481 2257 2520; x_wconf 88' lang='lat' dir='ltr'>Needham.</span> <span class='ocrx_word' id='word_1_648' title='bbox 2275 2481 2318 2520; x_wconf 94' lang='lat' dir='ltr'>S.</span> <span class='ocrx_word' id='word_1_649' title='bbox 2351 2482 2391 2519; x_wconf 89' lang='lat' dir='ltr'>T.</span> <span class='ocrx_word' id='word_1_650' title='bbox 2418 2482 2466 2520; x_wconf 87' lang='lat' dir='ltr'>B.</span> 
     </span>
     <span class='ocr_line' id='line_1_94' title="bbox 1404 2540 2472 2590; baseline -0.003 -11"><span class='ocrx_word' id='word_1_651' title='bbox 1404 2542 1501 2581; x_wconf 91' lang='lat' dir='ltr'>Coll.</span> <span class='ocrx_word' id='word_1_652' title='bbox 1537 2544 1585 2581; x_wconf 92' lang='lat' dir='ltr'>D.</span> <span class='ocrx_word' id='word_1_653' title='bbox 1619 2543 1783 2578; x_wconf 78' lang='lat' dir='ltr'>Ioannis</span> <span class='ocrx_word' id='word_1_654' title='bbox 1825 2541 1987 2578; x_wconf 85' lang='lat' dir='ltr'>Cantab.</span> <span class='ocrx_word' id='word_1_655' title='bbox 2020 2541 2164 2578; x_wconf 88' lang='lat' dir='ltr'>Socius.</span> <span class='ocrx_word' id='word_1_656' title='bbox 2208 2540 2472 2590; x_wconf 79' lang='lat' dir='ltr'>Cantabrigice</span> 
     </span>
     <span class='ocr_line' id='line_1_95' title="bbox 1405 2599 2467 2651; baseline -0.002 -13"><span class='ocrx_word' id='word_1_657' title='bbox 1405 2603 1522 2651; x_wconf 57' lang='lat' dir='ltr'>bepis</span> <span class='ocrx_word' id='word_1_658' title='bbox 1542 2602 1796 2640; x_wconf 84' lang='lat' dir='ltr'>Academicis.</span> <span class='ocrx_word' id='word_1_659' title='bbox 1823 2603 2013 2650; x_wconf 71' lang='lat' dir='ltr'>ImpensIs</span> <span class='ocrx_word' id='word_1_660' title='bbox 2037 2602 2090 2639; x_wconf 78' lang='lat' dir='ltr'>A.</span> <span class='ocrx_word' id='word_1_661' title='bbox 2118 2608 2158 2636; x_wconf 84' lang='lat' dir='ltr'>et</span> <span class='ocrx_word' id='word_1_662' title='bbox 2176 2601 2216 2640; x_wconf 88' lang='lat' dir='ltr'>J.</span> <span class='ocrx_word' id='word_1_663' title='bbox 2245 2599 2467 2644; x_wconf 81' lang='lat' dir='ltr'>Churcln’ll,</span> 
     </span>
     <span class='ocr_line' id='line_1_96' title="bbox 1402 2657 2472 2710; baseline -0.002 -13"><span class='ocrx_word' id='word_1_664' title='bbox 1402 2662 1702 2710; x_wconf 86' lang='lat' dir='ltr'>Bibliopolarum</span> <span class='ocrx_word' id='word_1_665' title='bbox 1739 2661 2045 2697; x_wconf 84' lang='lat' dir='ltr'>Londinensium.</span> <span class='ocrx_word' id='word_1_666' title='bbox 2086 2671 2202 2708; x_wconf 86' lang='lat'><strong>¹709·</strong></span> <span class='ocrx_word' id='word_1_667' title='bbox 2225 2675 2240 2692; x_wconf 78' lang='lat' dir='ltr'>n</span> <span class='ocrx_word' id='word_1_668' title='bbox 2269 2657 2329 2696; x_wconf 83' lang='lat' dir='ltr'>Ad</span> <span class='ocrx_word' id='word_1_669' title='bbox 2355 2659 2472 2697; x_wconf 82' lang='lat' dir='ltr'>casti-</span> 
     </span>
     <span class='ocr_line' id='line_1_97' title="bbox 1403 2716 2470 2770; baseline -0.004 -13"><span class='ocrx_word' id='word_1_670' title='bbox 1403 2719 1529 2769; x_wconf 84' lang='lat' dir='ltr'>ganda</span> <span class='ocrx_word' id='word_1_671' title='bbox 1548 2719 1755 2770; x_wconf 86' lang='lat' dir='ltr'>scriptoris</span> <span class='ocrx_word' id='word_1_672' title='bbox 1783 2717 1907 2756; x_wconf 84' lang='lat' dir='ltr'>verba</span> <span class='ocrx_word' id='word_1_673' title='bbox 1929 2717 2102 2755; x_wconf 82' lang='lat' dir='ltr'>&#39;multum</span> <span class='ocrx_word' id='word_1_674' title='bbox 2133 2716 2301 2768; x_wconf 86' lang='lat' dir='ltr'>profecit</span> <span class='ocrx_word' id='word_1_675' title='bbox 2326 2716 2470 2768; x_wconf 81' lang='lat' dir='ltr'>partim</span> 
     </span>
     <span class='ocr_line' id='line_1_98' title="bbox 1404 2775 2472 2831; baseline -0.005 -13"><span class='ocrx_word' id='word_1_676' title='bbox 1404 2780 1574 2831; x_wconf 88' lang='lat' dir='ltr'>perlecta</span> <span class='ocrx_word' id='word_1_677' title='bbox 1596 2778 1674 2816; x_wconf 83' lang='lat' dir='ltr'>fida</span> <span class='ocrx_word' id='word_1_678' title='bbox 1693 2778 1760 2816; x_wconf 87' lang='lat' dir='ltr'>illa</span> <span class='ocrx_word' id='word_1_679' title='bbox 1780 2777 1961 2829; x_wconf 83' lang='lat' dir='ltr'>Aurispae</span> <span class='ocrx_word' id='word_1_680' title='bbox 1978 2776 2233 2815; x_wconf 83' lang='lat' dir='ltr'>translatione</span> <span class='ocrx_word' id='word_1_681' title='bbox 2246 2775 2386 2828; x_wconf 88' lang='lat' dir='ltr'>scripti</span> <span class='ocrx_word' id='word_1_682' title='bbox 2405 2788 2472 2814; x_wconf 86' lang='lat' dir='ltr'>co-</span> 
     </span>
     <span class='ocr_line' id='line_1_99' title="bbox 1404 2834 2471 2888; baseline -0.005 -11"><span class='ocrx_word' id='word_1_683' title='bbox 1404 2839 1505 2877; x_wconf 86' lang='lat' dir='ltr'>‹licis</span> <span class='ocrx_word' id='word_1_684' title='bbox 1523 2839 1647 2877; x_wconf 87' lang='lat' dir='ltr'>instar</span> <span class='ocrx_word' id='word_1_685' title='bbox 1663 2837 1859 2884; x_wconf 87' lang='lat' dir='ltr'>habenda,</span> <span class='ocrx_word' id='word_1_686' title='bbox 1879 2850 1965 2888; x_wconf 83' lang='lat' dir='ltr'>quae</span> <span class='ocrx_word' id='word_1_687' title='bbox 1981 2836 2118 2886; x_wconf 87' lang='lat' dir='ltr'>ignota</span> <span class='ocrx_word' id='word_1_688' title='bbox 2135 2835 2260 2873; x_wconf 84' lang='lat' dir='ltr'>suerat</span> <span class='ocrx_word' id='word_1_689' title='bbox 2272 2834 2471 2882; x_wconf 63' lang='lat' dir='ltr'>Camerio,</span> 
     </span>
     <span class='ocr_line' id='line_1_100' title="bbox 1404 2893 2472 2950; baseline -0.004 -14"><span class='ocrx_word' id='word_1_690' title='bbox 1404 2898 1548 2950; x_wconf 87' lang='lat' dir='ltr'>partim</span> <span class='ocrx_word' id='word_1_691' title='bbox 1565 2906 1749 2950; x_wconf 86' lang='lat' dir='ltr'>congesta</span> <span class='ocrx_word' id='word_1_692' title='bbox 1769 2897 1946 2948; x_wconf 88' lang='lat' dir='ltr'>plurium</span> <span class='ocrx_word' id='word_1_693' title='bbox 1966 2895 2081 2935; x_wconf 88' lang='lat' dir='ltr'>codd.</span> <span class='ocrx_word' id='word_1_694' title='bbox 2105 2895 2312 2946; x_wconf 88' lang='lat' dir='ltr'>scripturae</span> <span class='ocrx_word' id='word_1_695' title='bbox 2337 2893 2472 2932; x_wconf 85' lang='lat' dir='ltr'>diver-</span> 
     </span>
     <span class='ocr_line' id='line_1_101' title="bbox 1405 2960 1533 2998; baseline 0.008 -1"><span class='ocrx_word' id='word_1_696' title='bbox 1405 2960 1533 2998; x_wconf 84' lang='lat' dir='ltr'>sitate.</span> 
     </span>
    </p>

    <p class='ocr_par' dir='ltr' id='par_1_8' title="bbox 1405 3011 2474 3243">
     <span class='ocr_line' id='line_1_102' title="bbox 1459 3011 2474 3068; baseline -0.005 -12"><span class='ocrx_word' id='word_1_697' title='bbox 1459 3018 1643 3068; x_wconf 82' lang='lat' dir='ltr'>Triginta</span> <span class='ocrx_word' id='word_1_698' title='bbox 1674 3015 1803 3062; x_wconf 87' lang='lat' dir='ltr'>tribus</span> <span class='ocrx_word' id='word_1_699' title='bbox 1836 3015 1950 3054; x_wconf 88' lang='lat' dir='ltr'>annis</span> <span class='ocrx_word' id='word_1_700' title='bbox 1979 3022 2068 3066; x_wconf 89' lang='lat' dir='ltr'>post</span> <span class='ocrx_word' id='word_1_701' title='bbox 2087 3027 2173 3064; x_wconf 82' lang='lat' dir='ltr'>quae</span> <span class='ocrx_word' id='word_1_702' title='bbox 2195 3011 2474 3052; x_wconf 84' lang='lat' dir='ltr'>aNeedhamio</span> 
     </span>
     <span class='ocr_line' id='line_1_103' title="bbox 1406 3071 2471 3116; baseline -0.008 1"><span class='ocrx_word' id='word_1_703' title='bbox 1406 3079 1537 3116; x_wconf 92' lang='lat' dir='ltr'>minus</span> <span class='ocrx_word' id='word_1_704' title='bbox 1566 3085 1669 3115; x_wconf 88' lang='lat' dir='ltr'>recte</span> <span class='ocrx_word' id='word_1_705' title='bbox 1688 3075 1899 3114; x_wconf 86' lang='lat' dir='ltr'>constituta</span> <span class='ocrx_word' id='word_1_706' title='bbox 1928 3083 2057 3112; x_wconf 88' lang='lat' dir='ltr'>essent</span> <span class='ocrx_word' id='word_1_707' title='bbox 2085 3081 2295 3111; x_wconf 86' lang='lat' dir='ltr'>retractare</span> <span class='ocrx_word' id='word_1_708' title='bbox 2326 3081 2365 3110; x_wconf 87' lang='lat' dir='ltr'>et</span> <span class='ocrx_word' id='word_1_709' title='bbox 2390 3071 2471 3110; x_wconf 86' lang='lat' dir='ltr'>Me·</span> 
     </span>
     <span class='ocr_line' id='line_1_104' title="bbox 1405 3131 2470 3186; baseline -0.006 -11"><span class='ocrx_word' id='word_1_710' title='bbox 1405 3137 1508 3176; x_wconf 90' lang='lat' dir='ltr'>dicei</span> <span class='ocrx_word' id='word_1_711' title='bbox 1531 3136 1689 3174; x_wconf 90' lang='lat' dir='ltr'>Codicis</span> <span class='ocrx_word' id='word_1_712' title='bbox 1706 3148 1781 3186; x_wconf 88' lang='lat' dir='ltr'>ope</span> <span class='ocrx_word' id='word_1_713' title='bbox 1797 3134 2003 3185; x_wconf 89' lang='lat' dir='ltr'>scriptoris</span> <span class='ocrx_word' id='word_1_714' title='bbox 2023 3132 2147 3171; x_wconf 86' lang='lat' dir='ltr'>verba</span> <span class='ocrx_word' id='word_1_715' title='bbox 2165 3131 2374 3170; x_wconf 88' lang='lat' dir='ltr'>emendare</span> <span class='ocrx_word' id='word_1_716' title='bbox 2389 3140 2470 3170; x_wconf 78' lang='lat' dir='ltr'>ten-</span> 
     </span>
     <span class='ocr_line' id='line_1_105' title="bbox 1407 3191 2473 3243; baseline -0.005 -9"><span class='ocrx_word' id='word_1_717' title='bbox 1407 3198 1505 3236; x_wconf 84' lang='lat' dir='ltr'>tavit</span> <span class='ocrx_word' id='word_1_718' title='bbox 1523 3196 1688 3235; x_wconf 88' lang='lat' dir='ltr'>Carolus</span> <span class='ocrx_word' id='word_1_719' title='bbox 1705 3195 1925 3240; x_wconf 84' lang='lat' dir='ltr'>Ashtonus‚</span> <span class='ocrx_word' id='word_1_720' title='bbox 1950 3193 2019 3243; x_wconf 89' lang='lat' dir='ltr'>qui</span> <span class='ocrx_word' id='word_1_721' title='bbox 2041 3205 2082 3230; x_wconf 89' lang='lat' dir='ltr'>se</span> <span class='ocrx_word' id='word_1_722' title='bbox 2103 3191 2341 3230; x_wconf 80' lang='lat' dir='ltr'>Richardum</span> <span class='ocrx_word' id='word_1_723' title='bbox 2359 3191 2473 3230; x_wconf 87' lang='lat' dir='ltr'>War-</span> 
     </span>
    </p>
   </div>
   <div class='ocr_carea' id='block_1_8' title="bbox 1407 3245 2542 3305">
    <p class='ocr_par' dir='ltr' id='par_1_9' title="bbox 1407 3245 2542 3305">
     <span class='ocr_line' id='line_1_106' title="bbox 1407 3245 2542 3305; baseline -0.004 -11"><span class='ocrx_word' id='word_1_724' title='bbox 1407 3269 1546 3294; x_wconf 90' lang='lat' dir='ltr'>renum</span> <span class='ocrx_word' id='word_1_725' title='bbox 1566 3268 1650 3294; x_wconf 85' lang='lat' dir='ltr'>esse</span> <span class='ocrx_word' id='word_1_726' title='bbox 1669 3253 1827 3293; x_wconf 87' lang='lat' dir='ltr'>volebat</span> <span class='ocrx_word' id='word_1_727' title='bbox 1849 3253 1944 3305; x_wconf 79' lang='lat'>(22).</span> <span class='ocrx_word' id='word_1_728' title='bbox 1968 3252 2066 3291; x_wconf 86' lang='lat' dir='ltr'>Nam</span> <span class='ocrx_word' id='word_1_729' title='bbox 2087 3265 2208 3303; x_wconf 88' lang='lat' dir='ltr'>quum</span> <span class='ocrx_word' id='word_1_730' title='bbox 2226 3265 2318 3290; x_wconf 87' lang='lat' dir='ltr'>casu</span> <span class='ocrx_word' id='word_1_731' title='bbox 2338 3250 2474 3290; x_wconf 83' lang='lat' dir='ltr'>nescio</span> <span class='ocrx_word' id='word_1_732' title='bbox 2537 3245 2542 3250; x_wconf 52' lang='lat'><strong>¹</strong></span> 
     </span>
    </p>
   </div>
   <div class='ocr_carea' id='block_1_9' title="bbox 1377 3325 2463 3335">
    <p class='ocr_par' dir='ltr' id='par_1_10' title="bbox 1377 3325 2463 3335">
     <span class='ocr_line' id='line_1_107' title="bbox 1377 3325 2463 3335; baseline -0.004 0"><span class='ocrx_word' id='word_1_733' title='bbox 1377 3325 2463 3335; x_wconf 43' lang='lat' dir='ltr'>a..—...-——-——-—-————--—-—-—-—-</span> 
     </span>
    </p>
   </div>
   <div class='ocr_carea' id='block_1_10' title="bbox 1408 3362 2474 3551">
    <p class='ocr_par' dir='ltr' id='par_1_11' title="bbox 1409 3362 2474 3455">
     <span class='ocr_line' id='line_1_108' title="bbox 1409 3362 2474 3405; baseline -0.004 -6"><span class='ocrx_word' id='word_1_734' title='bbox 1409 3366 1614 3399; x_wconf 83' lang='lat' dir='ltr'>scendamus.</span> <span class='ocrx_word' id='word_1_735' title='bbox 1634 3364 1728 3405; x_wconf 88' lang='lat' dir='ltr'>Quod</span> <span class='ocrx_word' id='word_1_736' title='bbox 1746 3364 1798 3396; x_wconf 89' lang='lat' dir='ltr'>hic</span> <span class='ocrx_word' id='word_1_737' title='bbox 1812 3364 1844 3397; x_wconf 82' lang='grc' dir='ltr'>ἐν</span> <span class='ocrx_word' id='word_1_738' title='bbox 1859 3366 1923 3401; x_wconf 79' lang='grc' dir='ltr'>τοῖς</span> <span class='ocrx_word' id='word_1_739' title='bbox 1941 3363 2047 3396; x_wconf 80' lang='grc' dir='ltr'>ἔπεσιν</span> <span class='ocrx_word' id='word_1_740' title='bbox 2061 3365 2078 3395; x_wconf 83' lang='grc' dir='ltr'><strong>ὁ</strong></span> <span class='ocrx_word' id='word_1_741' title='bbox 2094 3364 2185 3405; x_wconf 80' lang='grc' dir='ltr'>λόγος</span> <span class='ocrx_word' id='word_1_742' title='bbox 2199 3364 2266 3403; x_wconf 85' lang='lat' dir='ltr'>est,</span> <span class='ocrx_word' id='word_1_743' title='bbox 2282 3362 2378 3404; x_wconf 82' lang='lat' dir='ltr'>paulo</span> <span class='ocrx_word' id='word_1_744' title='bbox 2399 3366 2474 3395; x_wconf 82' lang='lat' dir='ltr'>ante</span> 
     </span>
     <span class='ocr_line' id='line_1_109' title="bbox 1409 3413 1897 3455; baseline -0.006 -8"><span class='ocrx_word' id='word_1_745' title='bbox 1409 3414 1600 3455; x_wconf 75' lang='lat' dir='ltr'>simpliciter</span> <span class='ocrx_word' id='word_1_746' title='bbox 1615 3415 1633 3446; x_wconf 86' lang='grc' dir='ltr'><strong>ὁ</strong></span> <span class='ocrx_word' id='word_1_747' title='bbox 1646 3414 1736 3454; x_wconf 81' lang='grc' dir='ltr'>λόγος</span> <span class='ocrx_word' id='word_1_748' title='bbox 1751 3413 1897 3445; x_wconf 67' lang='lat' dir='ltr'>vocatur.</span> 
     </span>
    </p>

    <p class='ocr_par' dir='ltr' id='par_1_12' title="bbox 1408 3458 2474 3551">
     <span class='ocr_line' id='line_1_110' title="bbox 1451 3458 2472 3504; baseline -0.006 -9"><span class='ocrx_word' id='word_1_749' title='bbox 1451 3462 1516 3504; x_wconf 81' lang='lat'>(22)</span> <span class='ocrx_word' id='word_1_750' title='bbox 1539 3462 1622 3494; x_wconf 84' lang='lat' dir='ltr'>Vide</span> <span class='ocrx_word' id='word_1_751' title='bbox 1647 3460 1779 3494; x_wconf 76' lang='lat' dir='ltr'>loannis</span> <span class='ocrx_word' id='word_1_752' title='bbox 1795 3458 1951 3493; x_wconf 84' lang='lat' dir='ltr'>Nicholsii</span> <span class='ocrx_word' id='word_1_753' title='bbox 1984 3461 2148 3500; x_wconf 78' lang='lat' dir='ltr'>Literary</span> <span class='ocrx_word' id='word_1_754' title='bbox 2165 3458 2356 3491; x_wconf 76' lang='lat' dir='ltr'>Anccdotes</span> <span class='ocrx_word' id='word_1_755' title='bbox 2372 3461 2394 3490; x_wconf 90' lang='lat' dir='ltr'>t.</span> <span class='ocrx_word' id='word_1_756' title='bbox 2413 3458 2472 3490; x_wconf 86' lang='lat' dir='ltr'>IV.</span> 
     </span>
     <span class='ocr_line' id='line_1_111' title="bbox 1408 3505 2474 3551; baseline -0.007 -8"><span class='ocrx_word' id='word_1_757' title='bbox 1408 3520 1440 3551; x_wconf 80' lang='lat' dir='ltr'>p.</span> <span class='ocrx_word' id='word_1_758' title='bbox 1453 3514 1525 3544; x_wconf 79' lang='lat'>226.</span> <span class='ocrx_word' id='word_1_759' title='bbox 1537 3509 1727 3544; x_wconf 85' lang='lat' dir='ltr'>Inscribitur</span> <span class='ocrx_word' id='word_1_760' title='bbox 1736 3508 1805 3541; x_wconf 83' lang='lat' dir='ltr'>haec</span> <span class='ocrx_word' id='word_1_761' title='bbox 1815 3507 1931 3541; x_wconf 86' lang='lat' dir='ltr'>editio:</span> <span class='ocrx_word' id='word_1_762' title='bbox 1945 3519 1960 3535; x_wconf 74' lang='grc' dir='ltr'>α</span> <span class='ocrx_word' id='word_1_763' title='bbox 1973 3507 2128 3540; x_wconf 80' lang='lat' dir='ltr'>Hieroclis</span> <span class='ocrx_word' id='word_1_764' title='bbox 2142 3505 2328 3547; x_wconf 84' lang='lat' dir='ltr'>Philosophi</span> <span class='ocrx_word' id='word_1_765' title='bbox 2338 3506 2474 3538; x_wconf 81' lang='lat' dir='ltr'>Alexan-</span> 
     </span>
    </p>
   </div>
   <div class='ocr_carea' id='block_1_11' title="bbox 2550 536 2612 3814">
    <p class='ocr_par' dir='ltr' id='par_1_13' title="bbox 2550 536 2612 3814">
     <span class='ocr_line' id='line_1_112' title="bbox 2550 536 2612 3814; baseline 0 0"><span class='ocrx_word' id='word_1_766' title='bbox 2550 536 2612 3814; x_wconf 95' lang='lat' dir='ltr'> </span> 
     </span>
    </p>
   </div>
  </div>
 </body>
</html>
