2612 3814
326 263 375 296 28
1193 241 1610 286 COMMENTARIUS

325 339 442 377 minis
470 345 603 389 parte,
639 348 726 387 quae
747 333 791 372 τὰ
818 334 903 386 πρὸς
930 332 1029 377 δόξαν
1061 327 1366 374 inscribebatur,

324 398 369 435 ad
392 397 430 435 id
452 396 555 447 quod
577 393 799 434 Aristoteles
811 390 1009 430 contendit
1023 385 1367 426 demonstrandum

1431 336 1569 362 versus
1590 325 1660 374 πῦρ
1686 319 1746 359 καὶ
1766 319 1860 373 ὕδωρ
1895 333 1956 357 και
1981 322 2085 368 γαῖαν
2116 316 2161 354 ἰδ’
2183 313 2319 367 αἰθέρος
2335 311 2485 351 ἄπλετον

1433 383 1528 435 ὕψος,
1550 394 1664 433 quem
1683 388 1858 432 apertum
1880 387 1938 417 est
1959 375 2199 429 respondere
2219 373 2376 413 duobus
2398 385 2487 411 ver-

325 470 402 495 non
427 456 567 502 valent,
584 454 675 505 quia
697 453 736 490 in
754 452 827 490 ista
845 458 954 502 parte
976 447 1240 493 Parmenides,
1259 447 1368 496 quasi
1431 442 1540 480 sibus
1564 455 1573 478 ε

324 513 581 554 interioribus
595 510 853 564 philosophiae
874 508 996 547 sacris
1015 507 1163 545 relictis
1176 535 1186 553 ,
1202 504 1371 554 vulgatis

326 572 583 626 opinionibus
616 568 912 621 obtemperavit.
951 566 1145 612 Quoniam
1182 576 1277 602 vero
1324 562 1371 600 de

329 631 559 684 Empedocle
578 637 725 669 tantum
750 628 814 666 hic
833 626 1005 676 agimus,
1031 625 1204 675 reliquos
1234 622 1371 659 missos

330 692 528 730 faciamus.
564 689 674 727 Ilunc
694 695 818 725 autem
846 693 993 723 constat
1014 696 1058 721 ea
1079 696 1165 734 quae
1191 680 1371 719 sensibus

332 750 534 789 manifesta
562 755 675 797 sunt,
698 744 983 796 generationem
1012 751 1049 780 et
1067 741 1264 779 interitum
1287 752 1372 777 sus—

330 810 476 848 tulisse.
497 806 556 845 Cf.
579 819 636 845 vs.
656 806 818 856 98-101.
838 803 984 840 Contra
1008 814 1094 852 quae
1120 800 1231 837 nullo
1252 811 1366 836 sensu

328 867 597 921 percipiuntur
615 880 622 902 :
638 878 681 902 ea
695 863 819 901 nihilo
831 862 956 900 secius
969 873 1053 899 esse
1074 859 1255 897 affirmat.
1272 857 1372 894 llinc

329 935 431 980 patet
462 923 730 975 Empedoclem
770 921 819 959 iis
863 920 910 958 de
948 918 1092 970 quibus
1125 917 1370 969 disputamus

329 984 506 1024 versibus
527 981 721 1020 cohortari
752 978 933 1017 mortales
953 977 1127 1015 noluisse
1158 976 1206 1014 ad
1235 988 1370 1013 verum

330 1056 510 1083 sensuum
533 1053 607 1093 ope
634 1038 894 1088 indagandum
908 1067 917 1084 ‚
937 1037 1003 1075 sed
1030 1036 1077 1074 de
1095 1036 1372 1074 instrumento-

329 1116 411 1140 rum
427 1100 570 1152 quibus
589 1098 767 1136 videmus
787 1105 824 1134 et
842 1095 1021 1134 audimus
1041 1094 1174 1132 fraude
1193 1103 1230 1132 et
1252 1092 1374 1131 imbe-

329 1161 488 1199 cillitate
509 1165 778 1208 conquestum,
793 1163 982 1206 quatenus
999 1153 1165 1203 singulis
1182 1166 1227 1191 ea
1246 1152 1371 1191 solum

330 1221 626 1271 perciperentur
642 1229 727 1266 quae
744 1215 919 1266 ipsorum
943 1221 1092 1251 naturae
1118 1221 1375 1250 consentanea

329 1285 456 1316 essent
472 1287 598 1326 neque
613 1274 747 1312 liceret
766 1272 987 1321 transgredi
1007 1272 1103 1309 fines
1120 1284 1141 1309 a
1161 1284 1289 1309 rerum
1309 1284 1375 1322 pa-

331 1346 438 1376 rente
461 1335 628 1388 positos,
650 1333 763 1371 aliam
790 1332 1016 1383 quaesivisse
1035 1331 1138 1369 viam
1154 1359 1163 1377 ‚
1184 1344 1259 1382 qua
1274 1330 1375 1368 ultra

330 1408 511 1435 sensuum
544 1391 761 1444 praestigias
789 1391 837 1429 ad
872 1391 997 1442 ipsam
1038 1403 1166 1427 rerum
1198 1398 1373 1427 naturam

331 1452 632 1506 pernoscendam
648 1450 826 1488 homines
841 1449 1079 1488 accederent.
1096 1448 1288 1486 Nimirum
1304 1448 1377 1486 hoc

330 1513 475 1551 indicat
489 1510 619 1549 verbis
637 1511 714 1547 ἀλλ’
731 1508 785 1560 ἄγ’
806 1507 903 1560 ἄθρει
915 1507 1014 1559 πάσῃ
1031 1507 1181 1559 παλάμῃ
1202 1511 1251 1560 πῇ
1272 1509 1376 1555 δῆλον

329 1571 490 1617 ἕκαστον,
509 1578 546 1607 et
563 1582 620 1607 vs.
639 1568 686 1616 57
708 1568 814 1619 γυίων
830 1566 947 1605 πίστιν
963 1564 1080 1619 ἔρυκε,
1096 1566 1165 1604 νόει
1178 1567 1208 1604 δ’
1228 1561 1250 1619 ᾗ
1272 1567 1375 1614 δῆλον

328 1629 473 1668 ἕκαστον
493 1641 662 1665 sensuum
677 1629 795 1675 fidem
815 1628 983 1673 declina,
1003 1635 1135 1676 reputa
1155 1640 1245 1663 vero
1259 1654 1269 1672 ,
1289 1640 1377 1676 quo—

328 1691 436 1726 modo
453 1689 614 1738 quidque
634 1685 875 1734 mangsestum
892 1689 955 1732 sit,
975 1685 1003 1722 i.
1027 1698 1060 1723 e.
1080 1684 1193 1734 quale
1205 1685 1378 1736 quidque

329 1747 438 1786 nulla
458 1758 639 1784 sensuum
660 1744 794 1782 habita
826 1745 977 1782 ratione
997 1752 1193 1796 appareat.
1223 1743 1378 1782 Erravit

329 1806 449 1856 igitur
467 1803 638 1843 Steinius
657 1803 804 1855 ubique
820 1803 884 1842 hic
905 1816 1088 1842 sensuum
1110 1803 1376 1842 auctoritatem

331 1863 594 1902 commendari
629 1862 826 1915 opinatus.
867 1863 923 1900 De
955 1862 1109 1914 reliquo
1137 1862 1308 1901 Galenus
1332 1863 1380 1901 de

336 1923 468 1975 simpl.
490 1921 592 1961 med.
620 1929 740 1974 temp.
763 1922 789 1960 l.
808 1921 846 1959 II
874 1922 1002 1973 princ.
1024 1931 1050 1960 t.
1070 1921 1163 1959 XIII
1183 1935 1224 1974 p.
1252 1923 1300 1960 30
1320 1936 1377 1974 sq.

331 1982 460 2021 Chart.
480 1981 710 2032 perstringit
725 1989 762 2018 et
782 1980 928 2019 refellit
948 1980 1220 2033 Empedoclem
1237 2011 1248 2029 ,
1271 1982 1377 2032 quod

331 2040 371 2079 in
391 2038 597 2078 scrutanda
611 2051 738 2076 rerum
754 2048 892 2077 natura
912 2040 1064 2077 ratione
1076 2071 1086 2090 ,
1103 2053 1182 2078 non
1200 2040 1379 2079 sensibus

330 2098 512 2137 utendum
529 2110 612 2136 esse
625 2097 853 2138 decreverit.
872 2099 921 2137 At
934 2113 1012 2136 non
1026 2112 1179 2137 omnem
1195 2112 1376 2149 sensuum

331 2158 597 2197 auctoritatem
631 2158 767 2196 tollere
803 2159 1066 2197 destinaverat
1100 2158 1352 2211 Empedocles
1366 2189 1376 2208 ‚

332 2218 397 2256 sed
419 2217 597 2255 homines
630 2230 652 2255 a
675 2217 856 2256 credendi
884 2218 1099 2256 temeritate
1120 2218 1174 2256 ita
1198 2231 1377 2266 avocare,

334 2285 375 2314 ut
394 2287 575 2313 sensuum
605 2275 703 2313 visis
737 2275 852 2313 fidem
887 2275 1174 2326 adjungendam
1203 2285 1380 2326 negaret,

334 2335 409 2372 nisi
428 2333 543 2372 simul
563 2333 714 2371 ratione
734 2342 975 2386 compertum
1008 2343 1131 2381 esset,
1156 2334 1231 2372 tale
1266 2335 1380 2386 quid-

335 2406 408 2443 que
424 2405 506 2431 esse
521 2389 634 2443 quale
653 2392 868 2431 videretur.
887 2394 969 2432 Hoc
984 2394 1083 2432 illud
1105 2394 1183 2432 fere
1202 2403 1259 2432 est
1276 2396 1381 2446 quod

334 2452 471 2489 Sextus
492 2450 711 2502 Empiricus
731 2452 757 2491 l.
779 2466 813 2490 c.
836 2453 889 2491 ait
909 2467 917 2490 :
940 2451 994 2491 ὅτι
1020 2452 1059 2492 τὸ
1080 2453 1122 2490 δι’
1141 2452 1293 2500 ἑκάστης
1319 2455 1382 2491 αἷ-

337 2509 490 2555 σθήσεως
510 2508 778 2559 λαμὸανόμενον
796 2511 918 2550 πιστόν
940 2514 1032 2559 ἐστι,
1049 2515 1111 2550 τοῦ
1128 2511 1233 2565 λόγου
1249 2511 1381 2552 τούτων

337 2568 613 2611 ἐπιστατοῦντος.
646 2591 700 2597 -
727 2568 793 2608 Vs.
824 2570 889 2610 58.
926 2570 1115 2610 Παυσανία
1146 2570 1258 2626 κτλ.]
1281 2572 1383 2611 Huic

336 2626 463 2664 nobili
482 2626 631 2665 medico
645 2627 899 2679 Empedocles
920 2638 997 2669 tres
1025 2630 1072 2669 de
1094 2644 1223 2670 rerum
1244 2641 1383 2671 natura

336 2685 458 2723 libros
478 2685 678 2738 inscripsit
709 2695 804 2725 teste
823 2688 996 2738 Diogene
1023 2689 1152 2728 Laert.
1182 2690 1289 2737 VIII,
1314 2694 1380 2730 61.

339 2743 434 2782 Vide
452 2744 730 2796 praefationem.
753 2745 949 2785 Servanda
969 2749 1126 2798 vulgata
1146 2749 1306 2802 Ἀγχίτου
1331 2753 1383 2790 υἱὲ

341 2814 455 2853 quam
478 2802 704 2842 Karstenius
718 2804 758 2842 in
776 2804 946 2857 Ἀγχίτεω
967 2808 1017 2844 υἱὲ
1036 2809 1211 2846 mutavit.

391 2860 452 2900 Vs.
469 2861 609 2911 59-61.
628 2862 749 2900 Clem.
777 2863 837 2904 Al.
854 2863 997 2902 Strom.
1018 2865 1068 2903 vl
1087 2880 1125 2917 p.
1143 2868 1235 2912 624.
1259 2868 1381 2907 lidem

340 2932 475 2958 versus
495 2921 657 2959 variatis
682 2929 831 2959 tantum
860 2923 995 2962 verbis
1015 2934 1242 2975 repetuntur
1264 2928 1380 2968 infra.

339 2976 452 3015 Conf.
471 2991 529 3015 vs.
557 2979 741 3028 159-162.
767 2979 991 3020 Karstenius
1012 2983 1168 3034 quidem
1191 2995 1298 3036 putat
1318 3001 1384 3026 eos

341 3049 439 3086 quos
461 3036 563 3075 infra
586 3038 699 3088 posui
729 3039 834 3078 solos
865 3053 948 3078 esse
984 3041 1279 3095 Empedocleos‚
1310 3046 1382 3085 hos

343 3094 583 3133 fraudulenta
602 3109 719 3135 manu
737 3100 816 3136 vati
842 3099 1100 3150 Agrigentino
1130 3105 1354 3155 suppositos
1371 3136 1381 3154 ,

340 3148 402 3190 vel
422 3153 552 3204 potius
578 3167 626 3192 ex
646 3155 734 3194 aliis
762 3158 978 3196 carminum
1008 3159 1106 3198 locis
1128 3172 1329 3214 excerptos
1349 3175 1386 3204 et

340 3210 381 3248 in
403 3223 522 3249 unum
542 3212 729 3252 conflatos
742 3227 837 3253 esse.
858 3215 1016 3256 Primus
1033 3231 1170 3258 versus
1192 3221 1277 3271 (vs.
1301 3223 1350 3274 59
1370 3227 1381 3275 )

339 3267 496 3321 τέσσαρα
525 3273 592 3308 τῶν
618 3271 758 3310 πάντων
789 3273 970 3327 ῥιζώματα
999 3281 1138 3329 πρῶτον
1172 3279 1276 3320 ἄκουε
1307 3296 1385 3320 non

340 3326 472 3365 dissert
493 3340 515 3366 a
534 3341 651 3368 versu
682 3331 755 3381 159
775 3332 929 3385 τέσσαρα
950 3333 1017 3387 γὰρ
1037 3336 1178 3375 πάντων
1200 3340 1382 3391 ῥιζώματα

340 3387 479 3437 πρῶτον
508 3386 599 3434 ἔασι,
622 3389 699 3427 nisi
719 3390 872 3430 duobus
902 3393 1105 3434 vocabulis
1118 3426 1128 3443 ,
1147 3410 1382 3450 quamquam

341 3444 454 3482 etiam
470 3444 527 3483 ibi
544 3459 617 3498 pro
632 3445 710 3486 ἔασι
732 3458 821 3487 sunt
835 3450 902 3501 qui
922 3451 1051 3502 legant
1071 3453 1187 3494 ἄκουε.
1203 3455 1387 3508 Sequitur

1485 527 1572 573 Ζεὺς
1589 526 1699 581 ἀργὴς
1719 526 1818 580 Ἥρη
1840 542 1879 565 τε
1899 523 2080 580 φερέσὸιος
2096 522 2153 571 ἠδ’
2174 520 2356 566 Ἀϊδωνεὺς

1485 586 1619 635 Νῆστίς
1636 586 1665 625 θ’
1683 585 1707 634 ἣ
1731 583 1892 638 δακρύων
1919 583 2035 637 τέγγει
2054 582 2244 638 κρούνωμα
2264 580 2435 635 βρότειον,

1434 678 1487 716 ita
1504 684 1547 714 ut
1560 689 1635 727 pro
1658 675 1834 724 figuratis
1849 671 2079 711 nominibus
2100 672 2186 723 ipsa
2204 670 2491 710 elementorum

1436 735 1629 775 vocabula
1645 733 1950 773 substituantur.
1972 730 2077 769 lllud
2100 731 2216 769 etiam
2240 729 2403 768 minime
2420 728 2491 766 du·

1433 795 1564 841 bium,
1588 807 1666 832 non
1685 792 1848 831 multum
1872 791 2060 829 interesse
2078 789 2181 828 inter
2201 789 2305 827 hunc
2331 801 2490 827 versum

1433 863 1470 893 et
1491 868 1541 904 79
1555 868 1564 892 z
1582 857 1652 907 πῦρ
1665 852 1725 891 καὶ
1736 850 1842 904 ὕδωρ,
1858 849 1919 890 καὶ
1937 855 2020 901 γαῖα
2044 846 2106 886 καὶ
2123 846 2257 901 αἰθέρος
2269 847 2374 895 ἤπιον
2387 845 2489 901 ὕψος.

1433 914 1612 952 Tertium
1633 912 1804 963 denique
1825 908 2062 948 versiculum
2088 922 2097 946 :

1488 1003 1526 1040 ἐκ
1547 1001 1614 1055 γὰρ
1632 1002 1699 1039 τῶν
1713 999 1816 1038 ὅσοιτ’
1832 993 1874 1046 ἦν
1895 996 1961 1036 ὅσα
1978 995 2008 1035 τ’
2021 995 2162 1035 ἔσσεται
2181 996 2269 1035 ὅσσα
2283 994 2316 1034 τ’
2332 993 2433 1035 ἔασιν

1435 1110 1514 1135 non
1536 1095 1746 1134 admodum
1768 1094 1968 1132 diversum
1991 1104 2076 1130 esse
2093 1104 2115 1128 a
2133 1103 2192 1130 vs.
2212 1092 2286 1129 128

1489 1185 1528 1223 ἐκ
1543 1184 1613 1222 τῶν
1628 1183 1732 1222 πάνθ’
1749 1180 1815 1220 ὅσοι
1831 1181 1861 1219 τ’
1878 1174 1920 1228 ἦν
1936 1178 2000 1219 ὅσα
2017 1180 2046 1216 τ’
2061 1177 2133 1218 ἔσθ’
2150 1176 2215 1217 ὅσα
2230 1179 2261 1216 τ’
2279 1177 2379 1216 ἔσται
2392 1175 2495 1215 ὀπίσ-

2415 1235 2491 1288 [σω

1437 1340 1612 1385 apparet.
1635 1331 1730 1377 Quae
1754 1342 1874 1381 quum
1897 1328 1950 1366 ita
1970 1328 2064 1374 sint,
2084 1336 2214 1365 tamen
2234 1326 2307 1365 hos
2331 1338 2471 1364 versus
2485 1356 2496 1375 ‚

1437 1390 1765 1445 quemadmodum
1797 1388 1971 1427 Steinius
2004 1387 2095 1425 fecit
2108 1416 2119 1435 ,
2156 1386 2336 1425 omittere
2368 1385 2494 1424 nolui.

1439 1451 1598 1501 Legitur
1619 1457 1748 1487 autem
1775 1447 1894 1496 vulgo
1915 1445 2001 1498 γέαν
2023 1459 2095 1498 pro
2124 1445 2253 1496 γαῖαν,
2271 1443 2329 1493 ἠδ’
2347 1457 2421 1497 pro
2438 1443 2496 1496 ἰδ’,

1438 1510 1504 1549 ὅσα
1523 1511 1554 1547 τ’
1577 1507 1698 1548 ἔασσιν
1719 1520 1792 1559 pro
1813 1505 1902 1545 ὅσσα
1922 1506 1955 1543 τ’
1975 1503 2087 1543 ἔασιν.

1491 1569 1556 1609 Vs.
1579 1569 1718 1618 62-97.
1747 1565 1844 1604 δίπλ’
1862 1559 2233 1618 ἐρέω-αἷὲν”ὁμοῖα]
2261 1562 2376 1601 affert
2392 1562 2491 1602 Sim-

1438 1630 1581 1682 plicius
1604 1629 1645 1666 in
1661 1626 1883 1665 Aristotelis
1899 1625 2021 1676 Phys.
2044 1623 2060 1662 1
2084 1624 2109 1664 s.
2138 1625 2185 1668 34
2203 1626 2249 1664 A.
2269 1625 2288 1662 ὁ
2308 1622 2343 1661 δὲ
2367 1621 2500 1672 Ἐμπε-

1440 1689 1567 1734 δοκλῆς
1584 1686 1622 1725 τὸ
1645 1685 1680 1725 ἓν
1711 1684 1772 1725 καὶ
1794 1684 1839 1722 τὰ
1870 1683 1987 1723 πολλὰ
2008 1682 2053 1722 τὰ
2076 1682 2332 1734 πεπερασμένα
2356 1681 2418 1721 καὶ
2437 1679 2499 1729 τὴν

1432 1745 1535 1787 ’κατὰ
1554 1744 1713 1798 περίοδον
1736 1742 2027 1783 ἀποκατάστασιν
2047 1740 2108 1780 καὶ
2128 1741 2190 1788 τὴν
2205 1739 2298 1779 κατὰ
2316 1740 2499 1794 σύγκρισιν

1441 1806 1501 1846 καὶ
1518 1804 1692 1858 διάκρισιν
1709 1802 1843 1856 γένεσιν
1870 1801 1930 1841 καὶ
1949 1800 2080 1855 φθορὰν
2106 1799 2217 1844 οὕτως
2238 1801 2274 1839 ἐν
2295 1802 2345 1854 τῷ
2369 1798 2501 1853 πρώτῳ

1439 1869 1509 1905 τῶν
1541 1866 1696 1919 φυσικῶν
1732 1861 1972 1916 παραδίδωσι.
2015 1861 2245 1913 Sequuntur
2275 1872 2416 1899 versus
2452 1859 2501 1898 de

1442 1924 1588 1976 quibus
1609 1922 1675 1961 hic
1709 1922 1839 1972 agitur
1870 1920 2028 1959 omissis
2050 1933 2100 1968 70
2121 1927 2159 1957 et
2185 1931 2252 1969 9¹·
2278 1918 2347 1958 Vs.
2370 1919 2499 1968 68-74

1445 1985 1566 2027 ἄλλοις
1588 1980 1801 2033 μὲν-κατὰ
1827 1978 1957 2019 κύκλον
1978 1979 2081 2017 idem
2104 1979 2398 2030 (praetermisso
2418 1991 2503 2016 rur-

1442 2057 1508 2082 sus
1523 2055 1582 2080 vs.
1599 2056 1648 2090 70
1665 2043 1676 2092 )
1702 2041 1750 2079 de
1768 2040 1878 2078 Coelo
1898 2038 1962 2077 bis
1984 2037 2088 2090 apud
2103 2037 2275 2089 Peyron.
2297 2051 2338 2090 p.
2359 2043 2422 2086 47.
2437 2037 2498 2076 Cf.

1442 2101 1546 2139 infra
1567 2114 1627 2140 vs.
1657 2100 1725 2138 151
1750 2112 1859 2150 seqq.
1884 2097 1968 2137 Vss.
2001 2097 2052 2135 68
2073 2105 2110 2134 et
2129 2097 2181 2148 69
2200 2096 2307 2135 idem
2328 2096 2449 2148 Phys.
2484 2097 2499 2135 1

1445 2162 1471 2199 f.
1495 2162 1518 2198 6
1536 2161 1590 2207 B;
1608 2159 1714 2207 VIII,
1740 2159 1764 2197 f.
1788 2159 1863 2195 310
1887 2159 1918 2195 A
1937 2172 1947 2205 3
1966 2157 2162 2207 Diogenes
2181 2156 2361 2195 Laertius
2380 2156 2499 2209 vm,

1444 2220 1514 2268 763
1537 2216 1712 2256 Stobaeus
1734 2216 1813 2256 Ecl.
1844 2218 1863 2256 Ι
1880 2230 1912 2255 o.
1949 2230 1989 2253 11
2013 2229 2052 2268 p.
2077 2215 2292 2269 29o(tom.
2316 2214 2396 2268 lp.
2424 2230 2494 2254 111

1443 2278 1505 2317 ed.
1527 2276 1678 2328 Gaisf.)
1702 2277 1851 2314 Auctor
1867 2274 1964 2313 Vitae
1984 2275 2100 2315 Hom.
2123 2289 2165 2327 p.
2189 2275 2264 2323 327
2296 2275 2357 2315 ed.
2388 2275 2500 2316 Gale.

1444 2336 1527 2375 Vss.
1565 2341 1685 2384 70-74
1711 2338 1735 2388 ᾑ
1769 2334 1832 2385 μὲν
1859 2333 2046 2373 ἓν-κατὰ
2082 2334 2239 2386 κύκλον,
2272 2334 2503 2374 Aristoteles

1446 2397 1565 2447 Phys.
1584 2395 1689 2434 VIII.
1718 2407 1732 2432 1
1754 2410 1764 2442 ;
1785 2408 1826 2446 p.
1854 2395 1930 2445 319
1955 2395 2002 2434 D.
2021 2394 2104 2433 Vss.
2128 2400 2248 2443 72-74
2273 2393 2503 2446 Simplicius

1443 2456 1565 2507 Phys.
1587 2454 1696 2501 VIII,
1717 2454 1741 2492 f.
1763 2454 1840 2491 258
1870 2454 1913 2493 B.
1936 2453 2000 2493 Vs.
2022 2454 2069 2502 75
2088 2454 2152 2493 Jo.
2173 2453 2439 2493 Damascenus
2458 2454 2510 2492 in-

1447 2514 1592 2553 Stobaei
1620 2513 1802 2566 Append.
1834 2513 1957 2553 Gaisf.
1987 2528 2025 2566 p.
2054 2514 2128 2561 343
2166 2513 2291 2564 tangit
2323 2512 2505 2553 Clemens

1447 2572 1738 2612 Alexandrinus
1767 2572 1910 2613 Strom.
1942 2573 1973 2611 V
2008 2587 2047 2626 p.
2074 2573 2152 2625 589
2173 2573 2218 2613 C.
2251 2573 2334 2614 Vss.
2363 2574 2502 2623 78-82.

1445 2631 1523 2670 τοτὲ
1555 2633 1585 2670 δ’
1607 2625 1652 2670 αῧ
1679 2631 1948 2685 διέφυ-μῆκός
1967 2648 2006 2671 τε
2030 2631 2164 2678 πλάτος
2184 2648 2247 2681 τε,
2273 2633 2506 2685 Simplicius

1446 2692 1565 2744 Phys.
1588 2691 1622 2740 Ι,
1647 2692 1673 2730 f.
1693 2694 1716 2730 6
1745 2692 1788 2729 B.
1804 2691 1890 2732 Vss.
1912 2694 2027 2743 79-81
2053 2692 2312 2745 πῦρ-πλάτος
2330 2708 2391 2740 τε,
2409 2692 2504 2732 Sex-

1446 2760 1507 2790 tus
1539 2751 1763 2804 Empiricus
1789 2751 1876 2789 adv.
1908 2752 2029 2792 Math.
2065 2752 2134 2798 lX,
2163 2765 2224 2791 10.
2256 2751 2343 2791 Vss.
2378 2752 2504 2802 79-80

1446 2811 1549 2849 idem
1569 2811 1667 2849 ibid.
1697 2811 1746 2857 X,
1777 2813 1868 2860 317.
1897 2811 1963 2850 Vs.
1988 2827 2038 2864 79
2058 2811 2291 2850 Plutarchus
2309 2811 2358 2850 de
2382 2811 2502 2850 Adul.

1446 2880 1483 2909 et
1503 2871 1617 2910 amic.
1634 2885 1673 2922 p.
1695 2872 1744 2909 63
1764 2870 1852 2910 Vol.
1876 2871 1925 2909 VI
1941 2885 1979 2923 p.
2003 2873 2077 2910 233
2097 2872 2160 2911 ed.
2181 2871 2312 2909 Reisk.
2327 2870 2414 2909 Vss.
2437 2871 2506 2909 80-

1448 2931 1494 2968 81
1522 2941 1541 2971 4,ε
1581 2929 1642 2967 καὶ
1675 2931 2008 2978 (Ι)ιλ.-τεθηπώς,
2051 2931 2289 2970 Plutarchus
2323 2931 2502 2969 Amator.

1445 3003 1486 3041 p.
1520 2989 1615 3038 756,
1634 2989 1719 3027 vol.
1755 2989 1809 3027 IX
1831 3003 1872 3041 p.
1899 2991 1964 3031 30.
1995 2990 2064 3031 Vs.
2099 2991 2146 3029 81
2185 2990 2366 3030 Clemens
2394 2990 2504 3029 Alex.

1446 3048 1591 3087 Strom.
1613 3047 1644 3085 V
1660 3062 1698 3100 p.
1719 3047 1795 3087 552
1819 3049 1869 3097 C;
1888 3049 2120 3102 Simplicius
2137 3050 2260 3101 Phys.
2277 3048 2310 3096 1,
2334 3049 2362 3088 f.
2383 3054 2428 3095 41
2454 3051 2504 3089 Α.

1445 3108 1508 3146 Vs.
1527 3109 1578 3146 88
1599 3108 1755 3158 attingit
1774 3109 1940 3148 Aristot.
1968 3110 2016 3148 de
2042 3110 2139 3164 Gen.
2163 3118 2202 3148 et
2230 3109 2341 3147 corr.
2373 3108 2427 3156 II,
2453 3110 2503 3155 ὃς

1445 3182 1484 3220 p.
1513 3174 1588 3219 409
1608 3167 1657 3205 D.
1679 3167 1743 3207 Vs.
1774 3181 1826 3218 90
1847 3168 2076 3220 Simplicius
2096 3170 2218 3221 Phys.
2247 3167 2356 3215 VIII,
2380 3167 2404 3206 f.
2427 3169 2505 3217 273

1450 3227 1497 3264 A.
1521 3227 1572 3266 cf,
1602 3225 1708 3264 infra
1732 3240 1793 3266 vs.
1833 3232 1904 3275 147
1939 3241 1998 3279 sq.
2021 3229 2085 3268 Vs.
2113 3235 2163 3280 94
2195 3227 2426 3266 Aristoteles
2457 3227 2507 3266 de

1446 3285 1619 3335 Melisso,
1634 3285 1876 3338 Xenophane
1890 3295 1928 3324 et
1944 3287 2093 3338 Gorgia
2113 3301 2152 3339 p.
2170 3287 2247 3338 975
2270 3287 2300 3324 B
2322 3287 2333 3336 (
2349 3299 2436 3338 pag.
2455 3299 2506 3324 ao

1448 3345 1509 3383 ed.
1531 3346 1685 3396 nostr.)
1706 3345 1769 3384 Vs.
1791 3347 1840 3390 64
1860 3345 1935 3394 δοιὴ
1956 3347 1992 3384 δὲ
2021 3356 2060 3385 et
2081 3345 2156 3394 δοιὴ
2187 3347 2218 3384 δ’
2249 3346 2504 3398 Simplicius,

1449 3404 1555 3454 quod
1572 3404 1700 3444 Karst.
1721 3414 1865 3444 temere
1893 3406 1935 3443 in
1955 3406 2070 3454 τοιήδε
2100 3415 2138 3445 et
2156 3406 2267 3454 τοιήδ’
2298 3406 2505 3445 convertit.

1446 3461 1509 3502 Vs.
1529 3462 1719 3502 65’ὀλέκει
1735 3480 1773 3503 τε
1795 3464 2047 3517 Simplicius;
2069 3465 2164 3512 αὔξει
2184 3482 2221 3505 τε
2249 3466 2377 3506 Karst.
2412 3479 2506 3504 con-
