2612 3814
1057 294 1209 334 SEXTI
1237 293 1601 335 ENCHIRIDION.

295 397 359 432 72.
391 383 527 430 Qualis
555 384 618 422 vis
652 396 760 431 esse,
797 383 888 422 dum
922 384 1045 422 Deum
1083 397 1187 432 oras,
1209 384 1300 422 talis

237 454 393 494 semper
413 452 508 481 esto.
1279 434 1284 441 ’

292 503 356 549 73.
389 502 490 540 Dum
528 501 678 553 optima
710 515 876 553 quaeque
906 501 1098 553 abjeceris
1126 502 1297 554 praedia,

237 568 329 599 tunc
348 561 577 613 purificatus
592 569 681 611 pete
699 561 806 612 quod
823 561 885 599 vis
905 574 927 599 a
947 562 1045 600 Deo.

292 625 353 668 74.
382 620 536 670 Lingua
577 620 794 672 maliloqua
831 621 1021 659 indicium
1063 629 1120 659 est
1157 621 1299 658 mentis

235 679 359 717 malae.
382 678 452 732 (Cf.
471 680 666 718 Antonius
685 679 832 719 Meliss.
852 688 889 718 et
907 679 1067 719 Maxim.
1086 692 1200 718 serm.
1218 682 1298 732 περὶ

233 735 343 789 ψόγου
364 736 424 774 καὶ
445 736 613 784 διαὸολῆς
633 751 673 789 p.
697 738 804 789 258.)

290 795 353 844 75.
385 795 566 835 Insuesce
586 796 760 846 linguam
780 806 887 836 tuam
916 797 1017 836 bene
1035 797 1240 849 proloqui,
1261 805 1298 834 et

233 855 403 894 maxime
417 885 428 903 ,
447 869 534 894 cum
553 855 601 895 de
620 857 702 896 Deo
719 857 762 895 fit
783 870 923 896 sermo.
943 856 1016 911 (Cf.
1035 855 1229 907 Porphyr.
1249 855 1296 893 ad

234 913 410 953 Marcell.
436 928 521 967 cap.
548 916 622 966 15.)
776 914 779 917 ’

288 975 352 1021 76.
385 974 535 1013 Nocere
555 975 639 1013 Deo
660 988 775 1013 nemo
797 983 936 1027 potest.

288 1047 353 1082 77.
385 1033 537 1085 Impius
570 1034 611 1072 in
634 1035 757 1073 Deum
787 1034 998 1072 maledicus
1020 1042 1058 1071 et
1077 1033 1241 1072 infestus
1260 1042 1297 1072 et

232 1093 540 1131 contumeliosus
557 1102 628 1132 est.

290 1153 353 1200 78.
388 1153 696 1192 Fundamentum
729 1153 884 1205 pietatis
915 1162 973 1192 est
1007 1152 1248 1190 continentia
1285 1166 1293 1189 :

231 1212 386 1251 culmen
415 1222 542 1251 autem
576 1213 732 1263 pietatis
760 1226 872 1251 amor.
895 1213 980 1252 Dei.
1002 1212 1073 1260 (Cf.
1096 1211 1292 1263 Porphyr.

230 1271 279 1310 ad
300 1272 415 1310 Marc.
434 1286 516 1324 cap.
540 1273 616 1321 35.)

287 1347 351 1383 79.
383 1332 497 1370 Pium
518 1331 717 1370 hominem
739 1331 881 1370 habeto
899 1340 1082 1382 tanquam
1098 1340 1135 1369 te
1152 1332 1294 1382 ipsum.

287 1393 352 1431 80.
384 1391 485 1443 Opta
505 1390 577 1429 tibi
598 1390 760 1429 evenire
777 1404 857 1429 non
876 1391 982 1442 quod
998 1391 1081 1438 vis,
1103 1390 1169 1428 sed
1190 1390 1295 1441 quod

230 1451 404 1503 expedit.
428 1451 504 1498 (Cf.
527 1464 664 1489 versus
693 1451 832 1490 allatos
852 1463 874 1489 a
893 1450 1057 1489 Platone
1090 1449 1220 1488 Alcib.
1254 1448 1292 1489 ΙΙ

231 1525 268 1563 p.
290 1513 364 1557 143
386 1510 449 1550 ed.
472 1510 622 1563 Steph.)
720 1504 724 1507 ¹

286 1571 352 1610 81.
384 1570 547 1616 Qualem
580 1571 643 1608 vis
675 1583 759 1608 esse
788 1570 1015 1622 proximum
1050 1578 1159 1607 tuum
1194 1568 1292 1617 tibi,

231 1630 320 1668 talis
340 1638 423 1668 esto
444 1638 482 1667 et
501 1638 542 1667 tu
566 1629 644 1667 tuis
662 1630 866 1682 proximis.

287 1689 355 1726 82.
388 1686 483 1733 Quae
504 1687 661 1739 culpas,
681 1688 805 1726 facere
835 1687 930 1726 noli.
951 1687 1022 1739 (Cf.
1053 1686 1196 1725 Thales
1228 1700 1291 1738 ap.

231 1746 346 1796 Diog.
366 1749 493 1793 Laert.
515 1745 548 1791 1,
570 1746 651 1796 36.)

285 1807 351 1845 83.
382 1805 491 1843 Nulli
507 1805 687 1844 suadenti
704 1805 929 1857 acquiescas
947 1814 1076 1857 petere
1093 1805 1198 1857 quod
1213 1818 1294 1843 non

230 1873 288 1903 est
307 1864 468 1903 bonum.
490 1864 564 1917 (Cf.
587 1864 718 1905 Carm.
741 1878 827 1905 aur.
850 1878 906 1903 vs.
929 1865 1117 1916 25-26.)

285 1925 352 1968 84.
383 1923 497 1971 Quod
518 1924 623 1963 Deus
640 1924 712 1963 tibi
732 1924 819 1972 dat,
839 1925 971 1963 nullus
986 1925 1141 1963 auferre
1156 1933 1293 1976 potest.

232 1982 305 2034 (Cf.
323 1983 550 2035 Demophili
571 1991 671 2022 sent.
699 1982 743 2035 1.)

285 2043 350 2082 85.
384 2043 569 2082 Delibera
602 2044 834 2095 priusquam
875 2056 986 2092 agas,
1018 2051 1056 2080 et
1087 2052 1292 2094 antequam

230 2117 321 2154 agas
341 2103 508 2156 provide
537 2103 654 2155 quale
680 2103 731 2141 sit
754 2102 860 2154 quod
893 2103 1063 2141 facturus
1083 2115 1136 2142 es.
1171 2103 1294 2154 (conf.

231 2164 458 2216 Demophili
478 2173 576 2202 sent.
601 2163 655 2216 5.)

284 2225 347 2263 86.
377 2223 419 2262 Si
436 2224 532 2274 quid
547 2237 626 2262 non
641 2223 702 2262 vis
722 2223 824 2262 scire
838 2223 962 2261 Deum
977 2253 986 2271 ‚
999 2222 1103 2262 istud
1119 2236 1190 2262 nec
1206 2236 1295 2273 agas

230 2296 302 2322 nec
319 2284 479 2334 cogites.

286 2343 352 2390 87.
387 2343 623 2394 Priusquam
657 2354 769 2392 agas,
794 2341 1057 2392 quodcunque
1091 2342 1196 2392 agis,
1228 2356 1294 2380 co-

230 2402 311 2452 gita
332 2403 477 2451 Deum,
498 2411 541 2441 ut
558 2403 625 2441 lux
646 2401 733 2453 ejus
755 2402 947 2454 praecedat
966 2411 1075 2440 actus
1104 2411 1201 2441 tuos.
1225 2402 1294 2453 (Cf.

230 2462 360 2502 Carm.
383 2462 478 2500 Aur.
495 2475 557 2500 vs.
579 2461 771 2513 48-49.)

285 2522 352 2561 88.
384 2520 557 2560 Grandis
590 2521 771 2573 impietas
802 2521 844 2559 in
878 2521 998 2559 Deum
1022 2520 1198 2571 affligere
1220 2521 1295 2559 ho-

231 2581 392 2620 minem.

286 2641 353 2691 89.
386 2640 527 2678 Anima
546 2638 767 2677 illustratur
787 2639 1060 2677 recordatione
1080 2639 1168 2677 Dei.

287 2714 352 2751 90.
386 2699 603 2737 Contentus
622 2710 707 2737 esse
727 2697 997 2737 mediocribus
1015 2697 1139 2737 stude.

286 2772 354 2810 91.
386 2758 477 2796 Noli
497 2757 630 2796 omnia
649 2757 940 2809 concupiscere.

285 2831 355 2867 92.
385 2817 619 2855 Occasiones
635 2817 830 2854 bonorum
848 2815 1056 2868 perquire,
1073 2815 1188 2854 etiam
1207 2829 1294 2854 cum

232 2874 379 2914 labore.

287 2937 354 2986 93.
385 2934 477 2974 Noli
498 2934 666 2985 diligere
683 2947 748 2983 ea,
772 2948 856 2986 quae
880 2933 1061 2986 corporis
1080 2942 1184 2974 sunt.

287 3001 353 3045 94.
383 2993 636 3033 Immundum
671 2994 871 3033 hominem
908 2993 999 3032 facit
1018 3001 1126 3032 actus
1153 2995 1293 3045 turpis.

286 3055 351 3107 95.
382 3054 581 3105 Purgatur
599 3053 730 3092 anima
751 3053 994 3106 insipientis,
1013 3066 1100 3091 cum
1121 3056 1298 3103 arguitur

233 3112 615 3154 intrinsecus'latens
634 3127 772 3153 sensus
793 3113 890 3165 ejus.

287 3175 352 3224 96.
382 3174 488 3212 Deus
525 3173 569 3212 in
600 3173 720 3212 bonis
759 3172 911 3212 actibus
942 3171 1174 3211 hominibus
1216 3172 1295 3211 dux

234 3240 307 3273 est·

290 3306 356 3344 97.
384 3291 587 3332 Neminem
606 3293 812 3333 inimicum
832 3293 1006 3344 deputes.
1025 3291 1100 3345 (Cf.
1120 3292 1297 3331 Hierocl.

237 3353 286 3392 ad
307 3366 429 3392 carm.
455 3357 539 3391 aur'.
559 3366 620 3393 vs.
643 3352 698 3406 7.)
915 3362 917 3365 '

291 3414 358 3463 98.
393 3411 521 3462 Dilige
537 3426 670 3460 omne,
691 3412 797 3464 quod
813 3411 987 3464 ejusdem
1009 3419 1134 3449 tecum
1150 3418 1299 3449 naturae

237 3481 294 3510 est
314 3485 323 3509 :
345 3472 469 3510 Deum
490 3485 585 3511 vero
604 3474 720 3511 ctiam
738 3474 829 3525 plus
850 3485 966 3524 quam
995 3471 1163 3510 animam
1192 3479 1297 3509 tuam

237 3531 371 3582 dilige.

2341 310 2416 343 525

1418 397 1484 433 99.
1517 383 1733 422 Pessimum
1756 394 1813 423 est
1830 387 2103 437 peccatoribus
2122 389 2163 428 in
2187 404 2307 430 unum
2329 407 2423 431 con-

1363 444 1521 490 venire,
1541 456 1628 481 cum
1652 453 1829 494 peccant.

1421 515 1508 541 100.
1538 501 1653 541 Multi
1665 502 1744 541 cibi
1763 504 1984 556 impediunt
1995 508 2225 560 castitatem,
2238 519 2276 549 et
2292 512 2423 552 incon-

1362 561 1527 600 tinentia
1543 560 1721 600 ciborum
1746 563 1992 602 immundum
2014 567 2105 604 facit
2125 567 2338 611 hominem.

1420 634 1507 660 101.
1539 620 1809 661 Animantium
1843 623 2019 662 omnium
2053 638 2147 664 usus
2182 628 2338 678 quidem
2382 632 2422 669 in

1360 679 1460 718 cibis
1490 679 1723 720 indifferens
1736 711 1747 730 ,
1779 681 1978 722 abstinere
2013 697 2109 723 vero
2148 687 2423 729 rationabilius

1359 747 1431 779 est.
1454 737 1581 790 (Conf.
1618 752 1733 789 graec.
1767 740 1876 780 Sexti
1906 751 2003 782 sent.
2037 744 2060 781 8
2089 753 2127 783 et
2145 743 2281 785 Senec.
2306 751 2419 799 epist.

1357 796 1474 850 VIII.)

1418 871 1506 895 102.
1537 857 1625 897 Non
1645 857 1746 907 cibi,
1760 861 1827 910 qui
1844 873 1914 911 per
1927 873 1972 899 os
1989 860 2228 910 inferuntur,
2242 865 2423 915 polluunt

1358 916 1556 956 hominem
1572 947 1583 969 ‚
1606 918 1674 956 sed
1703 931 1768 967 ea,
1790 932 1874 970 quae
1894 932 1943 958 ex
1967 921 2081 960 malis
2114 922 2266 962 actibus
2287 926 2422 976 profe-

1360 984 1514 1015 runtur.

1418 1036 1505 1075 103.
1537 1035 1743 1089 Quidquid
1785 1037 1999 1089 cupiditate
2036 1039 2163 1078 victus
2204 1043 2421 1093 acceperis,

1357 1093 1502 1144 polluit
1517 1103 1570 1135 te.

1417 1161 1503 1200 104.
1534 1155 1781 1194 Multitudini
1798 1156 1953 1207 placere
1967 1170 2015 1195 ne
2038 1166 2203 1208 satagas.
2222 1159 2293 1210 (Cf.
2310 1158 2424 1212 Sym-

1357 1211 1438 1251 bol.
1461 1213 1628 1265 Pythag.
1655 1215 1737 1266 14.)

1417 1273 1503 1314 105.
1538 1271 1583 1311 111
1603 1274 1734 1322 omni,
1757 1274 1862 1325 quod
1878 1273 1979 1312 bene
1999 1275 2100 1325 agis,
2124 1285 2322 1315 auctorem
2340 1291 2423 1318 esse

1357 1331 1501 1384 deputa
1519 1333 1659 1373 Deum.

1417 1393 1504 1430 106.
1536 1392 1629 1431 Mali
1650 1393 1798 1432 nullius
1813 1401 1948 1431 auctor
1961 1402 2020 1432 est
2038 1394 2152 1433 Deus.
2171 1395 2242 1446 (Cf.
2257 1395 2421 1448 Pythag.

1358 1459 1455 1490 sent.
1480 1453 1525 1490 13
1549 1461 1587 1490 et
1605 1452 1802 1504 Porphyr.
1824 1453 1872 1491 ad
1887 1453 2062 1491 Marcell.
2087 1467 2173 1505 cap.
2194 1453 2271 1505 24.)

1418 1525 1506 1557 107.
1540 1510 1630 1549 Non
1659 1511 1829 1562 amplius
1858 1512 2058 1563 possideas
2078 1526 2195 1563 quam
2225 1527 2319 1553 usus
2339 1529 2424 1554 cor-

1359 1570 1471 1621 poris
1501 1571 1645 1622 poscit.
1681 1570 1810 1622 (Conf.
1839 1571 2037 1623 Porphyr.
2059 1572 2108 1609 ad
2140 1572 2312 1613 Marcell.
2335 1589 2421 1628 cap.

1363 1643 1413 1680 29
1436 1638 1473 1667 et
1493 1630 1575 1680 30.)

1419 1690 1503 1727 108.
1536 1691 1684 1727 Aurum
1706 1703 1784 1727 non
1802 1689 1922 1741 eripit
1941 1690 2109 1728 animam
2130 1703 2152 1728 e
2172 1691 2300 1731 malis.

1418 1762 1505 1800 109.
1537 1749 1583 1787 In
1615 1748 1769 1787 deliciis
1791 1749 1971 1800 corporis
2003 1749 2156 1800 positus
2175 1759 2321 1788 certum
2348 1761 2420 1790 est.

1359 1807 1466 1858 quod
1501 1808 1660 1859 ignores
1692 1807 1781 1856 illa,
1815 1821 1902 1859 quae
1930 1817 2146 1860 praeparata
2175 1809 2248 1847 tibi
2286 1821 2376 1849 sunt
2402 1825 2424 1850 a

1359 1867 1454 1904 Deo.
2059 1878 2062 1879 ’

1418 1940 1506 1965 110.
1539 1925 1593 1963 Ea
1618 1926 1797 1977 posside,
1824 1939 1911 1977 quae
1941 1921 2075 1964 nullus
2107 1926 2234 1978 possit
2271 1928 2424 1967 auferre

1359 1999 1380 2024 a
1398 1994 1447 2024 te.

1416 2059 1505 2083 111.
1536 2044 1609 2083 Fer
1636 2044 1742 2096 quod
1763 2057 1920 2082 necesse
1948 2052 2027 2094 est,
2052 2047 2151 2083 sicut
2171 2057 2327 2083 necesse
2348 2055 2419 2087 est.

1418 2118 1431 2141 1
1445 2118 1504 2142 12.
1534 2104 1807 2154 Magnanimus
1821 2116 1905 2142 esse
1922 2104 2047 2143 stude.

1419 2178 1433 2201 1
1446 2165 1508 2202 13.
1540 2163 1595 2201 Ea
1612 2176 1700 2214 quae
1720 2170 1944 2202 contemnes
1958 2192 1968 2210 ‚
1987 2164 2022 2201 si
2042 2171 2144 2201 recte
2161 2163 2333 2202 laudaris
2347 2192 2358 2211 ,
2375 2177 2424 2202 ne

1357 2223 1536 2261 retineas.
1555 2221 1601 2260 In
1621 2222 1767 2274 quibus
1787 2221 2047 2274 probabiliter
2064 2222 2296 2272 magnificus
2320 2223 2420 2269 eris,

1357 2282 1440 2320 haec
1460 2281 1611 2321 obtine.

1416 2355 1431 2378 1
1444 2347 1505 2385 14.
1541 2341 1630 2378 Haec
1650 2352 1768 2392 posce
1784 2353 1806 2378 a
1826 2340 1908 2378 Deo
1922 2368 1933 2388 ‚
1957 2353 2043 2390 quae
2063 2339 2223 2389 dignum
2249 2349 2307 2379 est
2321 2354 2420 2392 prae-

1357 2410 1459 2439 stare
1478 2401 1613 2438 Deum.
1635 2398 1758 2453 (conf.
1776 2399 1968 2451 Porphyr.
1981 2398 2029 2436 ad
2047 2398 2217 2437 Marcell.
2234 2412 2317 2451 cap.
2341 2399 2419 2453 12.)

1416 2459 1505 2497 115.
1538 2458 1652 2496 Ratio
1683 2471 1771 2509 quae
1799 2459 1841 2497 in
1868 2467 1906 2497 te
1935 2467 2013 2506 est,
2032 2459 2124 2496 vitae
2145 2467 2217 2496 tuae
2241 2459 2310 2497 lux
2330 2461 2420 2511 (leg.

1359 2518 1451 2570 dux)
1468 2526 1564 2559 esto.
1586 2518 1712 2570 (Conf.
1730 2517 1925 2570 Porphyr.
1945 2518 1994 2556 ad
2013 2518 2186 2557 Marcell.
2207 2518 2282 2571 34.)

1416 2593 1431 2616 1
1444 2579 1504 2618 16.
1534 2578 1588 2617 Ea
1605 2585 1693 2630 pete
1713 2590 1735 2615 a
1754 2577 1860 2625 Deo,
1883 2590 1971 2629 quae
1990 2577 2167 2629 accipere
2195 2576 2245 2615 ab
2263 2577 2424 2622 homine

1357 2652 1436 2677 non
1454 2646 1583 2690 potes.
1603 2637 1676 2690 (Cf.
1693 2637 1892 2689 Porphyr.
1913 2637 1963 2676 ad
1979 2636 2152 2676 Marcell.
2173 2650 2256 2688 cap.
2282 2639 2357 2689 12.)

1416 2712 1505 2746 117.
1538 2695 1582 2735 111
1614 2696 1760 2748 quibus
1788 2697 2009 2749 praecedere
2038 2696 2154 2734 debet
2184 2696 2310 2745 labor,
2340 2697 2422 2737 haec

1359 2756 1432 2796 tibi
1451 2765 1543 2808 opta
1558 2759 1716 2795 evenire
1736 2766 1826 2809 post
1842 2756 2031 2797 laborem.
2057 2755 2131 2809 (Cf.
2153 2756 2353 2807 Porphyr.
2373 2760 2421 2798 ad

1357 2817 1529 2857 Marcell.
1554 2830 1637 2868 cap.
1663 2817 1741 2867 12.)

1418 2891 1432 2914 1
1446 2892 1459 2914 1
1469 2878 1503 2915 8.
1534 2877 1672 2916 Oratio
1682 2877 1743 2915 vel
1753 2885 1843 2915 vota
1852 2875 1957 2929 pigri
1970 2889 2098 2915 sermo
2109 2890 2246 2916 vanus.
2259 2878 2421 2930 (Porph.

1358 2936 1406 2974 ad
1423 2935 1599 2975 Marcell.
1620 2949 1704 2988 cap.
1734 2936 1812 2987 12.)

1420 3010 1435 3033 1
1448 3009 1510 3046 19.
1541 2994 1629 3034 Νο11
1639 3004 1794 3048 oportet
1807 3004 2058 3034 contemnere
2070 3008 2130 3042 ea,
2147 2995 2291 3046 quibus
2305 2997 2420 3034 etiam

1358 3062 1447 3106 post
1477 3054 1763 3106 depositionem
1797 3054 1975 3106 corporis
2002 3066 2172 3104 egemus.
2216 3053 2287 3106 (Cf.
2321 3055 2418 3093 Por-

1360 3113 1476 3166 phyr.
1499 3113 1548 3151 ad
1571 3112 1746 3152 Marcell.
1764 3127 1849 3165 cap.
1879 3112 1958 3165 12.)

1417 3187 1507 3214 120.
1537 3174 1622 3213 Non
1637 3182 1745 3226 petas
1762 3187 1784 3212 a
1802 3174 1882 3212 Deo
1904 3173 1943 3211 id
1958 3202 1966 3216 ,
1985 3171 2090 3222 quod
2111 3185 2197 3209 cum
2219 3171 2417 3220 habueris,

1359 3247 1440 3273 non
1458 3242 1650 3286 perpetuo
1664 3232 1878 3271 obtinebis.
1896 3231 1969 3282 (Cf.
1986 3230 2210 3281 Demophil.
2229 3231 2332 3269 Sent.
2352 3239 2363 3270 1
2385 3242 2421 3270 et

1360 3292 1558 3345 Porphyr.
1578 3291 1626 3330 ad
1648 3292 1767 3331 Marc.
1791 3304 1875 3342 cap.
1898 3289 1977 3342 12.)

1421 3365 1510 3390 121.
1543 3350 1726 3389 1115110500
1746 3351 1914 3388 animam
1934 3357 2037 3387 tuam
2065 3348 2216 3399 aliquid
2236 3361 2419 3398 magnum

1361 3411 1409 3449 de
1425 3424 1467 3450 se
1486 3411 1633 3449 sentire
1657 3418 1746 3461 post
1768 3410 1906 3447 Deum.

1420 3485 1508 3509 122.
1541 3469 1604 3508 Nil
1625 3469 1839 3521 pretiosum
1867 3468 2008 3517 (lucas,
2028 3465 2134 3518 quod
2165 3466 2315 3503 auserre
2342 3478 2364 3503 a
2385 3474 2419 3503 te

1362 3531 1486 3582 possit
1503 3530 1621 3568 homo
1639 3529 1776 3567 malus.
