2612 3814
349 241 423 274 354

480 321 610 371 (Stoi).
633 320 737 360 Flor.
755 321 898 370 XLIII,
921 325 1009 375 43.)

340 393 404 418 213.
425 381 527 419 Τοῖσι
559 383 744 432 χρηστοῖσι
775 382 813 420 οὗ
842 381 1009 436 ξυμφέρον
1049 382 1260 434 ἀμελέοντας
1294 389 1385 423 τοῖσι

422 441 558 477 ἑωυτῶν
579 439 670 478 ἄλλα
690 439 871 491 πρήσσειν·
889 441 932 479 τὰ
951 441 1019 495 γὰρ
1036 441 1107 480 ἴδια
1138 444 1253 487 κακῶς
1275 441 1316 481 ἂν
1347 442 1387 481 ἔ-

424 513 523 549 σχεν.
550 499 591 537 Ei
621 498 655 536 δὲ
692 497 875 549 ἀμιλέοιτο
893 501 962 538 τῶν
983 500 1158 551 δημοσίων
1185 517 1243 547 τι,
1268 505 1385 544 κακῶς

425 555 559 594 ἀκούειν
583 556 735 607 γίνεται,
751 558 811 596 καὶ
836 556 878 603 ἢν
901 557 1009 607 μηδὲν
1031 558 1120 609 μήτε
1137 560 1269 611 κλέπτῃ
1297 559 1386 610 μήτε

424 616 558 668 ἀδικέῃ·
579 615 655 653 ἐπεὶ
683 615 743 654 καὶ
779 615 959 665 ἀμελέοντι
981 618 1063 669 (οὐκ
1091 613 1226 668 ἧσσον)
1247 618 1271 664 ἢ
1305 619 1384 656 ἀδι-

424 669 541 707 κέοντι.
556 668 708 711 κίνδυνος
725 672 839 713 κακῶς
861 669 997 708 ἀκούειν
1024 670 1084 708 καὶ
1102 670 1143 716 δὴ
1164 671 1223 709 καὶ
1243 672 1384 709 παθέειν

423 742 468 765 τι.
502 726 651 778 Ἀνάγκη
689 726 730 773 δὴ
766 727 988 779 ἁμαρτάνειν,
1021 726 1312 780 ξυγγιιώσκεσθαι
1348 728 1382 766 δὲ

420 784 498 828 τοὺς
518 785 715 837 ἀνθρώπους
732 786 794 823 οὐκ
814 785 967 828 εὐπετές.

473 843 592 895 (Stob.
611 843 713 882 Flor.
737 843 880 890 XLIII,
902 848 967 887 44.
990 844 1003 893 )

335 915 402 940 su.
426 904 471 941 Οἱ
502 902 604 940 κακοὶ
622 901 728 944 ἰόντες
749 904 781 945 ἐς
798 901 860 944 τὰς
888 900 1007 950 τιμάς,
1036 901 1150 954 ὁκόσῳ
1174 901 1216 939 ἂν
1243 903 1378 952 μᾶλλον

417 959 545 1005 ἀνάξιοι
574 958 683 1002 ἐόντες
715 958 810 1005 ἴωσι,
832 958 989 1010 τοσούτῳ
1025 960 1159 1009 μᾶλλον
1194 959 1382 1007 ἀνακηδέες

414 1017 566 1068 γίνονται
591 1016 651 1054 καὶ
681 1017 874 1069 ἀφροσύνης
898 1016 958 1054 καὶ
977 1017 1122 1070 θράσεος
1141 1017 1379 1068 πίμπλανται.

467 1076 602 1129 (Stob.
624 1076 725 1114 Flor.
747 1075 888 1123 XLIII,
910 1075 1000 1127 45.)

336 1148 400 1174 215.
418 1134 534 1174 “om
556 1136 586 1173 οἷ
600 1135 782 1186 δυνάμενοι
795 1141 882 1174 τοῖσι
899 1133 948 1184 μὴ
963 1134 1084 1187 ἔχουσι
1102 1134 1162 1174 καὶ
1183 1135 1379 1188 προτελέειν

411 1194 584 1245 τολμέωσι
605 1193 664 1232 καὶ
683 1192 886 1246 ὑπουργέειν
903 1193 963 1231 καὶ
976 1193 1192 1246 χαρίζεσθαι,
1214 1196 1248 1232 ἐν
1269 1194 1380 1247 τούτῳ

412 1252 478 1299 ἤδη
497 1253 556 1291 καὶ
575 1253 614 1291 τὸ
630 1251 808 1305 οἰκτείρειν
827 1251 952 1300 ἔνεστι,
971 1252 1031 1290 καὶ
1051 1251 1101 1302 μὴ
1123 1251 1271 1305 ἐρήμους
1290 1246 1379 1291 εἶναι

412 1311 471 1349 καὶ
487 1311 527 1350 τὸ
543 1312 698 1365 ἑταίρους
722 1311 876 1362 γίνεσθαι
893 1312 953 1350 καὶ
970 1311 1009 1350 τὸ
1029 1311 1173 1364 ἀμύνειν
1195 1312 1378 1359 ἀλλήλοισι

409 1373 469 1411 καὶ
488 1371 565 1416 τοὺς
587 1371 755 1419 πολιήτας
772 1371 934 1422 ὁμονόους
954 1366 1041 1410 εἶναι
1061 1372 1120 1411 καὶ
1137 1371 1228 1410 ἄλλα
1251 1371 1377 1421 ἀγαθά,

409 1430 498 1470 ὅσσα
519 1431 629 1474 οὐδεὶς
648 1430 689 1469 ἂν
711 1430 850 1469 δύναιτο
860 1429 1065 1475 καταλέξαι.

465 1490 593 1542 (stob.
616 1489 721 1527 rior.
745 1488 889 1536 111111,
914 1487 1000 1540 46.)

702 1602 804 1662 Περὶ
833 1604 992 1663 γήραος.

324 1737 390 1763 210.
412 1722 530 1774 Ἰσχὺς
560 1722 620 1761 καὶ
647 1721 818 1776 εὖμορτρίη
845 1722 1007 1770 νεότητος
1038 1722 1175 1773 ἀγαθά,
1204 1725 1313 1775 γ’ἧρας
1340 1721 1374 1760 δὲ

403 1781 627 1834 σωφροσύνης
647 1781 759 1824 ἄνθος.

457 1840 588 1892 (Stob.
612 1839 716 1880 Flor.
737 1839 846 1887 CXV,
872 1853 938 1890 ¹93
958 1840 1061 1879 Max.
1082 1853 1122 1891 p.
1144 1840 1265 1891 856.)

322 1912 389 1938 217.
414 1898 532 1950 Γέρων
552 1897 693 1951 εὔχαρις
709 1901 726 1936 ὃ
745 1900 890 1948 αἱμύλος
903 1899 962 1937 καὶ
978 1898 1275 1949 σπουδαιόμυθος.

459 1957 694 2009 (Democrat.
713 1958 835 1998 Orell.
857 1971 898 1997 n.
923 1959 1014 2007 70.)

320 2029 390 2056 218.
412 2014 457 2055 Ὁ
493 2015 605 2068 γέρων
633 2015 706 2060 νέος
729 2017 886 2068 ἐγένετο,
919 2019 937 2055 ὁ
962 2017 997 2055 δὲ
1025 2015 1101 2061 νέος
1122 2017 1252 2063 ἄδηλον
1285 2017 1315 2054 εἷ
1335 2017 1369 2060 ἐς

1095 237 1385 279 DEMOCRITI
1414 239 1749 282 FRAGMENTA.

1528 331 1638 380 γῆρας
1659 327 1831 374 ἀπίξεται·
1851 329 1892 370 τὸ
1916 330 2047 372 τέλειον
2064 325 2113 372 ὧν
2133 333 2261 386 ἀγαθὸν
2274 338 2334 376 τοῦ
2352 336 2493 387 μέλλον·
2549 334 2556 341 ’

1529 386 1586 430 τός
1605 402 1642 426 τε
1658 387 1718 425 καὶ
1738 387 1868 435 ἀδήλου
1886 390 2051 442 κρέσσον.

1583 445 1719 498 (Stob.
1737 446 1840 488 FIor.
1862 448 1977 501 CXV,
2000 451 2093 503 21.)

1446 516 1515 544 219.
1537 505 1654 556 ram<
1683 506 1869 560 ὁλόκληρός
1895 509 1968 547 ἐστι
1997 509 2166 563 πήρωσις·
2197 510 2300 550 πάντ’
2327 512 2402 566 ἔχει
2429 515 2490 555 καὶ

1526 568 1614 600 πᾶσι
1635 563 1756 603 ἐνδέει.

1581 621 1714 671 (Stob.
1738 622 1842 664 Flor.
1870 624 2002 674 CXVI,
2023 632 2087 672 41.
2106 628 2116 678 )

1445 693 1512 720 220.
1538 679 1584 719 Ὁ
1603 680 1705 725 αὐτὸς
1724 681 1805 720 ἰδὼν
1823 683 1960 723 νεανίαν
1983 686 2235 735 φιλοπονοῦντα
2253 688 2331 742 ἔφη·
2354 689 2492 730 Koma·

1526 754 1609 778 στον
1627 739 1711 793 ὄψον
1731 743 1782 794 τῷ
1796 741 1922 793 γήρατι
1941 742 2090 795 ἀρτύεις.

1579 798 1753 850 (Α111011.
1770 809 1808 839 01
1823 801 1925 841 Max.
1946 815 2036 853 pag.
2062 803 2174 855 377.)

1853 926 2075 990 Πείρεργον.

1441 1079 1509 1106 221.
1531 1064 1725 1118 Ἐρωτικὴν
1745 1065 1877 1119 μέμψιν
1896 1069 1919 1114 ἡ
1944 1065 2161 1118 ἀγαπωμένη
2182 1067 2272 1108 λύει.

1576 1124 1704 1176 (8101).
1731 1125 1834 1166 Flor.
1852 1124 1994 1175 LXIII,
2015 1125 2100 1179 33.)

1439 1197 1505 1224 222.
1520 1183 1677 1237 ἸσΛυρὸν
1698 1185 1730 1227 ἐς
1750 1182 1857 1221 πειθὼ
1877 1182 1976 1234 λόγος
1994 1184 2142 1236 γίνεται.

1575 1242 1706 1294 (Stob.
1728 1242 1828 1280 Flor.
1846 1241 2017 1293 LXXXI,
2059 1259 2074 1282 1
2087 1251 2142 1295 1.)

1439 1316 1506 1342 22³.
1529 1302 1767 1354 Ἰσχυρότερος
1799 1303 1831 1345 ἐς
1877 1300 1986 1341 πειθὼ
2001 1302 2118 1355 ’λόγος
2154 1306 2318 1357 πολλαχῇ
2351 1303 2485 1357 γίνεται

1518 1365 1664 1415 χρυσοῦ.

1574 1422 1817 1472 (Democrat.
1843 1434 1907 1472 ap.
1927 1422 2051 1462 01011.
2082 1436 2120 1461 n.
2145 1437 2207 1471 ¹7·
2229 1423 2242 1475 )

1438 1495 1504 1521 221.
1526 1480 1571 1521 ‘0
1591 1479 1738 1519 ἀδικέων
1758 1483 1819 1518 τοῦ
1837 1480 2061 1530 ἀδικεομένου
2077 1480 2446 1535 κακοδαιμονέστερος.

1573 1539 1815 1589 (Democrat.
1837 1553 1900 1590 ap.
1923 1540 2044 1579 Orell.
2063 1554 2102 1580 n.
2128 1540 2205 1593 ιι.)

1437 1613 1504 1638 225.
1526 1598 1639 1650 Ἀνδρὶ
1665 1600 1761 1650 σοφῷ
1782 1603 1881 1636 πᾶσα
1909 1601 1954 1648 γῆ
1987 1599 2092 1649 βατή·
2120 1599 2235 1651 ψυχῆς
2259 1597 2328 1651 γὰρ
2353 1599 2486 1650 ἀγαθῆς

1516 1657 1642 1710 πατρὶς
1659 1659 1676 1694 ὁ
1696 1656 1833 1706 ξύμπας
1849 1655 1994 1707 κόσμος.

1572 1715 1711 1767 (Stob.
1732 1715 1835 1755 Flor.
1858 1714 1939 1762 XL,
1960 1714 2024 1768 7.)

1434 1788 1499 1814 226.
1514 1773 1571 1814 Τὰ
1591 1773 1684 1812 καλὰ
1704 1772 1910 1826 γνωρίζουσι
1939 1773 1999 1811 καὶ
2019 1774 2162 1821 ζηλοῦσι
2180 1774 2212 1812 οἱ
2239 1772 2381 1827 εὐφυέες
2399 1774 2485 1827 πρὸς

1515 1833 1617 1873 αὐτά.

1567 1893 1810 1946 (Democrat.
1831 1906 1896 1944 ap.
1915 1892 2037 1931 OreII.
2061 1906 2100 1932 n.
2122 1891 2214 1946 22.)

1431 1967 1498 1994 227.
1519 1951 1824 2004 Προὸουλεύεσθαι
1838 1951 1984 2004 κρέσσον
1999 1952 2066 2005 πρὸ
2080 1954 2149 1991 τῶν
2160 1951 2314 2005 πρηξίων
2331 1950 2354 2000 ἢ
2375 1967 2484 2003 μετα·

1510 2012 1630 2051 νοέειν.

363 2164 436 2194 213.
458 2161 552 2194 Bonis
581 2170 644 2193 non
681 2161 831 2203 expedit,
864 2161 962 2194 rebus
995 2161 1061 2194 suis
1093 2161 1263 2202 neglectis,
1293 2160 1372 2192 alias

318 2229 412 2260 agere
444 2220 611 2261 :propriae
638 2220 724 2252 enim
755 2220 923 2261 (interim)
957 2220 1041 2252 1113Ιο
1070 2228 1105 2252 se
1128 2220 1300 2252 haberent.
1338 2219 1369 2252 Si

319 2279 400 2320 quid
431 2280 540 2311 autem
571 2278 738 2319 publicum
765 2278 962 2319 negligatur,
985 2278 1115 2311 infamia
1137 2279 1282 2319 accedit,
1311 2278 1369 2311 etsi

321 2337 393 2377 quis
404 2344 508 2377 neque
525 2336 645 2368 10110111
670 2345 774 2378 neque
802 2336 953 2378 injuriam
986 2337 1084 2369 ullam
1108 2337 1214 2369 130131.
1239 2338 1368 2369 Etenim

319 2394 492 2436 negligenti
512 2404 575 2427 11011
597 2395 703 2428 minus
731 2404 830 2437 quam
855 2395 1002 2436 injuriam
1020 2396 1170 2429 inferenti
1189 2396 1365 2438 periculum

318 2455 368 2486 est
385 2463 459 2486 cum
475 2454 557 2486 male
573 2454 720 2486 audiendi
733 2477 744 2495 ‚
757 2455 828 2487 tum
840 2455 936 2487 etiam
950 2455 1101 2497 patiendi.
1121 2455 1204 2487 Fieri
1223 2455 1367 2496 profecto

321 2521 384 2544 non
403 2514 530 2554 potest,
545 2513 623 2554 quin
649 2516 811 2554 peccetur,
834 2516 1039 2555 peccatorum
1060 2515 1168 2547 autem
1187 2515 1313 2547 veniam
1332 2518 1368 2547 ut

321 2573 493 2614 impetrent
506 2573 652 2606 homines
663 2597 673 2614 ‚
686 2583 752 2606 non
773 2574 866 2607 facile
883 2574 949 2607 11011
966 2577 1082 2616 potest.

364 2633 436 2664 214.
459 2632 599 2672 improbi
619 2633 645 2664 si
663 2633 800 2666 honores
816 2636 941 2675 petunt,
954 2643 1018 2676 quo
1032 2634 1150 2667 suerint
1163 2633 1366 2675 indigniores,

321 2687 383 2719 1100
404 2688 436 2720 01
467 2687 709 2728 negligentiores
738 2688 873 2730 (adepto
904 2690 1109 2731 magistratu)
1141 2689 1223 2722 fiunt
1245 2690 1364 2730 impru-

319 2746 493 2787 dentiaque
511 2746 610 2787 magis
628 2749 661 2779 et
679 2747 813 2780 audacia
833 2748 1007 2789 replentur.

364 2808 435 2838 215.
457 2805 521 2837 Ubi
539 2809 681 2847 potentes
696 2807 735 2838 ad
749 2807 963 2840 sublevandos
977 2808 1131 2840 tenuioris
1147 2808 1283 2841 fortunae
1303 2808 1362 2840 ho-

321 2864 426 2896 mines
446 2866 595 2906 sumptus
630 2865 733 2898 130010
762 2866 923 2899 sustinent
953 2867 1064 2908 eisque
1096 2876 1227 2909 operam
1249 2876 1365 2900 navare

321 2925 354 2956 et
373 2922 544 2964 gratificari
557 2947 566 2964 ,
597 2923 641 2955 ibi
669 2923 894 2957 misericordiae
922 2925 1012 2958 locus
1037 2927 1099 2966 est,
1132 2927 1249 2967 singuli
1278 2926 1365 2959 cives

321 2989 386 3012 non
409 2979 572 3012 dissociati
589 2989 626 3012 ac
639 2980 755 3013 deserti
774 2983 863 3021 sunt,
880 2982 935 3014 sed
954 2985 1068 3016 mutua
1088 2985 1235 3026 societas,
1257 2985 1365 3019 desen·

319 3039 369 3071 sio
382 3040 414 3072 et
426 3039 596 3071 concordia
609 3041 783 3072 nascuntur
798 3042 895 3081 atque
912 3041 972 3074 alia
986 3042 1068 3075 bona
1087 3045 1134 3076 tot
1150 3046 1310 3086 tantaque,
1328 3047 1365 3078 ut

320 3107 416 3130 nemo
438 3098 543 3131 verbis
561 3099 739 3140 exprimere
753 3099 861 3140 possit.

674 3195 732 3236 De
763 3197 1004 3238 senectute.
1021 3225 1027 3248 :

362 3304 437 3336 216.
459 3303 566 3336 Robur
586 3305 618 3336 et
647 3304 851 3345 pulchritudo
871 3305 1049 3346 juventutis
1066 3307 1148 3339 bona
1168 3311 1255 3350 sunt,
1272 3318 1360 3343 sene—

317 3363 388 3395 ctus
403 3363 510 3395 autem
532 3363 750 3404 temperantiae
773 3364 1014 3406 prudentiaeque
1033 3365 1091 3398 nos
1112 3368 1172 3399 est.

361 3423 432 3454 217.
458 3422 575 3453 Gratus
598 3422 645 3453 est
671 3430 767 3454 senex
793 3421 848 3463 qui
877 3422 956 3455 scite
973 3421 1071 3463 jocari
1097 3425 1201 3464 potest
1221 3426 1253 3458 et
1280 3427 1360 3460 seria

317 3477 415 3519 loqui.

1475 2160 1547 2190 218.
1567 2159 1673 2190 Senex
1696 2154 1757 2187 11111
1771 2155 1900 2195 Juvenis
1926 2154 2099 2195 aliquando
2118 2166 2126 2186 ε
2147 2163 2226 2186 num
2250 2163 2327 2187 vero
2345 2154 2480 2195 juvenis

1433 2217 1559 2249 futurus
1583 2215 1625 2247 sit
1640 2214 1717 2246 olim
1744 2222 1861 2254 senex,
1890 2212 2052 2245 incertum
2078 2215 2138 2246 est.
2169 2212 2353 2246 Perfectum
2384 2213 2479 2255 igitur

1432 2273 1552 2306 bonum
1564 2274 1673 2306 101010
1692 2275 1789 2314 atque
1803 2273 1924 2305 incerto
1946 2272 2155 2313 praestantius
2171 2273 2231 2304 est.

1470 2335 1544 2364 219.
1569 2332 1721 2364 Senectus
1739 2331 1884 2363 omnium
1911 2332 1962 2363 est
1991 2338 2143 2364 sensuum
2162 2330 2326 2363 hebetatio
2343 2340 2352 2363 ε
2371 2332 2479 2364 omnia

1429 2390 1525 2423 1131101
1546 2394 1644 2432 atque
1664 2389 1815 2422 omnibus
1833 2388 1954 2431 aliquid
1973 2389 2079 2422 deest.

1462 2456 1535 2485 220.
1562 2452 1650 2484 idem
1669 2451 1873 2484 Democritus
1889 2451 2094 2492 conspicatus
2107 2451 2260 2491 iuvenem
2275 2449 2472 2483 industrium

1420 2515 1453 2544 et
1476 2511 1594 2545 laboris
1621 2513 1786 2544 amantem
1811 2521 1820 2543 :
1851 2511 2128 2551 Pulclierrimum,
2153 2510 2279 2552 inquit,
2303 2510 2478 2543 senectutis

1420 2572 1534 2605 condis
1550 2571 1739 2605 obsonium.
1853 2570 1855 2573 '

1761 2658 2144 2703 Additamentum.

1468 2776 1542 2804 221.
1566 2771 1766 2804 Amatorium
1785 2770 1906 2803 crimen
1923 2769 2016 2801 diluit
2041 2769 2109 2810 ipsa
2130 2777 2204 2810 quae
2226 2771 2370 2802 amatur.

1466 2835 1540 2864 222.
1566 2831 1748 2863 Plurimum
1768 2829 1808 2861 ad
1822 2829 2061 2869 persuasionem
2076 2836 2183 2861 sermo
2193 2828 2290 2861 valet.

1467 2893 1539 2922 223.
1563 2889 1611 2922 Ad
1632 2887 1890 2930 persuadendum
1910 2895 2130 2928 saepenumero
2148 2886 2221 2928 plus
2238 2886 2352 2927 oratio,
2374 2895 2473 2928 quam

1423 2958 1538 2981 aurum
1558 2949 1655 2980 valet.

1466 3012 1539 3043 224.
1562 3008 1723 3042 Infelicior
1745 3008 1813 3048 est,
1831 3007 1982 3048 injuriam
1999 3006 2055 3048 qui
2078 3006 2170 3047 13011,
2192 3014 2291 3047 quam
2309 3006 2364 3048 qui
2385 3006 2472 3039 acci·

1424 3071 1480 3112 pit.

1465 3130 1538 3160 225.
1559 3126 1721 3167 Quaslibet
1744 3126 1829 3159 terra
1846 3124 1982 3167 sapienti
2007 3125 2076 3157 viro
2103 3124 2214 3166 pervia
2231 3127 2281 3157 est
2306 3132 2474 3166 :namque

1422 3187 1521 3219 animi
1539 3186 1627 3219 fortis
1646 3185 1818 3218 universus
1830 3184 1972 3217 mundus
1989 3183 2090 3225 patria
2106 3186 2167 3216 est.

1463 3250 1537 3279 226.
1561 3245 1714 3279 Homines
1751 3245 1866 3276 natura
1896 3243 1938 3276 ad
1966 3244 2169 3276 honestatem
2203 3242 2278 3276 iacti
2308 3243 2342 3276 et
2372 3250 2472 3284 agno·

1420 3306 1538 3346 scunt,
1560 3298 1634 3346 ’111130
1649 3304 1781 3336 honesta
1803 3306 1890 3344 sunt,
1903 3306 1936 3335 et
1951 3302 1990 3335 iis
2007 3311 2136 3343 operam
2153 3302 2242 3335 dant.

1463 3367 1538 3397 227,
1560 3365 1696 3396 Praestat
1709 3362 1878 3395 consilium
1907 3361 2087 3403 praecedere
2116 3361 2220 3402 sacta,
2246 3358 2470 3403 quampoeui·

1421 3423 1556 3456 1011113111
1574 3421 1737 3462 subsequi.
