2612 3814
348 260 422 293 398

1218 260 1398 312 OCELLI
1427 261 1622 302 LUCANI

338 342 388 392 τῷ
409 340 508 379 ὕδατι
532 343 650 395 ὑγροῦ·
686 343 746 383 καὶ
779 344 951 384 ἀνάπαλιν
983 346 1023 385 τὸ
1051 346 1114 398 μὲν
1135 348 1169 386 ἐν
1202 349 1253 400 τῷ
1282 347 1383 387 ὕδατι
1447 349 1549 390 tollit;
1570 350 1668 392 atque
1687 359 1706 384 e
1724 353 1884 386 contrua-io
1900 362 1977 387 cum
1990 364 2085 398 aquae
2110 358 2229 391 humor
2252 363 2347 393 terrae
2363 361 2492 396 siccita-

337 398 438 451 ὑγρὸν
458 404 518 439 τοῦ
534 401 569 439 ἓν
589 405 633 454 τῇ
650 404 695 454 γῇ
712 401 814 455 ξηροῦ
826 433 837 452 ,
857 403 896 442 τὸ
913 403 947 443 δὲ
966 405 1001 443 ἕν
1022 407 1071 459 τῷ
1092 405 1167 459 ἀέρι
1181 407 1306 462 θερμὸν
1323 411 1384 446 τοῦ
1444 416 1523 455 tem,
1533 415 1619 448 aeris
1635 415 1722 449 calor
1731 425 1824 459 aquoe
1835 419 1945 461 frigus,
1959 423 1989 453 et
2000 420 2079 463 ignis
2087 422 2214 456 siccitas
2228 424 2398 460 humorem
2409 428 2494 462 neris

335 458 370 496 ἐν
389 460 438 510 τῷ
459 459 558 498 ὕδατι
577 461 734 514 ψυχροῦ,
757 462 796 500 τὸ
813 462 848 501 δὲ
866 463 900 501 ἐν
921 465 971 517 τῷ
987 466 1069 516 πυρὶ
1091 464 1192 518 ξηρὸν
1209 469 1270 504 τοῦ
1286 468 1319 505 ἐν
1333 468 1382 519 τῷ
1443 480 1553 521 pellit,
1574 481 1645 513 tum
1664 482 1855 516 mutatione·
1881 487 1914 517 et
1939 489 2031 518 ortus
2051 495 2230 530 eorumque
2254 490 2491 528 vicissitudines

334 516 410 571 ἀέρι
430 520 546 572 ὑγροῦ·
570 520 630 559 καὶ
646 519 753 565 οὕτως
768 524 804 561 αἱ
825 523 1018 573 μεταὸολαὶ
1035 524 1187 575 γίνονται
1204 525 1264 563 καὶ
1285 525 1380 575 γενέ-

332 590 402 621 σεις
420 571 618 626 εἰς’ἅλληλα
638 578 672 624 ἐξ
693 580 871 627 ἀλλήλων.
930 583 952 632 §
981 588 1040 621 12.
1064 583 1116 621 Τὸ
1136 582 1171 621 δὲ
1192 582 1380 634 ὑποκείμε-

331 650 388 674 νον
403 638 506 687 σῶμα
528 637 587 676 καὶ
606 637 645 677 τὸ
672 638 856 692 δεχόμενον
879 639 940 684 τὰς
962 640 1180 690 μεταὸολοίς,
1196 641 1236 680 τὸ
1252 643 1379 681 πανδε·

328 693 410 747 χές,
427 696 486 734 καὶ
505 695 543 735 τὸ
563 697 708 748 δυνάμει
722 700 859 750 πρῶτον
879 698 963 750 πρὸς
984 699 1092 752 ἁφήν.
1121 701 1142 749 §
1173 707 1231 740 13.
1254 700 1379 739 Γίνον-

329 768 386 792 ται
401 753 437 793 δὲ
461 756 497 793 αἱ
513 755 705 806 μεταὸολαὶ
719 756 795 803 ἤτοι
816 758 855 795 ἐκ
868 759 930 809 γῆς
948 759 993 801 εἷς
1006 761 1091 810 πῦρ,
1111 756 1186 805 ἢέκ
1201 759 1308 811 πυρὸς
1331 762 1377 804 εἷς

329 811 434 865 ἀέρα,
457 815 516 852 καὶ
538 814 573 859 ἐξ
595 814 692 866 ἀέρος
720 817 765 859 εἷς
786 814 897 866 ὕδωρ,
929 816 989 854 καὶ
1016 816 1052 862 ἐξ
1081 816 1205 860 ὕδατος
1223 820 1269 861 εἰς
1295 821 1375 870 γῆν.

326 870 515 925 [Δεύτερον
536 873 571 912 δὲ
589 873 667 911 κατ’
689 874 882 926 ἐναλλαγήν
896 875 932 926 ,]
950 875 1010 913 καὶ
1031 874 1160 928 τρίτον,
1182 873 1265 914 ὅταν
1281 876 1321 915 τὸ
1340 878 1374 915 ἐν

324 929 462 984 ἑκάστῳ
481 930 634 970 ἐναντίον
662 935 799 986 φθαρῇ,
822 932 880 971 καὶ
901 936 1118 987 καταλειφθῇ
1146 933 1186 972 τὸ
1215 933 1376 986 συγγενὲς

325 988 384 1027 καὶ
405 989 444 1028 τὸ
463 988 655 1042 σύμφυλον.
715 989 760 1030 Ἡ
782 989 845 1041 μὲν
873 985 932 1030 οῦν
967 992 1100 1042 γένεσις
1131 993 1373 1045 ἀποτελεῖται,

321 1044 404 1085 ὅταν
433 1047 496 1099 μία
526 1049 722 1096 ἐναντιότης
754 1053 883 1103 φθαρῇ.
942 1050 1044 1091 Ἐπεὶ
1064 1051 1131 1104 γὰρ
1163 1051 1202 1090 τὸ
1222 1050 1286 1103 μὲν
1302 1055 1372 1105 πῦρ

320 1105 445 1158 θερμὸν
465 1106 524 1145 καὶ
553 1107 676 1160 ξηρόν,
699 1109 717 1146 ὁ
736 1107 772 1148 δὲ
797 1108 866 1162 ἀὴρ
887 1110 1012 1163 θερμὸς
1031 1110 1091 1149 καὶ
1119 1110 1232 1164 ὑγρός·
1259 1111 1370 1150 κοινὸν

321 1164 527 1218 ἀμφοτέροις
559 1167 675 1211 αὐτοῖς
697 1166 736 1206 τὸ
768 1168 916 1221 Θερμόν,
947 1168 1032 1209 ἴδιον
1062 1169 1098 1208 δὲ
1130 1170 1214 1224 πυρὶ
1246 1168 1308 1221 μὲν
1330 1171 1370 1209 τὸ

317 1222 442 1277 ξηρόν,
471 1224 546 1278 ἀέρι
582 1225 618 1264 δὲ
648 1225 687 1264 τὸ
719 1225 836 1281 ὑγρόν.
895 1227 985 1268 Ὄτε
1017 1224 1075 1267 οὖν
1097 1228 1136 1267 τὸ
1169 1232 1204 1268 ἐν
1222 1231 1273 1282 τῷ
1295 1229 1369 1282 ἀέρι

316 1281 419 1334 ὑγρὸν
454 1284 680 1336 ἐπικρατήσει
711 1289 771 1324 τοῦ
806 1287 842 1325 ἐν
882 1288 932 1338 τῷ
971 1287 1055 1339 πυρὶ
1093 1286 1215 1340 ξηροῦ,
1255 1303 1367 1338 μετα-

316 1341 438 1381 ὅάλλει
454 1342 493 1382 τὸ
521 1347 589 1396 πῦρ
611 1346 660 1388 εἰς
689 1343 792 1398 ἀέρα.
849 1347 872 1397 §
907 1353 967 1386 14.
996 1346 1111 1386 Πάλιν
1145 1346 1221 1385 ἐπεὶ
1242 1346 1281 1385 τὸ
1302 1347 1365 1398 μὲν

316 1401 407 1453 ὕδωρ
425 1403 528 1455 ὑγρὸν
553 1403 613 1442 καὶ
637 1405 793 1458 ψυχρόν,
822 1408 840 1445 ὁ
871 1404 908 1445 δὲ
928 1405 995 1459 ἀὴρ
1014 1407 1116 1460 ὑγρὸς
1135 1406 1195 1445 καὶ
1216 1406 1363 1460 θερμός,

312 1461 427 1500 κοινὸν
461 1461 665 1516 ἀμφοτέρων
707 1465 820 1503 αὐτῶν
862 1464 903 1504 τὸ
934 1465 1049 1520 ὑγρόν·
1089 1464 1173 1504 ἴδιον
1212 1465 1248 1504 δὲ
1302 1469 1364 1506 τοῦ

313 1518 375 1569 μὲν
396 1520 518 1566 ὕδατος
533 1522 572 1561 τὸ
587 1522 737 1576 ψυχρόν,
757 1527 818 1562 τοῦ
839 1524 874 1562 δὲ
894 1523 992 1576 ἀέρος
1011 1525 1052 1564 τὸ
1073 1524 1212 1576 θερμόν.
1270 1524 1361 1565 ςὈτε

314 1572 373 1616 οῧν
396 1579 434 1618 τὸ
450 1581 484 1618 ἐν
504 1582 554 1633 τῷ
573 1579 673 1619 ὕδατι
690 1581 822 1635 ψυχρὸν
841 1583 1067 1635 ἐπικρατήσει
1081 1586 1141 1621 τοῦ
1161 1584 1196 1622 ἐν
1214 1586 1264 1636 τῷ
1285 1583 1361 1637 ἀέρι

305 1640 454 1689 θερμοῦ,
474 1638 604 1690 γίνεται
625 1640 659 1686 ἐξ
683 1640 780 1693 ἀέρος
799 1642 846 1685 εἷς
866 1640 960 1694 ὕδωρ
982 1642 1177 1693 μεταὸολή.
1250 1643 1272 1693 §
1299 1650 1357 1683 15.

311 1697 422 1735 Πάλιν
439 1697 514 1735 ἐπεὶ
533 1700 555 1745 ἠ
571 1697 634 1748 μὲν
652 1701 697 1751 γῆ
715 1699 836 1753 ψυχρὰ
859 1699 920 1738 καὶ
933 1700 1020 1753 ξηρά
1034 1730 1046 1751 ,
1066 1700 1155 1741 τὸδὲ
1174 1700 1266 1754 ὕδωρ
1286 1703 1358 1755 ψυ-

304 1754 388 1806 χρὸν
404 1756 466 1794 καὶ
485 1756 587 1809 ὑγρόν
600 1788 611 1806 ,
635 1758 748 1796 κοινὸν
773 1758 986 1812 ἀμφοτέρων
1007 1761 1121 1799 αὐτῶν
1137 1761 1177 1800 τὸ
1197 1761 1353 1814 ψυχρόν,

304 1813 388 1853 ἴδιον
407 1814 442 1853 δὲ
461 1817 526 1867 γῆς
543 1814 606 1866 μὲν
626 1816 665 1855 τὸ
689 1816 791 1871 ξηρόν
806 1847 818 1868 ,
839 1817 962 1863 ὕδατος
976 1817 1012 1857 δὲ
1029 1818 1069 1858 τὸ
1093 1819 1209 1872 ὑγρόν.
1265 1818 1356 1859 “Ovs

303 1866 363 1912 οῦν
390 1874 430 1913 τὸ
458 1877 492 1914 ἐν
519 1877 562 1927 τῇ
581 1875 749 1929 γῇέξηρὸν
779 1877 1008 1930 ἐπικρατήσει
1033 1882 1093 1918 τοῦ
1119 1879 1153 1917 ἔν
1181 1881 1232 1933 τῷ
1254 1879 1355 1918 ὕδατι

303 1933 428 1984 ὑγροῦ,
454 1932 587 1985 γίνεται
612 1934 647 1980 ἐξ
681 1935 808 1980 ὕδατος
836 1937 885 1980 εἰς
904 1940 969 1988 γῆν
987 1936 1182 1988 μεταὸολή.
1241 1939 1263 1989 §
1294 1947 1353 1979 16.

301 1990 386 2030 Ἇπὸ
403 1994 466 2043 γῆς
477 1991 514 2031 δὲ
532 1991 618 2042 ἄνω,
627 1994 721 2032 κατὰ
739 1993 779 2034 τὸ
799 1995 968 2034 ἐναντίον.
988 1995 1034 2035 ‘H
1052 1995 1087 2035 δὲ
1109 1998 1186 2036 κατ’
1201 1997 1351 2036 ἐναλλα-

299 2049 381 2102 γήν,
410 2049 467 2089 ὅτε
494 2050 574 2091 ὅλον
609 2051 689 2092 ὅλου
724 2053 893 2106 κρατήσει
928 2054 988 2094 καὶ
1021 2054 1082 2094 δύο
1103 2055 1264 2106 δυνάμεις
1290 2055 1354 2100 τὰς

300 2108 456 2155 ἐναντίας
475 2110 672 2165 φθείρουσι,
688 2114 834 2163 μηδενὸς
852 2113 947 2160 ὄντος
968 2116 1084 2160 αὐτοῖς
1098 2118 1226 2155 κοινοῦ.
1248 2114 1352 2155 Ἐπεὶ

298 2169 365 2221 γὰρ
392 2168 432 2207 τὸ
462 2170 526 2221 μὲν
545 2175 615 2224 πῦρ
643 2173 717 2211 ἐστι
739 2172 865 2226 θερμὸν
896 2173 956 2212 καὶ
985 2173 1105 2226 ξηρόν,
1134 2174 1174 2214 τὸ
1203 2173 1239 2213 δὲ
1259 2173 1350 2228 ὕδωρ

299 2227 434 2280 ψυχρὸν
455 2228 516 2267 καὶ
537 2229 659 2282 ὑγρόν,
682 2229 767 2269 ὅταν
787 2231 825 2270 τὸ
844 2234 879 2271 ἐν
899 2235 949 2284 τῷ
964 2231 1065 2271 ὕδατι
1082 2233 1184 2283 ὑγρὸν
1198 2235 1350 2286 ἐπικρα-

298 2287 386 2339 τήσῃ
404 2291 465 2327 τοῦ
482 2289 516 2326 ἐν
536 2291 585 2342 τῷ
605 2289 688 2342 πυρὶ
708 2289 831 2343 ξηροῦ,
852 2291 892 2330 τὸ
916 2291 952 2330 δὲ
976 2293 1010 2331 ἐν
1030 2294 1079 2345 τῷ
1095 2291 1197 2331 ὕδατι
1215 2291 1348 2346 ψυχρὸν

334 2419 389 2448 τοῦ
405 2417 435 2449 ἐν
449 2421 493 2459 τῷ
514 2417 599 2460 πυρὶ]
617 2418 669 2451 Sic
685 2419 794 2460 codd.;
811 2419 966 2452 articulus
983 2424 1038 2453 τοῦ
1061 2420 1149 2453 deest
1168 2421 1252 2462 apud
1271 2420 1345 2453 viz-

292 2463 420 2495 zanium
437 2464 492 2506 qui
510 2467 617 2506 postea
631 2465 726 2498 etiam
743 2466 832 2499 dedit
846 2470 902 2500 τοῦ
919 2468 951 2500 ἐν
966 2469 1054 2501 ὕδατι
1070 2470 1177 2511 ὑγροῦ.

334 2510 369 2542 τὸ
386 2511 412 2542 δ’
425 2511 456 2543 ἐν
468 2515 513 2553 τῷ
526 2512 628 2554 ὕδατι]
642 2513 714 2546 eod.
737 2516 809 2546 Par.
826 2516 876 2555 B.;
894 2515 1006 2556 reliqui
1027 2517 1063 2548 τὸ
1081 2517 1114 2548 δὲ
1133 2517 1164 2549 ἐν
1182 2520 1227 2558 τῷ
1241 2517 1341 2549 ὕδατι.

332 2556 480 2600 γίνονται]
493 2559 563 2591 cod.
581 2561 654 2592 Par.
674 2564 710 2593 Α.
729 2561 905 2602 γίγνονται,
927 2562 1040 2604 reliqui
1058 2563 1206 2604 γίνονται.

333 2601 352 2643 §
377 2607 424 2634 12.
448 2605 523 2645 πρὸς
545 2605 635 2647 ἁφὴν]
650 2606 744 2639 codd.
765 2609 852 2640 Patr.
871 2609 969 2649 atque
991 2609 1064 2642 edd.
1079 2612 1201 2643 Lovan.
1218 2612 1343 2643 Gomm.

292 2649 391 2689 Batt.;
406 2651 480 2692 πρὸς
495 2654 550 2690 τήν
565 2654 643 2694 ἁφήν
661 2654 788 2687 Vizzan.
804 2656 876 2688 Gal.
893 2658 1046 2697 Dargens.

333 2695 352 2737 §
377 2700 426 2729 13.
451 2697 601 2741 [δεύτερον
614 2700 647 2731 δὲ
663 2701 731 2733 κατ’
745 2702 924 2744 ἐναλλαγήν]
943 2705 1020 2736 Haee
1037 2704 1136 2737 verba
1148 2714 1166 2738 e
1184 2704 1264 2737 Rud‹
1279 2704 1345 2745 lphi

288 2745 471 2786 conjectura
485 2747 607 2786 adjecta
620 2750 705 2781 sunt.
722 2749 771 2781 Cf.
787 2749 805 2791 §
826 2753 873 2782 16.
890 2751 995 2792 Vulgo
1015 2754 1085 2793 post
1099 2754 1142 2789 εἷς
1159 2756 1216 2794 γῆν
1230 2753 1344 2793 legitur

290 2793 342 2824 καὶ
356 2792 470 2833 τρίτον.
492 2795 553 2826 Pro
568 2794 669 2836 τρίτον
695 2797 915 2830 Cotnmelinus
932 2801 1025 2831 Varr.
1050 2799 1138 2833 lecit.
1166 2800 1246 2832 alios
1267 2799 1345 2833 dicit

288 2841 380 2871 τοῦτο
393 2838 514 2880 legere,
538 2850 610 2881 quae
630 2842 812 2882 conjectura
832 2853 893 2876 non
908 2845 1007 2886 piuris
1025 2846 1169 2879 facienda
1182 2850 1231 2880 est
1243 2855 1343 2888 quam

289 2887 498 2919 Rotermundi
518 2889 559 2925 εἷς
572 2893 641 2930 γῆν,
654 2891 707 2922 καὶ
721 2891 854 2931 γίνονται
865 2893 948 2925 τότε.

329 2933 417 2976 ὅταν]
434 2934 528 2967 codd.
552 2937 640 2968 Parr.
660 2941 695 2968 Α.
713 2940 745 2968 et
761 2939 814 2978 C.;
829 2939 910 2971 maie
923 2940 995 2972 cod.
1012 2942 1047 2973 B.
1063 2943 1095 2974 et
1112 2943 1198 2974 Vait.
1215 2942 1278 2974 ὅτε.

328 2982 529 3024 καταλειφθῇ]
554 2982 648 3015 codd.
680 2985 767 3016 Parr.
795 2988 832 3017 Α.
861 2987 894 3018 et
924 2988 957 3018 B.
983 2990 1081 3027 atque
1105 2988 1151 3020 ita
1172 2988 1342 3021 ediderunt

287 3030 404 3063 Galeus
431 3033 464 3063 et
496 3030 706 3071 Dargensius;
738 3031 821 3063 maie
852 3034 978 3066 comm.
1010 3034 1096 3066 Vizz.
1128 3036 1211 3068 Bait.
1242 3047 1339 3067 κατα·

286 3077 395 3118 ληφθῇ.

327 3124 401 3155 ὅταν
415 3125 472 3166 μία
485 3125 658 3163 ἐναντιότης
678 3125 787 3167 φθαρῇ]
802 3126 854 3158 Sic
873 3127 944 3159 cod.
966 3129 1002 3160 c.
1028 3129 1114 3168 Par.;
1135 3128 1168 3159 in
1187 3129 1281 3162 codd.
1302 3134 1338 3163 Α.

286 3172 317 3202 et
334 3172 367 3203 Β.
384 3173 488 3203 exstat
500 3171 562 3203 ὅτε.
579 3171 668 3204 Idem
682 3172 834 3205 mendum
852 3172 884 3204 in
901 3174 995 3205 codd.
1017 3176 1104 3206 Voti.
1121 3177 1182 3207 est.

326 3218 392 3250 ἐπεὶ
405 3219 465 3260 γὰρ
480 3219 516 3251 τὸ
530 3218 596 3261 μὲν]
613 3219 672 3260 γὰρ
688 3219 843 3252 omissum
860 3220 954 3253 estin
970 3221 1065 3253 codd.
1082 3223 1172 3254 Parr.
1191 3225 1228 3254 A.
1247 3225 1279 3255 et
1297 3225 1334 3256 B.

285 3267 382 3304 atque
399 3265 431 3298 in
455 3267 541 3299 vatt.
560 3266 695 3306 ideoque
712 3267 914 3307 repudiatum
936 3276 954 3299 a
979 3268 1141 3300 Battaesio.
1161 3269 1289 3310 Legitur
1306 3271 1338 3303 in

284 3311 357 3344 edd.
372 3313 532 3345 Commei.
550 3313 621 3346 Gal.
637 3314 799 3352 Dargensii
815 3316 847 3347 et
863 3315 1009 3347 aliorum.

323 3359 359 3391 τὸ
381 3360 491 3402 θερμὸν
515 3361 605 3392 -τὸ
629 3359 728 3401 ξηρὸν]
745 3360 838 3392 codd.
861 3362 925 3393 tres
944 3363 1046 3401 Parr.;
1066 3361 1220 3395 articulus
1245 3364 1336 3396 uncis

282 3405 424 3439 inclusus
441 3407 471 3440 in
485 3407 558 3440 cdd.
574 3410 702 3441 comm.
718 3408 790 3441 Gai.
807 3411 961 3450 Dargens.
977 3409 1149 3443 vizzanius
1165 3410 1252 3444 dedit
1264 3414 1334 3454 πυρὶ

279 3453 314 3485 τὸ
330 3453 430 3494 ξηρόν.

320 3500 339 3542 §
365 3503 412 3534 14.
438 3502 455 3534 ὀ
468 3502 500 3534 δὲ
514 3501 585 3544 ἀὴρ]
599 3502 693 3535 codd.
714 3505 799 3536 Part.
819 3505 854 3536 B.
875 3505 908 3536 et
922 3505 973 3544 0.;
987 3503 1059 3536 cod.
1075 3506 1112 3536 A.
1127 3505 1144 3536 ὁ
1160 3505 1188 3538 δ’
1201 3506 1271 3547 ἀήρ.

1441 546 1523 579 estici
1540 547 1655 581 solent.
1673 547 1692 589 §
1706 550 1754 581 12.
1770 551 1812 582 At
1822 558 1939 592 corpus
1952 551 2134 593 subjectum
2147 555 2240 589 ethis
2254 558 2491 593 mutationibus

1439 611 1616 644 obnoxium
1629 636 1639 653 ‚
1666 613 1814 646 omnium
1836 614 2010 649 formarum
2026 625 2126 660 capax
2141 642 2151 659 ,
2171 622 2204 652 et
2222 629 2278 661 per
2293 629 2328 653 se
2346 621 2490 662 primum

1439 676 1605 709 tractabile
1620 676 1711 719 est.§
1732 681 1780 711 13.
1796 680 1963 713 Mutantur
1972 682 2080 715 autem
2096 682 2266 725 elementa,
2282 694 2357 718 cum
2371 688 2429 720 aut
2445 695 2487 720 ex

1440 744 1522 773 terra
1539 741 1637 782 ignis,
1653 745 1710 774 aut
1731 750 1771 775 ex
1786 742 1856 784 igne
1870 753 1937 786 aer,
1955 746 2007 778 vei
2023 754 2108 788 aqua
2120 756 2159 780 ex
2173 757 2247 782 aere
2256 773 2266 790 ,
2281 749 2389 783 velex
2403 759 2488 794 aqua

1438 808 1521 839 terra
1540 808 1653 848 oritur,
1671 808 1787 842 deiude
1803 808 1936 843 alterius
1948 810 2097 845 elementi
2109 811 2254 856 interitu,
2269 814 2408 858 deniqne
2425 818 2488 850 ter-

1436 873 1482 906 tio
1497 873 1566 906 loco
1584 882 1658 906 cum
1679 873 1933 917 uniuscuiusque
1956 876 2107 911 elementi
2133 879 2294 913 contraria
2312 881 2422 915 interit
2441 883 2484 916 fa-

1435 937 1558 978 cultas,
1578 941 1713 980 cognata
1732 947 1807 972 vero
1819 963 1828 980 ,
1854 942 1886 973 et
1904 949 1978 982 quae
1996 941 2139 983 eiusdem
2165 944 2290 984 generis
2306 946 2369 987 est,
2388 946 2484 980 relin-

1433 1003 1555 1044 quitur.
1601 1005 1649 1036 lta
1665 1003 1768 1037 deleta
1784 1013 1847 1036 una
1863 1013 1881 1037 e
1901 1005 1996 1038 rebus
2011 1007 2179 1039 contrariis
2194 1009 2357 1049 generatio
2373 1010 2479 1043 abso!-

1434 1068 1531 1100 vitur.
1576 1069 1656 1100 Nam
1675 1077 1778 1110 quum
1797 1069 1878 1109 ignis
1894 1069 2018 1103 calidus
2033 1071 2201 1113 siccusque
2219 1072 2284 1114 sit,
2300 1082 2355 1107 aer
2369 1075 2481 1108 autem

1430 1132 1552 1165 calidus
1567 1133 1600 1165 et
1614 1132 1786 1174 humidus,
1814 1134 1943 1176 utrique
1961 1136 2143 1169 communis
2158 1138 2207 1170 est
2226 1137 2335 1180 calon
2357 1139 2483 1172 siccitas

1432 1206 1507 1230 vero
1524 1197 1603 1238 ignis
1612 1221 1622 1238 ,
1637 1197 1752 1230 immor
1762 1198 1844 1231 acris
1858 1200 2007 1240 proprius
2022 1202 2084 1234 cst.
2096 1202 2203 1239 Quare
2218 1202 2349 1244 quando
2364 1203 2481 1237 humor

1428 1261 1509 1295 aeris
1544 1261 1624 1303 ignis
1641 1262 1816 1295 siccitatem
1842 1267 2032 1306 exsuperat,
2064 1265 2145 1307 ignis
2162 1266 2195 1300 in
2219 1276 2328 1301 aerem
2343 1277 2479 1303 conver·

1431 1327 1524 1359 titur.
1572 1326 1593 1369 ς
1611 1329 1659 1360 14.
1677 1328 1839 1361 Praeterea
1859 1337 1943 1370 aqua
1961 1338 2064 1371 quum
2086 1331 2126 1363 sit
2143 1330 2276 1365 humida
2300 1334 2333 1366 et
2347 1332 2479 1375 frigida.

1429 1401 1482 1425 aer
1504 1391 1657 1425 humidus
1674 1393 1707 1425 ct
1726 1392 1870 1434 calidus,
1898 1394 2028 1436 utrique
2054 1396 2238 1429 communis
2255 1398 2304 1430 est
2331 1397 2449 1431 humor
2467 1410 2478 1432 t

1427 1464 1511 1497 aqua
1528 1465 1603 1489 vero
1628 1457 1793 1498 proprium
1815 1457 1910 1490 habet
1935 1458 2031 1499 frigus
2047 1461 2080 1491 ei
2099 1467 2154 1492 aer
2166 1461 2321 1494 calorem.
2365 1463 2479 1504 ltaque

1426 1520 1452 1552 si
1467 1529 1560 1561 aquae
1576 1520 1676 1561 frigus
1689 1520 1772 1553 aeris
1787 1521 1927 1554 calorem
1941 1522 2044 1555 vincit
2060 1546 2070 1563 ,
2091 1531 2132 1556 ex
2146 1532 2221 1557 aere
2242 1525 2274 1557 in
2291 1534 2411 1567 aquam
2431 1527 2478 1561 ei·-

1425 1583 1533 1617 ficitur
1546 1584 1694 1617 mutatio.
1739 1583 1758 1627 §
1775 1587 1822 1617 15.
1846 1584 1971 1618 Rursus
1983 1594 2085 1627 quum
2105 1589 2187 1619 terra
2201 1587 2311 1629 frigida
2327 1587 2478 1632 siccaque

1421 1651 1479 1690 sit,
1505 1659 1589 1691 aqua
1610 1649 1723 1691 frigida
1743 1651 1776 1683 et
1793 1650 1926 1683 humida
1956 1660 1965 1683 z
1994 1652 2130 1693 utraque
2152 1652 2248 1694 frigus
2263 1655 2476 1688 communiter

1422 1713 1581 1755 possidet,
1601 1714 1771 1756 separatim
1787 1724 1867 1748 vero
1880 1717 1966 1749 terra
1987 1716 2163 1750 siccitatem
2174 1741 2184 1758 ‚
2205 1717 2376 1752 humorem
2388 1728 2473 1762 aqua

1419 1778 1479 1810 sibi
1498 1779 1651 1813 vindicat.
1697 1782 1770 1819 Quo
1785 1780 1821 1813 fit
1838 1782 1892 1821 ut,
1914 1790 2017 1823 quum
2035 1783 2130 1816 terrae
2155 1783 2283 1818 siccitas
2298 1794 2394 1827 aqum
2409 1786 2471 1820 hu-

1420 1853 1510 1877 more
1524 1844 1683 1878 valentior
1699 1830 1772 1886 est,¹
1789 1854 1873 1887 aqua
1895 1845 1927 1878 in
1945 1847 2065 1880 terram
2082 1850 2239 1882 vertatur.
2270 1848 2304 1892 .§
2321 1852 2370 1884 16.
2385 1852 2470 1884 Cou-

1420 1911 1467 1941 tra
1483 1918 1578 1950 vero,
1597 1918 1671 1951 quae
1687 1918 1706 1942 a
1721 1910 1807 1943 terra
1825 1919 1955 1944 sursum
1975 1911 2119 1945 ascendit
2135 1913 2272 1946 mutatio
2284 1937 2294 1954 ,
2308 1915 2470 1949 contrario

1418 1970 1516 2007 modo
1535 1974 1572 2007 iit
1596 1974 1663 2015 (ita
1676 1977 1714 2008 ut
1733 1978 1818 2008 terra
1844 1975 1877 2008 in
1901 1984 2039 2017 aquam,
2061 1985 2146 2018 aqua
2172 1978 2204 2010 in
2220 1987 2342 2019 aerem,
2358 1987 2415 2013 aer
2435 1980 2474 2013 in⁴

1416 2039 1521 2080 ignem
1536 2039 1715 2082 mutetur).
1734 2041 1773 2074 At
1787 2049 1863 2073 vero
1873 2040 2004 2074 alterius
2013 2041 2164 2075 elementi
2183 2043 2314 2080 interitu
2330 2045 2469 2078 mutatio

1415 2108 1494 2138 tunc
1512 2105 1648 2145 accidit,
1662 2114 1764 2147 quum
1781 2105 1886 2138 totum
1906 2105 2007 2138 attero
2020 2106 2169 2147 superius
2189 2110 2237 2139 est
2249 2130 2259 2146 ,
2279 2109 2312 2140 et
2326 2108 2402 2141 duae
2417 2109 2463 2142 τι·

1414 2170 1551 2213 cultates
1569 2169 1750 2202 contrarias
1776 2169 1856 2202 duas
1873 2169 2033 2211 perdunt,
2055 2170 2081 2202 si
2109 2170 2188 2203 nihii
2212 2170 2273 2204 illis
2297 2171 2466 2206 crementis

1413 2242 1584 2266 commune
1599 2233 1652 2266 sit.
1697 2235 1777 2266 Nam
1791 2242 1892 2274 quum
1908 2234 1991 2275 iguis
2004 2234 2129 2266 calidus
2144 2237 2176 2267 et
2188 2235 2294 2268 siccus
2310 2235 2364 2278 sit,
2378 2243 2465 2278 aqua

1413 2301 1524 2342 frigida
1547 2304 1580 2334 et
1605 2299 1757 2341 humida;
1775 2299 1801 2332 si
1829 2308 1924 2341 aquae
1949 2299 2066 2332 humor
2094 2300 2175 2340 ignis
2207 2300 2399 2341 siccitatem,
2429 2304 2464 2335 et

1450 2419 1554 2451 κοινὸν
1569 2418 1748 2460 ἀμφοτέρων
1770 2416 1887 2458 αὐτῶν]
1903 2416 1998 2448 codd.
2014 2418 2078 2449 tres
2097 2418 2184 2449 Part.
2203 2418 2236 2449 et
2257 2419 2361 2459 ναίω
2385 2418 2463 2451 item

1409 2467 1483 2500 edd.
1504 2458 1627 2499 Lovan.
1645 2466 1678 2498 et
1703 2464 1834 2498 vizzan.
1854 2467 1893 2497 At
1917 2465 2073 2506 Nogarola
2094 2468 2126 2497 et
2151 2464 2322 2498 Battaesius
2344 2464 2464 2499 habent

1409 2515 1591 2557 ἀμφοτέροις
1606 2512 1721 2545 αὐτῶν.

1450 2563 1502 2595 ὅτε
1520 2562 1574 2595 οὖν
1590 2562 1626 2594 τὸ
1649 2562 1680 2594 ἐν
1696 2563 1742 2602 τῷ
1769 2558 1875 2601 ὕδατι]
1898 2559 1971 2591 cod.
1994 2561 2066 2591 Par.
2086 2561 2139 2599 A.;
2159 2559 2192 2591 in
2212 2559 2341 2601 retiquis
2365 2559 2460 2592 codd.

1408 2611 1506 2650 atque
1521 2609 1554 2641 in
1570 2608 1720 2641 omnibus
1737 2607 1812 2640 edd.
1831 2607 1986 2648 scriptum
2006 2607 2053 2639 est
2068 2606 2148 2638 τὸέν
2161 2606 2269 2647 ὕδατι,
2284 2606 2316 2639 in
2333 2608 2406 2639 Par.
2423 2609 2460 2640 Β.

1407 2659 1516 2689 autem
1530 2655 1584 2688 οὖν
1599 2656 1631 2688 ἐν
1647 2658 1692 2697 τῷ
1705 2656 1807 2687 ὕδατι.

1449 2703 1468 2745 §
1494 2707 1540 2736 15.
1564 2703 1656 2735 πάλιν
1672 2703 1737 2735 ἐπεὶ
1756 2704 1776 2741 ἡ
1800 2702 1854 2743 μὲν
1871 2701 1924 2743 γῆ]
1956 2701 2029 2734 cod.
2050 2703 2122 2733 Par.
2141 2703 2194 2741 A.;
2209 2701 2340 2742 reliquae
2355 2709 2458 2735 mem·

1407 2750 1516 2785 branae
1533 2754 1566 2784 et
1585 2751 1744 2783 editiones
1757 2749 1849 2782 πάλιν
1865 2751 1885 2787 ἡ
1901 2749 1955 2790 μὲν
1974 2753 2027 2789 γῆ.

1447 2802 1503 2839 γῆς
1525 2797 1593 2840 μὲν]
1617 2796 1717 2829 Codd.
1738 2799 1825 2828 Parr.
1842 2798 1879 2827 Α.
1899 2797 1932 2828 et
1948 2797 1987 2828 B.
2004 2795 2122 2828 habent
2135 2795 2212 2828 ἴδιον
2227 2795 2261 2828 δὲ
2280 2799 2335 2834 γῆς
2353 2796 2408 2834 μὲν
2423 2797 2459 2829 τὸ

1406 2846 1507 2887 ξηρόν,
1525 2844 1598 2877 cod.
1615 2845 1651 2876 C.
1666 2844 1775 2875 autem
1790 2843 1868 2875 ἴδιον
1881 2842 1914 2875 δὲ
1927 2847 1982 2884 γῆς
2000 2843 2054 2883 μὲν
2068 2842 2176 2884 ξηρόν,
2191 2842 2277 2883 quod
2289 2842 2321 2874 in
2335 2843 2456 2876 novun.

1405 2894 1457 2927 ed.
1478 2892 1614 2926 transiit.
1629 2894 1667 2924 In
1679 2891 1785 2923 verbis
1797 2892 1831 2923 τὸ
1850 2891 1939 2931 ξηρὸν
1952 2890 2124 2922 articulum
2136 2899 2154 2921 a
2165 2890 2289 2923 caeteris
2302 2890 2456 2922 omissum

1406 2940 1515 2981 posuit
1540 2938 1721 2972 Vizzanius.
1754 2939 1914 2969 Praeterea
1941 2937 2037 2969 codd.
2069 2938 2157 2969 Vaut.
2184 2938 2218 2969 et
2246 2936 2355 2969 Barth.
2373 2938 2458 2971 teste

1406 2987 1556 3019 Vizzanio
1568 2989 1622 3024 τῆς
1637 2985 1692 3026 μὲν
1708 2988 1775 3025 γῆς,
1799 2983 1884 3024 quod
1903 2983 2052 3024 probavit
2074 2982 2262 3024 liudolphus
2269 2993 2280 3023 3
2294 2982 2350 3024 μὲν
2367 2983 2458 3017 deest

1405 3035 1436 3067 in
1448 3035 1522 3067 edd.
1540 3036 1617 3074 Nog.
1633 3035 1759 3066 comm.
1779 3034 1873 3072 Darg.
1893 3033 2024 3064 Bauaes.

1445 3082 1476 3114 ἐν
1492 3086 1529 3122 τῇ
1545 3080 1599 3123 γῇ]
1616 3080 1710 3113 codd.
1726 3081 1815 3111 Parr.
1836 3082 1872 3110 Α.
1888 3079 1921 3110 et
1934 3079 1971 3110 B.
1984 3078 2058 3110 -Non
2072 3077 2165 3109 aliter
2177 3076 2309 3110 vizzan.
2321 3078 2355 3110 et
2369 3077 2454 3118 θοις

1403 3130 1456 3161 sed
1475 3130 1601 3161 comm.
1616 3128 1649 3160 et
1664 3127 1747 3159 Batt.
1766 3126 1797 3157 ἐν
1816 3129 1868 3165 γῇ.

1443 3175 1462 3217 §
1483 3179 1528 3207 16.
1547 3172 1728 3215 ἐναλλαγὴν]
1739 3171 1833 3204 codd.
1849 3173 1935 3204 Patr.
1950 3174 1983 3203 et
1992 3171 2083 3204 vett.
2093 3171 2189 3211 atque
2200 3171 2261 3203 hoc
2279 3174 2455 3212 posuerunt

1405 3222 1592 3262 Vizzanius‚
1611 3218 1850 3259 commelinus,
1866 3218 2036 3250 Rammius
2055 3219 2088 3250 et
2110 3218 2311 3260 RudoiphuS.
2335 3219 2452 3259 Nogar.

1402 3270 1630 3358 ανῗιιζῖγὸξνάαὶ
1642 3312 1746 3356 ὑγρόν]
1760 3313 1813 3346 Sic
1831 3311 1907 3344 cod.
1926 3314 2001 3344 Par.
2017 3314 2066 3353 C.;
2082 3312 2194 3354 reliqui
2207 3312 2272 3345 duo
2290 3312 2384 3354 ὑγρὸν
2399 3314 2452 3345 καὶ

1399 3366 1568 3443 4⁹33&—
1580 3387 1784 3452 ἑπικρατῆσῃ]
1800 3406 1849 3439 bis
1865 3406 1984 3439 habent
2005 3406 2099 3438 codd.
2125 3408 2212 3438 Parr.
2236 3410 2268 3438 et
2291 3406 2451 3448 pleraque

1399 3458 1488 3498 edd.;
1505 3457 1676 3492 Vizzanius
1690 3464 1766 3488 vero
1780 3454 1862 3487 maie
1875 3454 2074 3495 ἐπικρατήσει
2093 3454 2209 3495 posuit.

1442 3507 1554 3547 ξηροῦ,
1568 3505 1604 3537 τὸ
1621 3504 1654 3536 δὲ
1670 3504 1700 3536 ἐν
1715 3505 1818 3535 -τοῦ
1844 3503 1874 3535 ἐν
1891 3504 1937 3543 τῷ
1955 3501 2042 3544 πυρὶ]
2061 3501 2156 3534 codd.
2176 3503 2265 3533 Parr.
2289 3502 2327 3532 A.
2350 3500 2384 3533 et
2402 3501 2439 3534 Β.
