<?xml version="1.0" encoding="UTF-8"?>
<!DOCTYPE html PUBLIC "-//W3C//DTD XHTML 1.0 Transitional//EN"
    "http://www.w3.org/TR/xhtml1/DTD/xhtml1-transitional.dtd">
<html xmlns="http://www.w3.org/1999/xhtml" xml:lang="en" lang="en">
 <head>
  <title>
</title>
<meta http-equiv="Content-Type" content="text/html;charset=utf-8" />
  <meta name='ocr-system' content='tesseract 3.04.00' />
  <meta name='ocr-capabilities' content='ocr_page ocr_carea ocr_par ocr_line ocrx_word'/>
</head>
<body>
  <div class='ocr_page' id='page_1' title='image "./fragmentaphiloso01mulluoft_0368.png"; bbox 0 0 2612 3814; ppageno 0'>
   <div class='ocr_carea' id='block_1_1' title="bbox 0 2145 44 3814">
    <p class='ocr_par' dir='ltr' id='par_1_1' title="bbox 0 2145 44 3814">
     <span class='ocr_line' id='line_1_1' title="bbox 0 2145 44 3814; baseline 0 0"><span class='ocrx_word' id='word_1_1' title='bbox 0 2145 44 3814; x_wconf 95' lang='lat' dir='ltr'> </span> 
     </span>
    </p>
   </div>
   <div class='ocr_carea' id='block_1_2' title="bbox 274 273 315 307">
    <p class='ocr_par' dir='ltr' id='par_1_2' title="bbox 274 273 315 307">
     <span class='ocr_line' id='line_1_2' title="bbox 302 274 309 286; baseline 0 0"><span class='ocrx_word' id='word_1_2' title='bbox 302 274 309 286; x_wconf 63' lang='lat' dir='ltr'>n*</span> 
     </span>
     <span class='ocr_line' id='line_1_3' title="bbox 274 273 315 307; baseline 0 0"><span class='ocrx_word' id='word_1_3' title='bbox 274 273 315 307; x_wconf 70' lang='lat'>⁸0</span> 
     </span>
    </p>
   </div>
   <div class='ocr_carea' id='block_1_3' title="bbox 266 1306 314 1332">
    <p class='ocr_par' dir='ltr' id='par_1_3' title="bbox 266 1306 314 1332">
     <span class='ocr_line' id='line_1_4' title="bbox 266 1306 314 1332; baseline 0.021 -1"><span class='ocrx_word' id='word_1_4' title='bbox 266 1306 314 1332; x_wconf 74' lang='lat'><strong>⁹3.</strong></span> 
     </span>
    </p>
   </div>
   <div class='ocr_carea' id='block_1_4' title="bbox 269 2430 316 2457">
    <p class='ocr_par' dir='ltr' id='par_1_4' title="bbox 269 2430 316 2457">
     <span class='ocr_line' id='line_1_5' title="bbox 269 2430 316 2457; baseline 0.021 -1"><span class='ocrx_word' id='word_1_5' title='bbox 269 2430 316 2457; x_wconf 75' lang='lat'><strong>9⁶.</strong></span> 
     </span>
    </p>
   </div>
   <div class='ocr_carea' id='block_1_5' title="bbox 347 342 1321 818">
    <p class='ocr_par' dir='ltr' id='par_1_5' title="bbox 347 342 1320 818">
     <span class='ocr_line' id='line_1_6' title="bbox 351 342 1317 406; baseline -0.007 -14"><span class='ocrx_word' id='word_1_6' title='bbox 351 355 418 393; x_wconf 89' lang='lat' dir='ltr'><strong>ler.</strong></span> <span class='ocrx_word' id='word_1_7' title='bbox 442 367 450 390; x_wconf 75' lang='lat'>2</span> <span class='ocrx_word' id='word_1_8' title='bbox 473 351 706 406; x_wconf 80' lang='grc' dir='ltr'>Ἡράκλειτος</span> <span class='ocrx_word' id='word_1_9' title='bbox 735 350 799 403; x_wconf 79' lang='grc' dir='ltr'>μὲν</span> <span class='ocrx_word' id='word_1_10' title='bbox 833 344 892 389; x_wconf 65' lang='grc' dir='ltr'>οὖν</span> <span class='ocrx_word' id='word_1_11' title='bbox 924 365 1030 404; x_wconf 71' lang='grc' dir='ltr'>φησιν</span> <span class='ocrx_word' id='word_1_12' title='bbox 1067 342 1154 387; x_wconf 74' lang='grc' dir='ltr'>εἶναι</span> <span class='ocrx_word' id='word_1_13' title='bbox 1185 348 1224 386; x_wconf 87' lang='grc' dir='ltr'>τὸ</span> <span class='ocrx_word' id='word_1_14' title='bbox 1249 354 1317 386; x_wconf 82' lang='grc' dir='ltr'>πᾶν</span> 
     </span>
     <span class='ocr_line' id='line_1_7' title="bbox 349 406 1315 466; baseline -0.007 -14"><span class='ocrx_word' id='word_1_15' title='bbox 349 412 538 465; x_wconf 81' lang='grc' dir='ltr'>διαιρετόν,</span> <span class='ocrx_word' id='word_1_16' title='bbox 558 411 774 466; x_wconf 79' lang='grc' dir='ltr'>ἀδιαίρετον,</span> <span class='ocrx_word' id='word_1_17' title='bbox 791 410 948 463; x_wconf 87' lang='grc' dir='ltr'>γενητόν,</span> <span class='ocrx_word' id='word_1_18' title='bbox 971 408 1154 461; x_wconf 81' lang='grc' dir='ltr'>ἀγένητον,</span> <span class='ocrx_word' id='word_1_19' title='bbox 1177 406 1315 455; x_wconf 84' lang='grc' dir='ltr'>Ονητόν,</span> 
     </span>
     <span class='ocr_line' id='line_1_8' title="bbox 347 466 1317 523; baseline -0.006 -13"><span class='ocrx_word' id='word_1_20' title='bbox 347 471 535 516; x_wconf 80' lang='grc' dir='ltr'>ἀθάνατον,</span> <span class='ocrx_word' id='word_1_21' title='bbox 554 470 672 523; x_wconf 84' lang='grc' dir='ltr'>λόγον,</span> <span class='ocrx_word' id='word_1_22' title='bbox 695 472 822 518; x_wconf 82' lang='grc' dir='ltr'>αἰῶνα,</span> <span class='ocrx_word' id='word_1_23' title='bbox 844 469 1007 521; x_wconf 80' lang='grc' dir='ltr'>πατέρα,</span> <span class='ocrx_word' id='word_1_24' title='bbox 1037 467 1132 518; x_wconf 78' lang='grc' dir='ltr'>υἱόν,</span> <span class='ocrx_word' id='word_1_25' title='bbox 1158 467 1233 506; x_wconf 79' lang='grc' dir='ltr'>θεὸν</span> <span class='ocrx_word' id='word_1_26' title='bbox 1265 466 1317 505; x_wconf 84' lang='grc' dir='ltr'>δί-</span> 
     </span>
     <span class='ocr_line' id='line_1_9' title="bbox 349 526 1320 580; baseline -0.008 -9"><span class='ocrx_word' id='word_1_27' title='bbox 349 547 460 572; x_wconf 86' lang='grc' dir='ltr'>καιον.</span> <span class='ocrx_word' id='word_1_28' title='bbox 486 548 502 565; x_wconf 88' lang='lat'>«</span> <span class='ocrx_word' id='word_1_29' title='bbox 523 532 600 570; x_wconf 80' lang='grc' dir='ltr'>Οὐκ</span> <span class='ocrx_word' id='word_1_30' title='bbox 614 532 714 580; x_wconf 77' lang='grc' dir='ltr'>ἐμοῦ,</span> <span class='ocrx_word' id='word_1_31' title='bbox 729 530 821 569; x_wconf 78' lang='grc' dir='ltr'>ἀλλὰ</span> <span class='ocrx_word' id='word_1_32' title='bbox 837 534 896 568; x_wconf 79' lang='grc' dir='ltr'>τοῦ</span> <span class='ocrx_word' id='word_1_33' title='bbox 911 529 1086 579; x_wconf 85' lang='grc' dir='ltr'>δόγματος</span> <span class='ocrx_word' id='word_1_34' title='bbox 1102 526 1320 570; x_wconf 82' lang='grc' dir='ltr'>ἀκούσαντας</span> 
     </span>
     <span class='ocr_line' id='line_1_10' title="bbox 348 586 1320 642; baseline -0.006 -13"><span class='ocrx_word' id='word_1_35' title='bbox 348 591 528 642; x_wconf 84' lang='grc' dir='ltr'>ὁμολογεῖν</span> <span class='ocrx_word' id='word_1_36' title='bbox 566 589 670 638; x_wconf 65' lang='grc' dir='ltr'>σοφόν</span> <span class='ocrx_word' id='word_1_37' title='bbox 706 590 814 638; x_wconf 83' lang='grc' dir='ltr'>ἐστιν,</span> <span class='ocrx_word' id='word_1_38' title='bbox 847 587 880 626; x_wconf 83' lang='grc' dir='ltr'>ἓν</span> <span class='ocrx_word' id='word_1_39' title='bbox 914 588 1031 627; x_wconf 84' lang='grc' dir='ltr'>πάντα</span> <span class='ocrx_word' id='word_1_40' title='bbox 1066 586 1209 633; x_wconf 82' lang='grc' dir='ltr'>εἰδέναι,</span> <span class='ocrx_word' id='word_1_41' title='bbox 1250 604 1264 619; x_wconf 81' lang='grc' dir='ltr'><strong>υ</strong></span> <span class='ocrx_word' id='word_1_42' title='bbox 1302 587 1320 623; x_wconf 83' lang='grc' dir='ltr'><em>ὃ</em></span> 
     </span>
     <span class='ocr_line' id='line_1_11' title="bbox 349 646 1317 704; baseline -0.006 -15"><span class='ocrx_word' id='word_1_43' title='bbox 349 649 578 704; x_wconf 84' lang='grc' dir='ltr'>Ἡράκλειτός</span> <span class='ocrx_word' id='word_1_44' title='bbox 598 665 698 703; x_wconf 83' lang='grc' dir='ltr'>φησι.</span> <span class='ocrx_word' id='word_1_45' title='bbox 735 649 898 688; x_wconf 80' lang='lat' dir='ltr'><strong>Restitui</strong></span> <span class='ocrx_word' id='word_1_46' title='bbox 920 650 1003 699; x_wconf 78' lang='grc' dir='ltr'>ἐμεῦ</span> <span class='ocrx_word' id='word_1_47' title='bbox 1020 657 1058 686; x_wconf 88' lang='lat' dir='ltr'>et</span> <span class='ocrx_word' id='word_1_48' title='bbox 1089 646 1317 698; x_wconf 81' lang='grc' dir='ltr'>ὁμολογέειν;</span> 
     </span>
     <span class='ocr_line' id='line_1_12' title="bbox 349 705 1321 762; baseline -0.007 -13"><span class='ocrx_word' id='word_1_49' title='bbox 349 719 532 762; x_wconf 76' lang='lat' dir='ltr'><strong>praeterea</strong></span> <span class='ocrx_word' id='word_1_50' title='bbox 551 723 638 748; x_wconf 80' lang='lat' dir='ltr'>cum</span> <span class='ocrx_word' id='word_1_51' title='bbox 660 708 874 759; x_wconf 85' lang='lat' dir='ltr'><strong>Bernaysio</strong></span> <span class='ocrx_word' id='word_1_52' title='bbox 896 708 1058 759; x_wconf 84' lang='lat' dir='ltr'><strong>expulsa</strong></span> <span class='ocrx_word' id='word_1_53' title='bbox 1079 719 1174 744; x_wconf 87' lang='lat' dir='ltr'><strong>voce</strong></span> <span class='ocrx_word' id='word_1_54' title='bbox 1192 705 1321 755; x_wconf 81' lang='grc' dir='ltr'>δόγμα·</span> 
     </span>
     <span class='ocr_line' id='line_1_13' title="bbox 349 765 1319 818; baseline -0.006 -10"><span class='ocrx_word' id='word_1_55' title='bbox 349 783 405 814; x_wconf 85' lang='grc' dir='ltr'>τος</span> <span class='ocrx_word' id='word_1_56' title='bbox 424 769 634 807; x_wconf 81' lang='lat' dir='ltr'><strong>alib1·u·iis</strong></span> <span class='ocrx_word' id='word_1_57' title='bbox 655 769 805 806; x_wconf 85' lang='lat' dir='ltr'><strong>invecta</strong></span> <span class='ocrx_word' id='word_1_58' title='bbox 826 767 983 818; x_wconf 86' lang='lat' dir='ltr'><strong>reposui</strong></span> <span class='ocrx_word' id='word_1_59' title='bbox 1001 765 1116 817; x_wconf 90' lang='grc' dir='ltr'>λόγου.</span> <span class='ocrx_word' id='word_1_60' title='bbox 1141 765 1319 815; x_wconf 87' lang='lat' dir='ltr'><strong>Denique</strong></span> 
     </span>
    </p>
   </div>
   <div class='ocr_carea' id='block_1_6' title="bbox 349 817 1320 933">
    <p class='ocr_par' dir='ltr' id='par_1_6' title="bbox 349 817 1320 933">
     <span class='ocr_line' id='line_1_14' title="bbox 350 817 1320 879; baseline -0.004 -14"><span class='ocrx_word' id='word_1_61' title='bbox 350 842 421 879; x_wconf 80' lang='lat' dir='ltr'>pio</span> <span class='ocrx_word' id='word_1_62' title='bbox 449 826 574 866; x_wconf 84' lang='grc' dir='ltr'>εἰδέναι</span> <span class='ocrx_word' id='word_1_63' title='bbox 601 827 705 878; x_wconf 92' lang='lat' dir='ltr'><strong>quod</strong></span> <span class='ocrx_word' id='word_1_64' title='bbox 730 826 857 864; x_wconf 77' lang='lat' dir='ltr'><strong>Miller</strong></span> <span class='ocrx_word' id='word_1_65' title='bbox 861 839 904 864; x_wconf 92' lang='lat' dir='ltr'>us</span> <span class='ocrx_word' id='word_1_66' title='bbox 926 833 1140 863; x_wconf 84' lang='lat' dir='ltr'><strong>mutaverat</strong></span> <span class='ocrx_word' id='word_1_67' title='bbox 1158 825 1198 862; x_wconf 90' lang='lat' dir='ltr'>in</span> <span class='ocrx_word' id='word_1_68' title='bbox 1219 817 1320 871; x_wconf 69' lang='grc' dir='ltr'>εἶναι,</span> 
     </span>
     <span class='ocr_line' id='line_1_15' title="bbox 349 854 1320 933; baseline -0.005 -14"><span class='ocrx_word' id='word_1_69' title='bbox 349 882 507 919; x_wconf 74' lang='lat' dir='ltr'><strong>exaravi</strong></span> <span class='ocrx_word' id='word_1_70' title='bbox 533 880 706 933; x_wconf 81' lang='grc' dir='ltr'>γίνεσθαι,</span> <span class='ocrx_word' id='word_1_71' title='bbox 742 880 869 931; x_wconf 88' lang='lat' dir='ltr'><strong>ipsum</strong></span> <span class='ocrx_word' id='word_1_72' title='bbox 898 887 1052 917; x_wconf 88' lang='lat' dir='ltr'><strong>secutus</strong></span> <span class='ocrx_word' id='word_1_73' title='bbox 1083 854 1320 915; x_wconf 56' lang='lat' dir='ltr'><strong>Heraclitum,</strong></span> 
     </span>
    </p>
   </div>
   <div class='ocr_carea' id='block_1_7' title="bbox 348 936 1319 985">
    <p class='ocr_par' dir='ltr' id='par_1_7' title="bbox 348 936 1319 985">
     <span class='ocr_line' id='line_1_16' title="bbox 348 936 1319 985; baseline -0.003 -9"><span class='ocrx_word' id='word_1_74' title='bbox 348 940 410 977; x_wconf 82' lang='lat' dir='ltr'>cui</span> <span class='ocrx_word' id='word_1_75' title='bbox 443 940 541 977; x_wconf 85' lang='lat' dir='ltr'><strong>nihii</strong></span> <span class='ocrx_word' id='word_1_76' title='bbox 574 951 671 985; x_wconf 81' lang='lat' dir='ltr'><strong>esse,</strong></span> <span class='ocrx_word' id='word_1_77' title='bbox 698 938 765 976; x_wconf 81' lang='lat' dir='ltr'>sed</span> <span class='ocrx_word' id='word_1_78' title='bbox 798 937 932 975; x_wconf 80' lang='lat' dir='ltr'>onmia</span> <span class='ocrx_word' id='word_1_79' title='bbox 965 938 1049 975; x_wconf 86' lang='lat' dir='ltr'><strong>fieri</strong></span> <span class='ocrx_word' id='word_1_80' title='bbox 1076 945 1113 974; x_wconf 85' lang='lat' dir='ltr'>et</span> <span class='ocrx_word' id='word_1_81' title='bbox 1149 936 1319 974; x_wconf 72' lang='lat' dir='ltr'><strong>{luminis</strong></span> 
     </span>
    </p>
   </div>
   <div class='ocr_carea' id='block_1_8' title="bbox 348 995 1353 1048">
    <p class='ocr_par' dir='ltr' id='par_1_8' title="bbox 348 995 1353 1048">
     <span class='ocr_line' id='line_1_17' title="bbox 348 995 1353 1048; baseline -0.003 -12"><span class='ocrx_word' id='word_1_82' title='bbox 348 999 469 1036; x_wconf 84' lang='lat' dir='ltr'><strong>instar</strong></span> <span class='ocrx_word' id='word_1_83' title='bbox 486 998 563 1036; x_wconf 89' lang='lat' dir='ltr'><strong>labi</strong></span> <span class='ocrx_word' id='word_1_84' title='bbox 580 998 715 1048; x_wconf 85' lang='lat' dir='ltr'><strong>placet.</strong></span> <span class='ocrx_word' id='word_1_85' title='bbox 733 995 865 1047; x_wconf 91' lang='lat' dir='ltr'><strong>Neque</strong></span> <span class='ocrx_word' id='word_1_86' title='bbox 879 996 983 1034; x_wconf 90' lang='lat' dir='ltr'><strong>enim</strong></span> <span class='ocrx_word' id='word_1_87' title='bbox 999 995 1214 1047; x_wconf 85' lang='lat' dir='ltr'>quidquam</span> <span class='ocrx_word' id='word_1_88' title='bbox 1224 1009 1318 1034; x_wconf 92' lang='lat' dir='ltr'><strong>con-</strong></span> <span class='ocrx_word' id='word_1_89' title='bbox 1351 1000 1353 1005; x_wconf 85' lang='lat'>&#39;</span> 
     </span>
    </p>
   </div>
   <div class='ocr_carea' id='block_1_9' title="bbox 344 1054 1325 2649">
    <p class='ocr_par' dir='ltr' id='par_1_9' title="bbox 347 1054 1321 1287">
     <span class='ocr_line' id='line_1_18' title="bbox 348 1054 1321 1108; baseline -0.002 -14"><span class='ocrx_word' id='word_1_90' title='bbox 348 1066 448 1095; x_wconf 83' lang='lat' dir='ltr'><strong>stare</strong></span> <span class='ocrx_word' id='word_1_91' title='bbox 468 1064 592 1108; x_wconf 82' lang='lat' dir='ltr'><strong>potest</strong></span> <span class='ocrx_word' id='word_1_92' title='bbox 614 1057 655 1094; x_wconf 91' lang='lat' dir='ltr'>in</span> <span class='ocrx_word' id='word_1_93' title='bbox 676 1064 863 1107; x_wconf 84' lang='lat' dir='ltr'><strong>perpetua</strong></span> <span class='ocrx_word' id='word_1_94' title='bbox 897 1055 966 1094; x_wconf 85' lang='lat' dir='ltr'><strong>illa</strong></span> <span class='ocrx_word' id='word_1_95' title='bbox 990 1068 1104 1105; x_wconf 89' lang='lat' dir='ltr'><strong>quam</strong></span> <span class='ocrx_word' id='word_1_96' title='bbox 1127 1054 1321 1093; x_wconf 82' lang='lat' dir='ltr'>statuebat</span> 
     </span>
     <span class='ocr_line' id='line_1_19' title="bbox 347 1113 1316 1166; baseline 0 -14"><span class='ocrx_word' id='word_1_97' title='bbox 347 1124 570 1153; x_wconf 83' lang='lat' dir='ltr'><strong>cunctarum</strong></span> <span class='ocrx_word' id='word_1_98' title='bbox 586 1128 717 1153; x_wconf 88' lang='lat' dir='ltr'><strong>rerum</strong></span> <span class='ocrx_word' id='word_1_99' title='bbox 742 1115 967 1154; x_wconf 85' lang='lat' dir='ltr'>mutatione.</span> <span class='ocrx_word' id='word_1_100' title='bbox 987 1116 1035 1152; x_wconf 82' lang='lat' dir='ltr'><strong>At</strong></span> <span class='ocrx_word' id='word_1_101' title='bbox 1048 1113 1175 1154; x_wconf 82' lang='grc' dir='ltr'>εἰδέναι</span> <span class='ocrx_word' id='word_1_102' title='bbox 1196 1128 1316 1166; x_wconf 89' lang='lat' dir='ltr'><strong>quum</strong></span> 
     </span>
     <span class='ocr_line' id='line_1_20' title="bbox 348 1173 1320 1227; baseline -0.001 -15"><span class='ocrx_word' id='word_1_103' title='bbox 348 1174 387 1212; x_wconf 88' lang='lat' dir='ltr'>in</span> <span class='ocrx_word' id='word_1_104' title='bbox 409 1174 533 1212; x_wconf 88' lang='lat' dir='ltr'><strong>solum</strong></span> <span class='ocrx_word' id='word_1_105' title='bbox 560 1187 689 1212; x_wconf 86' lang='lat' dir='ltr'><strong>rerum</strong></span> <span class='ocrx_word' id='word_1_106' title='bbox 713 1183 910 1226; x_wconf 84' lang='lat' dir='ltr'><strong>parentem</strong></span> <span class='ocrx_word' id='word_1_107' title='bbox 942 1183 980 1212; x_wconf 89' lang='lat' dir='ltr'>et</span> <span class='ocrx_word' id='word_1_108' title='bbox 1011 1187 1140 1224; x_wconf 83' lang='lat' dir='ltr'><strong>regem</strong></span> <span class='ocrx_word' id='word_1_109' title='bbox 1164 1173 1320 1227; x_wconf 82' lang='lat' dir='ltr'>(fragm.</span> 
     </span>
     <span class='ocr_line' id='line_1_21' title="bbox 348 1232 1045 1287; baseline -0.001 -15"><span class='ocrx_word' id='word_1_110' title='bbox 348 1232 416 1287; x_wconf 80' lang='grc'>44)</span> <span class='ocrx_word' id='word_1_111' title='bbox 442 1234 664 1282; x_wconf 84' lang='lat' dir='ltr'><strong>conveniat,</strong></span> <span class='ocrx_word' id='word_1_112' title='bbox 684 1233 757 1272; x_wconf 90' lang='lat' dir='ltr'><strong>hoc</strong></span> <span class='ocrx_word' id='word_1_113' title='bbox 778 1234 864 1272; x_wconf 88' lang='lat' dir='ltr'><strong>ioco</strong></span> <span class='ocrx_word' id='word_1_114' title='bbox 886 1233 1045 1287; x_wconf 84' lang='lat' dir='ltr'><strong>friget).</strong></span> 
     </span>
    </p>

    <p class='ocr_par' dir='ltr' id='par_1_10' title="bbox 344 1291 1316 1405">
     <span class='ocr_line' id='line_1_22' title="bbox 344 1291 1316 1346; baseline -0.002 -14"><span class='ocrx_word' id='word_1_115' title='bbox 344 1294 398 1332; x_wconf 78' lang='grc' dir='ltr'>Οὐ</span> <span class='ocrx_word' id='word_1_116' title='bbox 429 1291 562 1338; x_wconf 79' lang='grc' dir='ltr'>ξυνίασι</span> <span class='ocrx_word' id='word_1_117' title='bbox 581 1292 670 1336; x_wconf 78' lang='grc' dir='ltr'>ὅκως</span> <span class='ocrx_word' id='word_1_118' title='bbox 699 1291 948 1346; x_wconf 77' lang='grc' dir='ltr'>διαφερόμενον</span> <span class='ocrx_word' id='word_1_119' title='bbox 981 1294 1100 1345; x_wconf 79' lang='grc' dir='ltr'>ἑωυτῷ</span> <span class='ocrx_word' id='word_1_120' title='bbox 1124 1291 1316 1344; x_wconf 84' lang='grc' dir='ltr'>ὁμολογέει·</span> 
     </span>
     <span class='ocr_line' id='line_1_23' title="bbox 346 1351 1265 1405; baseline -0.002 -14"><span class='ocrx_word' id='word_1_121' title='bbox 346 1351 578 1405; x_wconf 82' lang='grc' dir='ltr'>παλίντροπος</span> <span class='ocrx_word' id='word_1_122' title='bbox 595 1352 746 1405; x_wconf 81' lang='grc' dir='ltr'>ἁρμονίη</span> <span class='ocrx_word' id='word_1_123' title='bbox 767 1351 929 1403; x_wconf 79' lang='grc' dir='ltr'>ὅκωσπερ</span> <span class='ocrx_word' id='word_1_124' title='bbox 945 1351 1045 1397; x_wconf 75' lang='grc' dir='ltr'>τόξου</span> <span class='ocrx_word' id='word_1_125' title='bbox 1067 1351 1128 1392; x_wconf 77' lang='grc' dir='ltr'>καὶ</span> <span class='ocrx_word' id='word_1_126' title='bbox 1146 1353 1265 1404; x_wconf 82' lang='grc' dir='ltr'>λύρης.</span> 
     </span>
    </p>

    <p class='ocr_par' dir='ltr' id='par_1_11' title="bbox 348 1410 1323 1641">
     <span class='ocr_line' id='line_1_24' title="bbox 403 1410 1323 1463; baseline -0.001 -14"><span class='ocrx_word' id='word_1_127' title='bbox 403 1411 661 1463; x_wconf 87' lang='lat' dir='ltr'>(Hippolytus</span> <span class='ocrx_word' id='word_1_128' title='bbox 685 1410 833 1450; x_wconf 80' lang='lat' dir='ltr'><strong>Haeres.</strong></span> <span class='ocrx_word' id='word_1_129' title='bbox 858 1411 983 1450; x_wconf 87' lang='lat' dir='ltr'><strong>Refut.</strong></span> <span class='ocrx_word' id='word_1_130' title='bbox 1005 1425 1043 1462; x_wconf 88' lang='lat' dir='ltr'>p.</span> <span class='ocrx_word' id='word_1_131' title='bbox 1064 1412 1140 1449; x_wconf 82' lang='lat'>280</span> <span class='ocrx_word' id='word_1_132' title='bbox 1160 1410 1221 1450; x_wconf 86' lang='lat' dir='ltr'>ed.</span> <span class='ocrx_word' id='word_1_133' title='bbox 1237 1410 1323 1448; x_wconf 86' lang='lat' dir='ltr'><strong>Mil·</strong></span> 
     </span>
     <span class='ocr_line' id='line_1_25' title="bbox 349 1469 1320 1519; baseline 0 -10"><span class='ocrx_word' id='word_1_134' title='bbox 349 1470 419 1511; x_wconf 85' lang='lat' dir='ltr'><strong>ier.</strong></span> <span class='ocrx_word' id='word_1_135' title='bbox 443 1485 452 1509; x_wconf 72' lang='grc' dir='ltr'>ε</span> <span class='ocrx_word' id='word_1_136' title='bbox 481 1470 541 1509; x_wconf 82' lang='grc' dir='ltr'>καὶ</span> <span class='ocrx_word' id='word_1_137' title='bbox 558 1469 611 1509; x_wconf 74' lang='grc' dir='ltr'>ὅτι</span> <span class='ocrx_word' id='word_1_138' title='bbox 628 1485 730 1509; x_wconf 86' lang='grc' dir='ltr'>τουτο</span> <span class='ocrx_word' id='word_1_139' title='bbox 749 1486 812 1508; x_wconf 84' lang='grc' dir='ltr'>ουκ</span> <span class='ocrx_word' id='word_1_140' title='bbox 834 1469 931 1509; x_wconf 85' lang='grc' dir='ltr'>ἴσασι</span> <span class='ocrx_word' id='word_1_141' title='bbox 951 1469 1079 1514; x_wconf 83' lang='grc' dir='ltr'>πάντες</span> <span class='ocrx_word' id='word_1_142' title='bbox 1097 1469 1175 1508; x_wconf 80' lang='grc' dir='ltr'>οὐδὲ</span> <span class='ocrx_word' id='word_1_143' title='bbox 1196 1472 1320 1519; x_wconf 85' lang='grc' dir='ltr'>ὁμολο·</span> 
     </span>
     <span class='ocr_line' id='line_1_26' title="bbox 348 1523 1320 1593; baseline 0 -26"><span class='ocrx_word' id='word_1_144' title='bbox 348 1529 670 1582; x_wconf 79' lang='grc' dir='ltr'>γουσιν,ἐπιμέμφε</span> <span class='ocrx_word' id='word_1_145' title='bbox 656 1523 807 1568; x_wconf 88' lang='grc' dir='ltr'>ταιωδέ</span> <span class='ocrx_word' id='word_1_146' title='bbox 818 1545 901 1574; x_wconf 91' lang='grc' dir='ltr'>πως·</span> <span class='ocrx_word' id='word_1_147' title='bbox 909 1531 962 1569; x_wconf 86' lang='grc' dir='ltr'>Οὐ</span> <span class='ocrx_word' id='word_1_148' title='bbox 973 1528 1196 1593; x_wconf 79' lang='grc' dir='ltr'>ξυνίασικτλ.</span> <span class='ocrx_word' id='word_1_149' title='bbox 1208 1530 1320 1570; x_wconf 85' lang='lat' dir='ltr'><strong>Conf.</strong></span> 
     </span>
     <span class='ocr_line' id='line_1_27' title="bbox 352 1587 775 1641; baseline -0.002 -14"><span class='ocrx_word' id='word_1_150' title='bbox 352 1589 487 1639; x_wconf 81' lang='lat' dir='ltr'><strong>fragm.</strong></span> <span class='ocrx_word' id='word_1_151' title='bbox 513 1590 574 1637; x_wconf 86' lang='lat'>30,</span> <span class='ocrx_word' id='word_1_152' title='bbox 598 1590 659 1636; x_wconf 86' lang='lat'>37,</span> <span class='ocrx_word' id='word_1_153' title='bbox 683 1587 775 1641; x_wconf 86' lang='lat'><strong>38.)</strong></span> 
     </span>
    </p>

    <p class='ocr_par' dir='ltr' id='par_1_12' title="bbox 348 1645 1322 1758">
     <span class='ocr_line' id='line_1_28' title="bbox 353 1645 1322 1702; baseline -0.002 -14.96"><span class='ocrx_word' id='word_1_154' title='bbox 353 1645 477 1687; x_wconf 73' lang='lat' dir='ltr'><strong>‘&#39;Ocuw</strong></span> <span class='ocrx_word' id='word_1_155' title='bbox 499 1647 594 1702; x_wconf 78' lang='grc' dir='ltr'>ὄψις,</span> <span class='ocrx_word' id='word_1_156' title='bbox 617 1646 721 1694; x_wconf 78' lang='grc' dir='ltr'>ἀκοή,</span> <span class='ocrx_word' id='word_1_157' title='bbox 755 1645 920 1697; x_wconf 85' lang='grc' dir='ltr'>μάθησις,</span> <span class='ocrx_word' id='word_1_158' title='bbox 957 1662 1071 1684; x_wconf 86' lang='grc' dir='ltr'>ταυτα</span> <span class='ocrx_word' id='word_1_159' title='bbox 1108 1645 1177 1697; x_wconf 84' lang='grc' dir='ltr'>ἐγω</span> <span class='ocrx_word' id='word_1_160' title='bbox 1200 1662 1322 1699; x_wconf 84' lang='grc' dir='ltr'>προτι-</span> 
     </span>
     <span class='ocr_line' id='line_1_29' title="bbox 348 1706 440 1758; baseline 0.022 -13"><span class='ocrx_word' id='word_1_161' title='bbox 348 1706 440 1758; x_wconf 88' lang='grc' dir='ltr'>μέω.</span> 
     </span>
    </p>

    <p class='ocr_par' dir='ltr' id='par_1_13' title="bbox 346 1763 1324 2411">
     <span class='ocr_line' id='line_1_30' title="bbox 401 1763 1322 1819; baseline -0.002 -14"><span class='ocrx_word' id='word_1_162' title='bbox 401 1767 667 1819; x_wconf 83' lang='lat' dir='ltr'><strong>(Hippolytus</strong></span> <span class='ocrx_word' id='word_1_163' title='bbox 684 1766 825 1805; x_wconf 85' lang='lat' dir='ltr'><strong>Haeres.</strong></span> <span class='ocrx_word' id='word_1_164' title='bbox 847 1765 974 1805; x_wconf 87' lang='lat' dir='ltr'><strong>Refut.</strong></span> <span class='ocrx_word' id='word_1_165' title='bbox 999 1779 1042 1817; x_wconf 89' lang='lat' dir='ltr'>p.</span> <span class='ocrx_word' id='word_1_166' title='bbox 1079 1767 1152 1804; x_wconf 86' lang='lat'>281</span> <span class='ocrx_word' id='word_1_167' title='bbox 1180 1779 1189 1803; x_wconf 71' lang='grc' dir='ltr'>ε</span> <span class='ocrx_word' id='word_1_168' title='bbox 1211 1763 1263 1803; x_wconf 79' lang='grc' dir='ltr'>ὅτι</span> <span class='ocrx_word' id='word_1_169' title='bbox 1285 1765 1322 1804; x_wconf 85' lang='grc' dir='ltr'>δέ</span> 
     </span>
     <span class='ocr_line' id='line_1_31' title="bbox 347 1824 1324 1880; baseline -0.001 -17"><span class='ocrx_word' id='word_1_170' title='bbox 347 1826 441 1866; x_wconf 77' lang='grc' dir='ltr'>ἐστιν</span> <span class='ocrx_word' id='word_1_171' title='bbox 472 1825 594 1878; x_wconf 80' lang='grc' dir='ltr'>ὁρατὸς</span> <span class='ocrx_word' id='word_1_172' title='bbox 615 1825 809 1880; x_wconf 86' lang='grc' dir='ltr'>ἀνθρώποις</span> <span class='ocrx_word' id='word_1_173' title='bbox 839 1824 899 1863; x_wconf 78' lang='grc' dir='ltr'>καὶ</span> <span class='ocrx_word' id='word_1_174' title='bbox 927 1825 991 1864; x_wconf 80' lang='grc' dir='ltr'>οὒκ</span> <span class='ocrx_word' id='word_1_175' title='bbox 1023 1824 1266 1877; x_wconf 79' lang='grc' dir='ltr'>ἀνεξεύρετος,</span> <span class='ocrx_word' id='word_1_176' title='bbox 1289 1826 1324 1862; x_wconf 82' lang='grc' dir='ltr'>ἐν</span> 
     </span>
     <span class='ocr_line' id='line_1_32' title="bbox 351 1882 1324 1938; baseline -0.001 -16"><span class='ocrx_word' id='word_1_177' title='bbox 351 1883 484 1929; x_wconf 83' lang='grc' dir='ltr'>τούτοις</span> <span class='ocrx_word' id='word_1_178' title='bbox 501 1884 607 1934; x_wconf 84' lang='grc' dir='ltr'>λέγει·</span> <span class='ocrx_word' id='word_1_179' title='bbox 624 1882 750 1925; x_wconf 69' lang='lat' dir='ltr'>“Oomv</span> <span class='ocrx_word' id='word_1_180' title='bbox 769 1883 846 1937; x_wconf 84' lang='grc' dir='ltr'>ὄψις</span> <span class='ocrx_word' id='word_1_181' title='bbox 877 1887 956 1923; x_wconf 86' lang='grc' dir='ltr'>κτλ.</span> <span class='ocrx_word' id='word_1_182' title='bbox 981 1883 1080 1938; x_wconf 75' lang='grc' dir='ltr'>φησί,</span> <span class='ocrx_word' id='word_1_183' title='bbox 1102 1882 1262 1923; x_wconf 82' lang='grc' dir='ltr'>τουτέστι</span> <span class='ocrx_word' id='word_1_184' title='bbox 1280 1883 1324 1922; x_wconf 82' lang='grc' dir='ltr'>τὰ</span> 
     </span>
     <span class='ocr_line' id='line_1_33' title="bbox 347 1942 1322 1996; baseline 0 -15"><span class='ocrx_word' id='word_1_185' title='bbox 347 1943 457 1995; x_wconf 83' lang='grc' dir='ltr'>ὁρατὰ</span> <span class='ocrx_word' id='word_1_186' title='bbox 467 1946 536 1982; x_wconf 84' lang='grc' dir='ltr'>τῶν</span> <span class='ocrx_word' id='word_1_187' title='bbox 551 1942 721 1995; x_wconf 80' lang='grc' dir='ltr'>ἀοράτων·</span> <span class='ocrx_word' id='word_1_188' title='bbox 735 1953 773 1982; x_wconf 87' lang='lat' dir='ltr'>et</span> <span class='ocrx_word' id='word_1_189' title='bbox 783 1944 918 1996; x_wconf 84' lang='lat' dir='ltr'>paucis</span> <span class='ocrx_word' id='word_1_190' title='bbox 930 1943 1144 1995; x_wconf 88' lang='lat' dir='ltr'><strong>interjectis</strong></span> <span class='ocrx_word' id='word_1_191' title='bbox 1159 1944 1216 1982; x_wconf 88' lang='lat' dir='ltr'>sic</span> <span class='ocrx_word' id='word_1_192' title='bbox 1236 1957 1322 1995; x_wconf 90' lang='lat' dir='ltr'><strong>per-</strong></span> 
     </span>
     <span class='ocr_line' id='line_1_34' title="bbox 349 2002 1322 2057; baseline 0 -16"><span class='ocrx_word' id='word_1_193' title='bbox 349 2003 406 2054; x_wconf 80' lang='lat' dir='ltr'>git</span> <span class='ocrx_word' id='word_1_194' title='bbox 427 2016 436 2043; x_wconf 88' lang='lat'><strong>:</strong></span> <span class='ocrx_word' id='word_1_195' title='bbox 457 2003 565 2048; x_wconf 77' lang='grc' dir='ltr'>οὕτως</span> <span class='ocrx_word' id='word_1_196' title='bbox 583 2002 815 2056; x_wconf 62' lang='grc' dir='ltr'>εΗροίκλειτος</span> <span class='ocrx_word' id='word_1_197' title='bbox 835 2005 869 2042; x_wconf 82' lang='grc' dir='ltr'>ἐν</span> <span class='ocrx_word' id='word_1_198' title='bbox 900 2002 959 2056; x_wconf 84' lang='grc' dir='ltr'>ἴσῃ</span> <span class='ocrx_word' id='word_1_199' title='bbox 982 2002 1089 2057; x_wconf 63' lang='grc' dir='ltr'>μοίρᾳ</span> <span class='ocrx_word' id='word_1_200' title='bbox 1109 2002 1241 2042; x_wconf 84' lang='grc' dir='ltr'>τίθεται</span> <span class='ocrx_word' id='word_1_201' title='bbox 1261 2002 1322 2041; x_wconf 80' lang='grc' dir='ltr'>καὶ</span> 
     </span>
     <span class='ocr_line' id='line_1_35' title="bbox 346 2062 1324 2117; baseline 0.003 -18"><span class='ocrx_word' id='word_1_202' title='bbox 346 2068 434 2116; x_wconf 77' lang='grc' dir='ltr'>τιμᾷ</span> <span class='ocrx_word' id='word_1_203' title='bbox 469 2062 513 2101; x_wconf 84' lang='grc' dir='ltr'>τὰ</span> <span class='ocrx_word' id='word_1_204' title='bbox 533 2065 673 2117; x_wconf 79' lang='grc' dir='ltr'>ἐμφανῆ</span> <span class='ocrx_word' id='word_1_205' title='bbox 695 2066 765 2107; x_wconf 87' lang='grc' dir='ltr'>τοῖς</span> <span class='ocrx_word' id='word_1_206' title='bbox 783 2062 964 2116; x_wconf 75' lang='grc' dir='ltr'>ἀφανέσιν,</span> <span class='ocrx_word' id='word_1_207' title='bbox 980 2065 1027 2107; x_wconf 85' lang='grc' dir='ltr'>ὡς</span> <span class='ocrx_word' id='word_1_208' title='bbox 1046 2063 1080 2102; x_wconf 78' lang='grc' dir='ltr'>ἔν</span> <span class='ocrx_word' id='word_1_209' title='bbox 1103 2080 1136 2102; x_wconf 95' lang='grc' dir='ltr'>τι</span> <span class='ocrx_word' id='word_1_210' title='bbox 1155 2062 1194 2103; x_wconf 86' lang='grc' dir='ltr'>τὸ</span> <span class='ocrx_word' id='word_1_211' title='bbox 1212 2064 1324 2116; x_wconf 79' lang='grc' dir='ltr'>ἐμφα-</span> 
     </span>
     <span class='ocr_line' id='line_1_36' title="bbox 347 2121 1323 2176; baseline 0.002 -18"><span class='ocrx_word' id='word_1_212' title='bbox 347 2122 402 2166; x_wconf 83' lang='grc' dir='ltr'>νὲς</span> <span class='ocrx_word' id='word_1_213' title='bbox 423 2121 484 2161; x_wconf 77' lang='grc' dir='ltr'>καὶ</span> <span class='ocrx_word' id='word_1_214' title='bbox 515 2122 557 2162; x_wconf 83' lang='grc' dir='ltr'>τὸ</span> <span class='ocrx_word' id='word_1_215' title='bbox 591 2121 720 2176; x_wconf 75' lang='grc' dir='ltr'>ἀφανὲς</span> <span class='ocrx_word' id='word_1_216' title='bbox 752 2123 1040 2174; x_wconf 81' lang='grc' dir='ltr'>ὁμολογουμένως</span> <span class='ocrx_word' id='word_1_217' title='bbox 1066 2122 1240 2175; x_wconf 82' lang='grc' dir='ltr'>ὑπάρχον.</span> <span class='ocrx_word' id='word_1_218' title='bbox 1278 2123 1323 2162; x_wconf 84' lang='grc' dir='ltr'>Τί</span> 
     </span>
     <span class='ocr_line' id='line_1_37' title="bbox 347 2180 1322 2236; baseline 0 -16"><span class='ocrx_word' id='word_1_219' title='bbox 347 2180 442 2234; x_wconf 78' lang='grc' dir='ltr'>γᾶρ;</span> <span class='ocrx_word' id='word_1_220' title='bbox 465 2181 585 2236; x_wconf 81' lang='grc' dir='ltr'>φησίν,</span> <span class='ocrx_word' id='word_1_221' title='bbox 609 2200 626 2216; x_wconf 74' lang='lat' dir='ltr'>a</span> <span class='ocrx_word' id='word_1_222' title='bbox 649 2181 799 2232; x_wconf 84' lang='grc' dir='ltr'>ἁρμονίη</span> <span class='ocrx_word' id='word_1_223' title='bbox 827 2181 963 2235; x_wconf 76' lang='grc' dir='ltr'>ἀφανὴς</span> <span class='ocrx_word' id='word_1_224' title='bbox 983 2185 1132 2235; x_wconf 69' lang='grc' dir='ltr'>φανερῆς</span> <span class='ocrx_word' id='word_1_225' title='bbox 1154 2182 1322 2234; x_wconf 85' lang='grc' dir='ltr'>κρείττων</span> 
     </span>
     <span class='ocr_line' id='line_1_38' title="bbox 353 2239 1320 2294; baseline 0.001 -16"><span class='ocrx_word' id='word_1_226' title='bbox 353 2239 441 2292; x_wconf 80' lang='lat' dir='ltr'><strong>(leg.</strong></span> <span class='ocrx_word' id='word_1_227' title='bbox 453 2240 626 2294; x_wconf 84' lang='grc' dir='ltr'>κρέσσων;</span> <span class='ocrx_word' id='word_1_228' title='bbox 638 2241 685 2280; x_wconf 83' lang='lat' dir='ltr'>cf.</span> <span class='ocrx_word' id='word_1_229' title='bbox 701 2242 836 2290; x_wconf 82' lang='lat' dir='ltr'><strong>fragm.</strong></span> <span class='ocrx_word' id='word_1_230' title='bbox 850 2241 914 2291; x_wconf 87' lang='grc' dir='ltr'>4ο)</span> <span class='ocrx_word' id='word_1_231' title='bbox 926 2239 986 2279; x_wconf 84' lang='grc' dir='ltr'>καὶ</span> <span class='ocrx_word' id='word_1_232' title='bbox 997 2239 1087 2279; x_wconf 75' lang='grc' dir='ltr'>ὅσων</span> <span class='ocrx_word' id='word_1_233' title='bbox 1105 2239 1196 2294; x_wconf 76' lang='grc' dir='ltr'>ὄψις,</span> <span class='ocrx_word' id='word_1_234' title='bbox 1214 2241 1320 2287; x_wconf 74' lang='grc' dir='ltr'>ἀκοή,</span> 
     </span>
     <span class='ocr_line' id='line_1_39' title="bbox 349 2298 1324 2352; baseline 0.002 -17"><span class='ocrx_word' id='word_1_235' title='bbox 349 2298 503 2347; x_wconf 86' lang='grc' dir='ltr'>μάθησις</span> <span class='ocrx_word' id='word_1_236' title='bbox 520 2298 700 2350; x_wconf 82' lang='grc' dir='ltr'>[τουτέστι</span> <span class='ocrx_word' id='word_1_237' title='bbox 719 2298 764 2337; x_wconf 83' lang='grc' dir='ltr'>τὰ</span> <span class='ocrx_word' id='word_1_238' title='bbox 781 2299 936 2352; x_wconf 80' lang='grc' dir='ltr'>ὄργανα]</span> <span class='ocrx_word' id='word_1_239' title='bbox 958 2302 1084 2346; x_wconf 76' lang='grc' dir='ltr'>ταῦτα,</span> <span class='ocrx_word' id='word_1_240' title='bbox 1108 2299 1233 2352; x_wconf 78' lang='grc' dir='ltr'>φησίν,</span> <span class='ocrx_word' id='word_1_241' title='bbox 1255 2298 1324 2350; x_wconf 82' lang='grc' dir='ltr'>ἐγὼ</span> 
     </span>
     <span class='ocr_line' id='line_1_40' title="bbox 348 2356 1097 2411; baseline 0.004 -16"><span class='ocrx_word' id='word_1_242' title='bbox 348 2357 529 2409; x_wconf 87' lang='grc' dir='ltr'>προτιμέω</span> <span class='ocrx_word' id='word_1_243' title='bbox 542 2388 552 2406; x_wconf 87' lang='grc'>,</span> <span class='ocrx_word' id='word_1_244' title='bbox 573 2359 611 2397; x_wconf 82' lang='grc' dir='ltr'>οὗ</span> <span class='ocrx_word' id='word_1_245' title='bbox 631 2357 676 2396; x_wconf 79' lang='grc' dir='ltr'>τὰ</span> <span class='ocrx_word' id='word_1_246' title='bbox 695 2359 811 2411; x_wconf 68' lang='grc' dir='ltr'>ἀφανῆ</span> <span class='ocrx_word' id='word_1_247' title='bbox 833 2356 1068 2410; x_wconf 85' lang='grc' dir='ltr'>προτιμήσας.</span> <span class='ocrx_word' id='word_1_248' title='bbox 1086 2357 1097 2410; x_wconf 95' lang='grc'>)</span> 
     </span>
    </p>

    <p class='ocr_par' dir='ltr' id='par_1_14' title="bbox 350 2415 1325 2649">
     <span class='ocr_line' id='line_1_41' title="bbox 350 2415 1319 2472; baseline 0.001 -16"><span class='ocrx_word' id='word_1_249' title='bbox 350 2415 436 2456; x_wconf 85' lang='grc' dir='ltr'>Ἀπὸ</span> <span class='ocrx_word' id='word_1_250' title='bbox 455 2419 523 2456; x_wconf 82' lang='grc' dir='ltr'>τῶν</span> <span class='ocrx_word' id='word_1_251' title='bbox 546 2417 711 2456; x_wconf 82' lang='grc' dir='ltr'>τοιούτων</span> <span class='ocrx_word' id='word_1_252' title='bbox 727 2419 832 2456; x_wconf 77' lang='grc' dir='ltr'>αὐτοῦ</span> <span class='ocrx_word' id='word_1_253' title='bbox 853 2416 965 2470; x_wconf 86' lang='grc' dir='ltr'>λόγων</span> <span class='ocrx_word' id='word_1_254' title='bbox 985 2423 1172 2457; x_wconf 48' lang='grc' dir='ltr'>κατανοεῖν.</span> <span class='ocrx_word' id='word_1_255' title='bbox 1187 2417 1319 2472; x_wconf 75' lang='grc' dir='ltr'>ῥᾴδιον·</span> 
     </span>
     <span class='ocr_line' id='line_1_42' title="bbox 350 2474 1321 2530; baseline 0 -16"><span class='ocrx_word' id='word_1_256' title='bbox 350 2474 600 2525; x_wconf 80' lang='grc' dir='ltr'>ἐξηπάτηνται,</span> <span class='ocrx_word' id='word_1_257' title='bbox 622 2475 739 2528; x_wconf 84' lang='grc' dir='ltr'>φησίν,</span> <span class='ocrx_word' id='word_1_258' title='bbox 758 2478 789 2516; x_wconf 79' lang='grc' dir='ltr'>οἱ</span> <span class='ocrx_word' id='word_1_259' title='bbox 810 2476 988 2529; x_wconf 87' lang='grc' dir='ltr'>ἄνθρωποι</span> <span class='ocrx_word' id='word_1_260' title='bbox 1005 2477 1089 2530; x_wconf 87' lang='grc' dir='ltr'>πρὸς</span> <span class='ocrx_word' id='word_1_261' title='bbox 1108 2476 1173 2523; x_wconf 86' lang='grc' dir='ltr'>τὴν</span> <span class='ocrx_word' id='word_1_262' title='bbox 1190 2480 1321 2529; x_wconf 79' lang='grc' dir='ltr'>γνῶσιν</span> 
     </span>
     <span class='ocr_line' id='line_1_43' title="bbox 352 2534 1321 2589; baseline -0.001 -16"><span class='ocrx_word' id='word_1_263' title='bbox 352 2535 609 2588; x_wconf 79' lang='grc' dir='ltr'>παραπλησίως</span> <span class='ocrx_word' id='word_1_264' title='bbox 631 2534 803 2589; x_wconf 85' lang='grc' dir='ltr'>Ὁμήρῳ,</span> <span class='ocrx_word' id='word_1_265' title='bbox 822 2534 859 2580; x_wconf 85' lang='grc' dir='ltr'>ὃς</span> <span class='ocrx_word' id='word_1_266' title='bbox 890 2535 1027 2586; x_wconf 83' lang='grc' dir='ltr'>ἐγένετο</span> <span class='ocrx_word' id='word_1_267' title='bbox 1046 2538 1114 2573; x_wconf 82' lang='grc' dir='ltr'>τῶν</span> <span class='ocrx_word' id='word_1_268' title='bbox 1134 2536 1321 2584; x_wconf 81' lang='grc' dir='ltr'>Ἑλλήνων</span> 
     </span>
     <span class='ocr_line' id='line_1_44' title="bbox 353 2594 1325 2649; baseline 0.002 -16"><span class='ocrx_word' id='word_1_269' title='bbox 353 2594 544 2648; x_wconf 68' lang='grc' dir='ltr'>σοφώτερος</span> <span class='ocrx_word' id='word_1_270' title='bbox 559 2594 712 2634; x_wconf 88' lang='grc' dir='ltr'>πάντων.</span> <span class='ocrx_word' id='word_1_271' title='bbox 733 2594 892 2635; x_wconf 85' lang='grc' dir='ltr'>Ἐκεῖνόν</span> <span class='ocrx_word' id='word_1_272' title='bbox 906 2611 943 2634; x_wconf 90' lang='grc' dir='ltr'>τε</span> <span class='ocrx_word' id='word_1_273' title='bbox 956 2594 1024 2648; x_wconf 81' lang='grc' dir='ltr'>γὰρ</span> <span class='ocrx_word' id='word_1_274' title='bbox 1042 2596 1163 2640; x_wconf 83' lang='grc' dir='ltr'>παῖδες</span> <span class='ocrx_word' id='word_1_275' title='bbox 1183 2600 1325 2649; x_wconf 82' lang='grc' dir='ltr'>φθεῖρας</span> 
     </span>
    </p>
   </div>
   <div class='ocr_carea' id='block_1_10' title="bbox 317 2772 1328 2816">
    <p class='ocr_par' dir='ltr' id='par_1_15' title="bbox 317 2772 1328 2816">
     <span class='ocr_line' id='line_1_45' title="bbox 317 2772 1328 2816; baseline 0.002 -7"><span class='ocrx_word' id='word_1_276' title='bbox 317 2779 369 2809; x_wconf 80' lang='grc'>93.</span> <span class='ocrx_word' id='word_1_277' title='bbox 393 2776 546 2816; x_wconf 76' lang='lat' dir='ltr'><strong>Ignorant</strong></span> <span class='ocrx_word' id='word_1_278' title='bbox 559 2772 750 2809; x_wconf 83' lang='lat' dir='ltr'><strong>concordem</strong></span> <span class='ocrx_word' id='word_1_279' title='bbox 772 2785 841 2810; x_wconf 85' lang='lat' dir='ltr'><strong>esse</strong></span> <span class='ocrx_word' id='word_1_280' title='bbox 851 2777 1043 2810; x_wconf 66' lang='lat' dir='ltr'><strong>d‘sscordiam</strong></span> <span class='ocrx_word' id='word_1_281' title='bbox 1061 2787 1070 2810; x_wconf 78' lang='lat' dir='ltr'><em>z</em></span> <span class='ocrx_word' id='word_1_282' title='bbox 1091 2781 1142 2812; x_wconf 78' lang='lat' dir='ltr'>est</span> <span class='ocrx_word' id='word_1_283' title='bbox 1155 2779 1242 2812; x_wconf 85' lang='lat' dir='ltr'><strong>enim</strong></span> <span class='ocrx_word' id='word_1_284' title='bbox 1258 2789 1328 2812; x_wconf 89' lang='lat' dir='ltr'>mu-</span> 
     </span>
    </p>
   </div>
   <div class='ocr_carea' id='block_1_11' title="bbox 276 2833 888 2877">
    <p class='ocr_par' dir='ltr' id='par_1_16' title="bbox 276 2833 888 2877">
     <span class='ocr_line' id='line_1_46' title="bbox 276 2833 888 2877; baseline 0.003 -11"><span class='ocrx_word' id='word_1_285' title='bbox 276 2833 383 2867; x_wconf 82' lang='lat' dir='ltr'><strong>tabilis</strong></span> <span class='ocrx_word' id='word_1_286' title='bbox 398 2835 574 2867; x_wconf 73' lang='lat' dir='ltr'>concentus</span> <span class='ocrx_word' id='word_1_287' title='bbox 591 2837 627 2867; x_wconf 90' lang='lat' dir='ltr'>ut</span> <span class='ocrx_word' id='word_1_288' title='bbox 642 2836 736 2867; x_wconf 80' lang='lat' dir='ltr'><strong>arcus</strong></span> <span class='ocrx_word' id='word_1_289' title='bbox 751 2838 783 2868; x_wconf 83' lang='lat' dir='ltr'>et</span> <span class='ocrx_word' id='word_1_290' title='bbox 798 2835 888 2877; x_wconf 82' lang='lat' dir='ltr'><strong>iyroe.</strong></span> 
     </span>
    </p>
   </div>
   <div class='ocr_carea' id='block_1_12' title="bbox 278 2954 590 2995">
    <p class='ocr_par' dir='ltr' id='par_1_17' title="bbox 278 2954 590 2995">
     <span class='ocr_line' id='line_1_47' title="bbox 278 2954 590 2995; baseline -0.003 -8"><span class='ocrx_word' id='word_1_291' title='bbox 278 2954 404 2987; x_wconf 84' lang='lat' dir='ltr'><strong>caeteris</strong></span> <span class='ocrx_word' id='word_1_292' title='bbox 418 2956 590 2995; x_wconf 80' lang='lat' dir='ltr'><strong>antepono.</strong></span> 
     </span>
    </p>
   </div>
   <div class='ocr_carea' id='block_1_13' title="bbox 319 3011 1330 3059">
    <p class='ocr_par' dir='ltr' id='par_1_18' title="bbox 319 3011 1330 3059">
     <span class='ocr_line' id='line_1_48' title="bbox 319 3011 1330 3059; baseline 0.005 -14"><span class='ocrx_word' id='word_1_293' title='bbox 319 3015 373 3059; x_wconf 76' lang='lat'>95.</span> <span class='ocrx_word' id='word_1_294' title='bbox 398 3011 486 3046; x_wconf 82' lang='lat' dir='ltr'><strong>Idex</strong></span> <span class='ocrx_word' id='word_1_295' title='bbox 505 3012 556 3045; x_wconf 90' lang='lat' dir='ltr'>his</span> <span class='ocrx_word' id='word_1_296' title='bbox 581 3012 652 3054; x_wconf 83' lang='lat' dir='ltr'><strong>ejus</strong></span> <span class='ocrx_word' id='word_1_297' title='bbox 679 3012 783 3045; x_wconf 75' lang='lat' dir='ltr'><strong>verbis</strong></span> <span class='ocrx_word' id='word_1_298' title='bbox 800 3013 891 3046; x_wconf 79' lang='lat' dir='ltr'><strong>facite</strong></span> <span class='ocrx_word' id='word_1_299' title='bbox 916 3014 1104 3056; x_wconf 85' lang='lat' dir='ltr'><strong>inteiiigitur</strong></span> <span class='ocrx_word' id='word_1_300' title='bbox 1129 3025 1137 3044; x_wconf 87' lang='lat'>=</span> <span class='ocrx_word' id='word_1_301' title='bbox 1161 3018 1330 3058; x_wconf 71' lang='lat' dir='ltr'><strong>Ermum,</strong></span> 
     </span>
    </p>
   </div>
   <div class='ocr_carea' id='block_1_14' title="bbox 279 3070 1334 3350">
    <p class='ocr_par' dir='ltr' id='par_1_19' title="bbox 279 3070 1334 3350">
     <span class='ocr_line' id='line_1_49' title="bbox 279 3070 1333 3115; baseline 0.006 -12"><span class='ocrx_word' id='word_1_302' title='bbox 279 3070 395 3113; x_wconf 88' lang='lat' dir='ltr'><strong>inquit,</strong></span> <span class='ocrx_word' id='word_1_303' title='bbox 423 3071 571 3105; x_wconf 86' lang='lat' dir='ltr'><strong>homines</strong></span> <span class='ocrx_word' id='word_1_304' title='bbox 597 3072 631 3105; x_wconf 91' lang='lat' dir='ltr'>in</span> <span class='ocrx_word' id='word_1_305' title='bbox 649 3073 757 3105; x_wconf 86' lang='lat' dir='ltr'><strong>reru&#39;m</strong></span> <span class='ocrx_word' id='word_1_306' title='bbox 777 3072 951 3106; x_wconf 84' lang='lat' dir='ltr'><strong>iilustrium</strong></span> <span class='ocrx_word' id='word_1_307' title='bbox 975 3074 1158 3115; x_wconf 81' lang='lat' dir='ltr'><strong>cognitione</strong></span> <span class='ocrx_word' id='word_1_308' title='bbox 1186 3075 1333 3109; x_wconf 83' lang='lat' dir='ltr'><strong>similiter</strong></span> 
     </span>
     <span class='ocr_line' id='line_1_50' title="bbox 279 3130 1330 3174; baseline 0.004 -11"><span class='ocrx_word' id='word_1_309' title='bbox 279 3130 377 3172; x_wconf 75' lang='lat' dir='ltr'><strong>atque</strong></span> <span class='ocrx_word' id='word_1_310' title='bbox 395 3131 555 3164; x_wconf 80' lang='lat' dir='ltr'><strong>Homerus</strong></span> <span class='ocrx_word' id='word_1_311' title='bbox 570 3130 627 3173; x_wconf 89' lang='lat' dir='ltr'>qui</span> <span class='ocrx_word' id='word_1_312' title='bbox 648 3131 780 3172; x_wconf 89' lang='lat' dir='ltr'><strong>reliquis</strong></span> <span class='ocrx_word' id='word_1_313' title='bbox 793 3131 916 3164; x_wconf 78' lang='lat' dir='ltr'><strong>Groecis</strong></span> <span class='ocrx_word' id='word_1_314' title='bbox 931 3132 1105 3174; x_wconf 80' lang='lat' dir='ltr'><strong>sapientior</strong></span> <span class='ocrx_word' id='word_1_315' title='bbox 1122 3134 1195 3166; x_wconf 85' lang='lat' dir='ltr'><strong>suit.</strong></span> <span class='ocrx_word' id='word_1_316' title='bbox 1234 3135 1330 3167; x_wconf 85' lang='lat' dir='ltr'><strong>Ilium</strong></span> 
     </span>
     <span class='ocr_line' id='line_1_51' title="bbox 279 3188 1334 3232; baseline 0.005 -11"><span class='ocrx_word' id='word_1_317' title='bbox 279 3188 364 3232; x_wconf 78' lang='lat' dir='ltr'><strong>enirn</strong></span> <span class='ocrx_word' id='word_1_318' title='bbox 392 3189 482 3231; x_wconf 87' lang='lat' dir='ltr'><strong>pueri</strong></span> <span class='ocrx_word' id='word_1_319' title='bbox 511 3190 566 3231; x_wconf 90' lang='lat' dir='ltr'>qui</span> <span class='ocrx_word' id='word_1_320' title='bbox 593 3189 757 3232; x_wconf 78' lang='lat' dir='ltr'><strong>pediculos</strong></span> <span class='ocrx_word' id='word_1_321' title='bbox 781 3190 1015 3224; x_wconf 81' lang='lat' dir='ltr'><strong>interficiebant</strong></span> <span class='ocrx_word' id='word_1_322' title='bbox 1041 3191 1091 3224; x_wconf 78' lang='lat' dir='ltr'><strong>his</strong></span> <span class='ocrx_word' id='word_1_323' title='bbox 1110 3192 1217 3225; x_wconf 86' lang='lat' dir='ltr'><strong>verbis</strong></span> <span class='ocrx_word' id='word_1_324' title='bbox 1241 3193 1334 3227; x_wconf 84' lang='lat' dir='ltr'><strong>dece-</strong></span> 
     </span>
     <span class='ocr_line' id='line_1_52' title="bbox 279 3249 1332 3294; baseline 0.005 -14"><span class='ocrx_word' id='word_1_325' title='bbox 279 3256 356 3289; x_wconf 84' lang='lat' dir='ltr'><strong>pere</strong></span> <span class='ocrx_word' id='word_1_326' title='bbox 373 3257 383 3280; x_wconf 86' lang='lat'>:</span> <span class='ocrx_word' id='word_1_327' title='bbox 402 3260 418 3277; x_wconf 76' lang='grc' dir='ltr'><strong><em>κ</em></strong></span> <span class='ocrx_word' id='word_1_328' title='bbox 437 3249 520 3286; x_wconf 81' lang='lat' dir='ltr'><strong>Quae</strong></span> <span class='ocrx_word' id='word_1_329' title='bbox 537 3249 678 3281; x_wconf 86' lang='lat' dir='ltr'><strong>vidimus</strong></span> <span class='ocrx_word' id='word_1_330' title='bbox 693 3250 912 3291; x_wconf 79' lang='lat' dir='ltr'><strong>cepimusque,</strong></span> <span class='ocrx_word' id='word_1_331' title='bbox 932 3259 971 3283; x_wconf 83' lang='lat' dir='ltr'>ea</span> <span class='ocrx_word' id='word_1_332' title='bbox 994 3250 1103 3283; x_wconf 83' lang='lat' dir='ltr'><strong>omnia</strong></span> <span class='ocrx_word' id='word_1_333' title='bbox 1118 3251 1332 3294; x_wconf 85' lang='lat' dir='ltr'><strong>reliquimus;</strong></span> 
     </span>
     <span class='ocr_line' id='line_1_53' title="bbox 283 3307 1311 3350; baseline 0.001 -11"><span class='ocrx_word' id='word_1_334' title='bbox 283 3315 356 3348; x_wconf 77' lang='lat' dir='ltr'><strong>quoe</strong></span> <span class='ocrx_word' id='word_1_335' title='bbox 374 3315 452 3340; x_wconf 86' lang='lat' dir='ltr'><strong>vero</strong></span> <span class='ocrx_word' id='word_1_336' title='bbox 469 3316 575 3349; x_wconf 85' lang='lat' dir='ltr'><strong>neque</strong></span> <span class='ocrx_word' id='word_1_337' title='bbox 593 3307 731 3341; x_wconf 85' lang='lat' dir='ltr'><strong>vidimus</strong></span> <span class='ocrx_word' id='word_1_338' title='bbox 751 3317 857 3350; x_wconf 84' lang='lat' dir='ltr'><strong>neque</strong></span> <span class='ocrx_word' id='word_1_339' title='bbox 877 3309 1033 3350; x_wconf 83' lang='lat' dir='ltr'><strong>cepimus,</strong></span> <span class='ocrx_word' id='word_1_340' title='bbox 1051 3318 1088 3342; x_wconf 85' lang='lat' dir='ltr'>ea</span> <span class='ocrx_word' id='word_1_341' title='bbox 1106 3314 1279 3350; x_wconf 76' lang='lat' dir='ltr'><strong>gestamus.</strong></span> <span class='ocrx_word' id='word_1_342' title='bbox 1296 3324 1311 3340; x_wconf 70' lang='lat' dir='ltr'>n</span> 
     </span>
    </p>
   </div>
   <div class='ocr_carea' id='block_1_15' title="bbox 287 3481 1336 3530">
    <p class='ocr_par' dir='ltr' id='par_1_20' title="bbox 287 3481 1336 3530">
     <span class='ocr_line' id='line_1_54' title="bbox 287 3481 1336 3530; baseline 0.008 -16"><span class='ocrx_word' id='word_1_343' title='bbox 287 3481 333 3514; x_wconf 88' lang='lat' dir='ltr'>uti</span> <span class='ocrx_word' id='word_1_344' title='bbox 350 3482 507 3524; x_wconf 72' lang='lat' dir='ltr'><strong>ignorant.</strong></span> <span class='ocrx_word' id='word_1_345' title='bbox 522 3484 666 3517; x_wconf 82' lang='lat' dir='ltr'><strong>Deorum</strong></span> <span class='ocrx_word' id='word_1_346' title='bbox 689 3485 775 3518; x_wconf 85' lang='lat' dir='ltr'><strong>enirn</strong></span> <span class='ocrx_word' id='word_1_347' title='bbox 802 3494 890 3519; x_wconf 87' lang='lat' dir='ltr'><strong>mens</strong></span> <span class='ocrx_word' id='word_1_348' title='bbox 911 3486 1022 3520; x_wconf 88' lang='lat' dir='ltr'><strong>docuit</strong></span> <span class='ocrx_word' id='word_1_349' title='bbox 1038 3486 1177 3521; x_wconf 80' lang='lat' dir='ltr'><strong>seientes</strong></span> <span class='ocrx_word' id='word_1_350' title='bbox 1194 3497 1270 3530; x_wconf 82' lang='lat' dir='ltr'><strong>quae</strong></span> <span class='ocrx_word' id='word_1_351' title='bbox 1290 3488 1336 3522; x_wconf 76' lang='lat' dir='ltr'>fa·</span> 
     </span>
    </p>
   </div>
   <div class='ocr_carea' id='block_1_16' title="bbox 324 3365 1338 3410">
    <p class='ocr_par' dir='ltr' id='par_1_21' title="bbox 324 3365 1338 3410">
     <span class='ocr_line' id='line_1_55' title="bbox 324 3365 1338 3410; baseline 0.004 -12"><span class='ocrx_word' id='word_1_352' title='bbox 324 3368 376 3398; x_wconf 77' lang='lat'>96.</span> <span class='ocrx_word' id='word_1_353' title='bbox 399 3366 442 3397; x_wconf 75' lang='lat' dir='ltr'><strong>At</strong></span> <span class='ocrx_word' id='word_1_354' title='bbox 456 3373 530 3397; x_wconf 85' lang='lat' dir='ltr'><strong>vero</strong></span> <span class='ocrx_word' id='word_1_355' title='bbox 545 3365 691 3399; x_wconf 86' lang='lat' dir='ltr'><strong>homines</strong></span> <span class='ocrx_word' id='word_1_356' title='bbox 704 3375 723 3399; x_wconf 88' lang='lat' dir='ltr'>e</span> <span class='ocrx_word' id='word_1_357' title='bbox 741 3366 918 3400; x_wconf 79' lang='lat' dir='ltr'><strong>manifestis</strong></span> <span class='ocrx_word' id='word_1_358' title='bbox 927 3367 1063 3401; x_wconf 81' lang='lat' dir='ltr'><strong>obscura</strong></span> <span class='ocrx_word' id='word_1_359' title='bbox 1078 3370 1222 3410; x_wconf 84' lang='lat' dir='ltr'><strong>spectare</strong></span> <span class='ocrx_word' id='word_1_360' title='bbox 1238 3370 1338 3403; x_wconf 85' lang='lat' dir='ltr'><strong>nesci·</strong></span> 
     </span>
    </p>
   </div>
   <div class='ocr_carea' id='block_1_17' title="bbox 325 254 1683 303">
    <p class='ocr_par' dir='ltr' id='par_1_22' title="bbox 325 254 1683 303">
     <span class='ocr_line' id='line_1_56' title="bbox 325 254 1683 303; baseline -0.008 0"><span class='ocrx_word' id='word_1_361' title='bbox 325 272 346 303; x_wconf 81' lang='lat'>8</span> <span class='ocrx_word' id='word_1_362' title='bbox 1036 258 1310 299; x_wconf 77' lang='lat' dir='ltr'><strong>nERACLth</strong></span> <span class='ocrx_word' id='word_1_363' title='bbox 1343 254 1683 297; x_wconf 80' lang='lat' dir='ltr'><strong>FRAGMENTA.</strong></span> 
     </span>
    </p>
   </div>
   <div class='ocr_carea' id='block_1_18' title="bbox 1459 339 2435 513">
    <p class='ocr_par' dir='ltr' id='par_1_23' title="bbox 1459 339 2435 513">
     <span class='ocr_line' id='line_1_57' title="bbox 1459 339 2434 392; baseline -0.005 -9"><span class='ocrx_word' id='word_1_364' title='bbox 1459 342 1745 387; x_wconf 80' lang='grc' dir='ltr'>κατακτείναντες</span> <span class='ocrx_word' id='word_1_365' title='bbox 1767 341 1994 390; x_wconf 78' lang='grc' dir='ltr'>ἐξηπάτησαν</span> <span class='ocrx_word' id='word_1_366' title='bbox 2019 341 2186 385; x_wconf 81' lang='grc' dir='ltr'>εἰπόντες·</span> <span class='ocrx_word' id='word_1_367' title='bbox 2207 340 2274 380; x_wconf 83' lang='grc' dir='ltr'>ὅσα</span> <span class='ocrx_word' id='word_1_368' title='bbox 2294 339 2434 392; x_wconf 79' lang='grc' dir='ltr'>εἴδομεν</span> 
     </span>
     <span class='ocr_line' id='line_1_58' title="bbox 1460 398 2435 452; baseline -0.003 -11"><span class='ocrx_word' id='word_1_369' title='bbox 1460 417 1521 442; x_wconf 79' lang='grc' dir='ltr'>και</span> <span class='ocrx_word' id='word_1_370' title='bbox 1540 400 1799 452; x_wconf 78' lang='grc' dir='ltr'>κατελάὸομεν,</span> <span class='ocrx_word' id='word_1_371' title='bbox 1817 405 1929 444; x_wconf 81' lang='grc' dir='ltr'>ταῦτα</span> <span class='ocrx_word' id='word_1_372' title='bbox 1950 401 2189 452; x_wconf 83' lang='grc' dir='ltr'>ἀπελίπομεν,</span> <span class='ocrx_word' id='word_1_373' title='bbox 2215 399 2281 439; x_wconf 78' lang='grc' dir='ltr'>ὅσα</span> <span class='ocrx_word' id='word_1_374' title='bbox 2303 399 2339 438; x_wconf 77' lang='grc' dir='ltr'>δὲ</span> <span class='ocrx_word' id='word_1_375' title='bbox 2357 398 2435 439; x_wconf 81' lang='grc' dir='ltr'>οὔτε</span> 
     </span>
     <span class='ocr_line' id='line_1_59' title="bbox 1460 459 2226 513; baseline -0.003 -13"><span class='ocrx_word' id='word_1_376' title='bbox 1460 461 1596 511; x_wconf 68' lang='grc' dir='ltr'>εἴδομεν</span> <span class='ocrx_word' id='word_1_377' title='bbox 1617 460 1695 500; x_wconf 82' lang='grc' dir='ltr'>οὔτε</span> <span class='ocrx_word' id='word_1_378' title='bbox 1714 459 1910 511; x_wconf 78' lang='grc' dir='ltr'>ἐλάὸομεν,</span> <span class='ocrx_word' id='word_1_379' title='bbox 1927 475 2041 499; x_wconf 88' lang='grc' dir='ltr'>ταυτα</span> <span class='ocrx_word' id='word_1_380' title='bbox 2063 460 2226 513; x_wconf 78' lang='grc' dir='ltr'>φέρομεν.</span> 
     </span>
    </p>
   </div>
   <div class='ocr_carea' id='block_1_19' title="bbox 1515 515 2440 572">
    <p class='ocr_par' dir='ltr' id='par_1_24' title="bbox 1515 515 2440 572">
     <span class='ocr_line' id='line_1_60' title="bbox 1515 515 2440 572; baseline -0.004 -13"><span class='ocrx_word' id='word_1_381' title='bbox 1515 520 1764 572; x_wconf 83' lang='lat' dir='ltr'><strong>(ilippoiytus</strong></span> <span class='ocrx_word' id='word_1_382' title='bbox 1783 519 1926 559; x_wconf 84' lang='lat' dir='ltr'><strong>Haeres.</strong></span> <span class='ocrx_word' id='word_1_383' title='bbox 1951 519 2078 558; x_wconf 80' lang='lat' dir='ltr'><strong>Refut.</strong></span> <span class='ocrx_word' id='word_1_384' title='bbox 2095 533 2136 571; x_wconf 89' lang='lat' dir='ltr'>p.</span> <span class='ocrx_word' id='word_1_385' title='bbox 2162 519 2254 558; x_wconf 80' lang='lat'><strong>281.</strong></span> <span class='ocrx_word' id='word_1_386' title='bbox 2277 515 2440 556; x_wconf 75' lang='lat' dir='ltr'><strong>Codicis</strong></span> 
     </span>
    </p>
   </div>
   <div class='ocr_carea' id='block_1_20' title="bbox 1405 576 2440 647">
    <p class='ocr_par' dir='ltr' id='par_1_25' title="bbox 1405 576 2440 647">
     <span class='ocr_line' id='line_1_61' title="bbox 1405 576 2440 647; baseline -0.002 -30"><span class='ocrx_word' id='word_1_387' title='bbox 1405 611 1411 616; x_wconf 89' lang='lat'>.</span> <span class='ocrx_word' id='word_1_388' title='bbox 1459 580 1694 647; x_wconf 85' lang='lat' dir='ltr'><strong>scripturam</strong></span> <span class='ocrx_word' id='word_1_389' title='bbox 1727 578 1965 630; x_wconf 85' lang='grc' dir='ltr'>ἀπολείπομεν</span> <span class='ocrx_word' id='word_1_390' title='bbox 1996 580 2174 618; x_wconf 87' lang='lat' dir='ltr'><strong>converti</strong></span> <span class='ocrx_word' id='word_1_391' title='bbox 2201 578 2243 617; x_wconf 88' lang='lat' dir='ltr'>in</span> <span class='ocrx_word' id='word_1_392' title='bbox 2264 576 2440 616; x_wconf 77' lang='grc' dir='ltr'>ἀπελίπο-</span> 
     </span>
    </p>
   </div>
   <div class='ocr_carea' id='block_1_21' title="bbox 1385 1366 1433 1392">
    <p class='ocr_par' dir='ltr' id='par_1_26' title="bbox 1385 1366 1433 1392">
     <span class='ocr_line' id='line_1_62' title="bbox 1385 1366 1433 1392; baseline 0 0"><span class='ocrx_word' id='word_1_393' title='bbox 1385 1366 1433 1392; x_wconf 80' lang='grc'>96.</span> 
     </span>
    </p>
   </div>
   <div class='ocr_carea' id='block_1_22' title="bbox 1460 637 2450 1700">
    <p class='ocr_par' dir='ltr' id='par_1_27' title="bbox 1460 637 2443 1343">
     <span class='ocr_line' id='line_1_63' title="bbox 1462 637 2441 698; baseline -0.002 -21"><span class='ocrx_word' id='word_1_394' title='bbox 1462 655 1539 689; x_wconf 89' lang='grc' dir='ltr'>μεν.</span> <span class='ocrx_word' id='word_1_395' title='bbox 1564 639 1606 678; x_wconf 83' lang='lat' dir='ltr'>td</span> <span class='ocrx_word' id='word_1_396' title='bbox 1626 640 1731 678; x_wconf 89' lang='lat' dir='ltr'><strong>enim</strong></span> <span class='ocrx_word' id='word_1_397' title='bbox 1750 639 1942 678; x_wconf 88' lang='lat' dir='ltr'><strong>sententia</strong></span> <span class='ocrx_word' id='word_1_398' title='bbox 1956 639 2118 689; x_wconf 83' lang='lat' dir='ltr'><strong>flagitat.</strong></span> <span class='ocrx_word' id='word_1_399' title='bbox 2138 637 2441 698; x_wconf 87' lang='lat' dir='ltr'><strong>Pseudoplutar·</strong></span> 
     </span>
     <span class='ocr_line' id='line_1_64' title="bbox 1461 690 2439 750; baseline -0.001 -13"><span class='ocrx_word' id='word_1_400' title='bbox 1461 699 1557 737; x_wconf 85' lang='lat' dir='ltr'><strong>chus</strong></span> <span class='ocrx_word' id='word_1_401' title='bbox 1573 698 1621 737; x_wconf 88' lang='lat' dir='ltr'>de</span> <span class='ocrx_word' id='word_1_402' title='bbox 1642 698 1723 741; x_wconf 81' lang='lat' dir='ltr'><strong>vita</strong></span> <span class='ocrx_word' id='word_1_403' title='bbox 1743 697 1903 736; x_wconf 84' lang='lat' dir='ltr'><strong>Homeri</strong></span> <span class='ocrx_word' id='word_1_404' title='bbox 1921 711 2005 750; x_wconf 84' lang='lat' dir='ltr'><strong>cap.</strong></span> <span class='ocrx_word' id='word_1_405' title='bbox 2021 704 2041 743; x_wconf 91' lang='grc'>4</span> <span class='ocrx_word' id='word_1_406' title='bbox 2062 697 2247 739; x_wconf 79' lang='lat' dir='ltr'><strong>v01.xlv</strong></span> <span class='ocrx_word' id='word_1_407' title='bbox 2262 711 2302 750; x_wconf 88' lang='lat' dir='ltr'>p.</span> <span class='ocrx_word' id='word_1_408' title='bbox 2327 690 2439 745; x_wconf 70' lang='grc' dir='ltr'>477ι</span> 
     </span>
     <span class='ocr_line' id='line_1_65' title="bbox 1464 750 2440 811; baseline -0.002 -15"><span class='ocrx_word' id='word_1_409' title='bbox 1464 757 1507 811; x_wconf 81' lang='grc' dir='ltr'>(ὁ</span> <span class='ocrx_word' id='word_1_410' title='bbox 1522 756 1712 810; x_wconf 69' lang='grc' dir='ltr'>“Ομηρος)</span> <span class='ocrx_word' id='word_1_411' title='bbox 1732 750 1867 804; x_wconf 86' lang='grc' dir='ltr'>ηλθεν</span> <span class='ocrx_word' id='word_1_412' title='bbox 1854 772 1886 800; x_wconf 86' lang='grc' dir='ltr'>ες</span> <span class='ocrx_word' id='word_1_413' title='bbox 1901 754 1990 796; x_wconf 80' lang='lat' dir='ltr'><strong>’&#39;I-ov</strong></span> <span class='ocrx_word' id='word_1_414' title='bbox 2009 750 2092 796; x_wconf 81' lang='grc' dir='ltr'>ἔνθα</span> <span class='ocrx_word' id='word_1_415' title='bbox 2111 756 2170 795; x_wconf 77' lang='grc' dir='ltr'>ἐπὶ</span> <span class='ocrx_word' id='word_1_416' title='bbox 2185 755 2317 806; x_wconf 77' lang='grc' dir='ltr'>πέτρας</span> <span class='ocrx_word' id='word_1_417' title='bbox 2335 757 2440 795; x_wconf 80' lang='grc' dir='ltr'>καθε-</span> 
     </span>
     <span class='ocr_line' id='line_1_66' title="bbox 1462 809 2438 869; baseline -0.002 -14"><span class='ocrx_word' id='word_1_418' title='bbox 1462 816 1604 867; x_wconf 84' lang='grc' dir='ltr'>ζόμενος</span> <span class='ocrx_word' id='word_1_419' title='bbox 1619 815 1791 855; x_wconf 80' lang='grc' dir='ltr'>ἐθεάσατο</span> <span class='ocrx_word' id='word_1_420' title='bbox 1812 816 1920 860; x_wconf 81' lang='grc' dir='ltr'>ἁλιεῖς</span> <span class='ocrx_word' id='word_1_421' title='bbox 1940 815 2205 868; x_wconf 80' lang='grc' dir='ltr'>προσπλέοντας</span> <span class='ocrx_word' id='word_1_422' title='bbox 2218 846 2230 869; x_wconf 89' lang='grc'>,</span> <span class='ocrx_word' id='word_1_423' title='bbox 2249 809 2299 855; x_wconf 69' lang='grc' dir='ltr'>ὧν</span> <span class='ocrx_word' id='word_1_424' title='bbox 2328 816 2438 854; x_wconf 75' lang='grc' dir='ltr'>ἐπυν-</span> 
     </span>
     <span class='ocr_line' id='line_1_67' title="bbox 1465 874 2442 928; baseline -0.001 -14"><span class='ocrx_word' id='word_1_425' title='bbox 1465 875 1589 914; x_wconf 85' lang='grc' dir='ltr'>θάνετο</span> <span class='ocrx_word' id='word_1_426' title='bbox 1609 874 1641 915; x_wconf 81' lang='grc' dir='ltr'>εἴ</span> <span class='ocrx_word' id='word_1_427' title='bbox 1658 891 1692 914; x_wconf 91' lang='grc' dir='ltr'>τι</span> <span class='ocrx_word' id='word_1_428' title='bbox 1711 874 1837 928; x_wconf 69' lang='grc' dir='ltr'>ἔχοιεν·</span> <span class='ocrx_word' id='word_1_429' title='bbox 1854 876 1886 913; x_wconf 79' lang='grc' dir='ltr'>οἱ</span> <span class='ocrx_word' id='word_1_430' title='bbox 1908 874 1943 915; x_wconf 76' lang='grc' dir='ltr'>δὲ</span> <span class='ocrx_word' id='word_1_431' title='bbox 1960 875 2017 914; x_wconf 80' lang='grc' dir='ltr'>ἐπὶ</span> <span class='ocrx_word' id='word_1_432' title='bbox 2035 877 2086 913; x_wconf 86' lang='grc' dir='ltr'>τῶ</span> <span class='ocrx_word' id='word_1_433' title='bbox 2106 878 2260 928; x_wconf 79' lang='grc' dir='ltr'>θηρᾶσαι</span> <span class='ocrx_word' id='word_1_434' title='bbox 2281 874 2344 926; x_wconf 78' lang='grc' dir='ltr'>μὲν</span> <span class='ocrx_word' id='word_1_435' title='bbox 2366 890 2442 926; x_wconf 84' lang='grc' dir='ltr'>μη-</span> 
     </span>
     <span class='ocr_line' id='line_1_68' title="bbox 1465 932 2443 989; baseline 0.001 -15"><span class='ocrx_word' id='word_1_436' title='bbox 1465 934 1538 985; x_wconf 83' lang='grc' dir='ltr'>δέν,</span> <span class='ocrx_word' id='word_1_437' title='bbox 1569 935 1804 989; x_wconf 83' lang='grc' dir='ltr'>φθειρίζεσθαι</span> <span class='ocrx_word' id='word_1_438' title='bbox 1833 933 1869 973; x_wconf 80' lang='grc' dir='ltr'>δὲ</span> <span class='ocrx_word' id='word_1_439' title='bbox 1889 933 1949 973; x_wconf 74' lang='grc' dir='ltr'>διὰ</span> <span class='ocrx_word' id='word_1_440' title='bbox 1971 933 2034 981; x_wconf 84' lang='grc' dir='ltr'>τὴν</span> <span class='ocrx_word' id='word_1_441' title='bbox 2067 933 2218 988; x_wconf 82' lang='grc' dir='ltr'>ἀπορίαν</span> <span class='ocrx_word' id='word_1_442' title='bbox 2246 936 2310 982; x_wconf 79' lang='grc' dir='ltr'>τῆς</span> <span class='ocrx_word' id='word_1_443' title='bbox 2333 932 2443 987; x_wconf 74' lang='grc' dir='ltr'>θήρας</span> 
     </span>
     <span class='ocr_line' id='line_1_69' title="bbox 1460 990 2440 1047; baseline -0.003 -14"><span class='ocrx_word' id='word_1_444' title='bbox 1460 993 1570 1039; x_wconf 78' lang='grc' dir='ltr'>οὕτως</span> <span class='ocrx_word' id='word_1_445' title='bbox 1585 994 1831 1047; x_wconf 79' lang='grc' dir='ltr'>ἀπεκρίναντο·</span> <span class='ocrx_word' id='word_1_446' title='bbox 1842 1011 1858 1028; x_wconf 76' lang='grc' dir='ltr'>α</span> <span class='ocrx_word' id='word_1_447' title='bbox 1871 992 1981 1034; x_wconf 82' lang='grc' dir='ltr'>Ὄσσ’</span> <span class='ocrx_word' id='word_1_448' title='bbox 1993 992 2352 1044; x_wconf 77' lang='grc' dir='ltr'>ἔλομεν,λιπόμεσθα·</span> <span class='ocrx_word' id='word_1_449' title='bbox 2362 990 2440 1031; x_wconf 82' lang='grc' dir='ltr'>8σσ’</span> 
     </span>
     <span class='ocr_line' id='line_1_70' title="bbox 1464 1050 2440 1107; baseline -0.005 -14"><span class='ocrx_word' id='word_1_450' title='bbox 1464 1055 1531 1107; x_wconf 80' lang='grc' dir='ltr'>οὐχ</span> <span class='ocrx_word' id='word_1_451' title='bbox 1565 1052 1688 1104; x_wconf 79' lang='grc' dir='ltr'>ἕλομεν</span> <span class='ocrx_word' id='word_1_452' title='bbox 1728 1052 1950 1107; x_wconf 77' lang='grc' dir='ltr'>φερόμεσθα,</span> <span class='ocrx_word' id='word_1_453' title='bbox 1973 1070 1987 1086; x_wconf 77' lang='grc' dir='ltr'>ν</span> <span class='ocrx_word' id='word_1_454' title='bbox 2022 1053 2261 1103; x_wconf 87' lang='grc' dir='ltr'>αινισσόμενοι</span> <span class='ocrx_word' id='word_1_455' title='bbox 2294 1052 2342 1096; x_wconf 83' lang='grc' dir='ltr'>ὡς</span> <span class='ocrx_word' id='word_1_456' title='bbox 2371 1050 2440 1102; x_wconf 82' lang='grc' dir='ltr'>ἄρα</span> 
     </span>
     <span class='ocr_line' id='line_1_71' title="bbox 1462 1108 2439 1167; baseline -0.005 -14"><span class='ocrx_word' id='word_1_457' title='bbox 1462 1112 1521 1157; x_wconf 79' lang='grc' dir='ltr'>οὒς</span> <span class='ocrx_word' id='word_1_458' title='bbox 1537 1112 1579 1164; x_wconf 83' lang='grc' dir='ltr'>μὲ</span> <span class='ocrx_word' id='word_1_459' title='bbox 1584 1130 1600 1151; x_wconf 88' lang='grc' dir='ltr'>ν</span> <span class='ocrx_word' id='word_1_460' title='bbox 1621 1112 1748 1152; x_wconf 75' lang='grc' dir='ltr'>ἔλαὸον</span> <span class='ocrx_word' id='word_1_461' title='bbox 1776 1114 1846 1152; x_wconf 86' lang='grc' dir='ltr'>τῶν</span> <span class='ocrx_word' id='word_1_462' title='bbox 1866 1114 2016 1167; x_wconf 84' lang='grc' dir='ltr'>φθειρῶν</span> <span class='ocrx_word' id='word_1_463' title='bbox 2038 1110 2309 1162; x_wconf 84' lang='grc' dir='ltr'>ἀποκτείναντες</span> <span class='ocrx_word' id='word_1_464' title='bbox 2328 1108 2439 1149; x_wconf 77' lang='grc' dir='ltr'>κατέ·-</span> 
     </span>
     <span class='ocr_line' id='line_1_72' title="bbox 1464 1167 2443 1223; baseline -0.004 -13"><span class='ocrx_word' id='word_1_465' title='bbox 1464 1173 1580 1211; x_wconf 89' lang='grc' dir='ltr'>λιπον·</span> <span class='ocrx_word' id='word_1_466' title='bbox 1611 1171 1669 1217; x_wconf 76' lang='grc' dir='ltr'>οὓς</span> <span class='ocrx_word' id='word_1_467' title='bbox 1700 1171 1736 1212; x_wconf 82' lang='grc' dir='ltr'>δὲ</span> <span class='ocrx_word' id='word_1_468' title='bbox 1753 1173 1817 1211; x_wconf 81' lang='grc' dir='ltr'>οὐκ</span> <span class='ocrx_word' id='word_1_469' title='bbox 1847 1170 2026 1218; x_wconf 79' lang='grc' dir='ltr'>ἔλαὸον,’</span> <span class='ocrx_word' id='word_1_470' title='bbox 2011 1185 2047 1209; x_wconf 93' lang='grc' dir='ltr'>εν</span> <span class='ocrx_word' id='word_1_471' title='bbox 2075 1174 2118 1220; x_wconf 77' lang='grc' dir='ltr'>τῇ</span> <span class='ocrx_word' id='word_1_472' title='bbox 2140 1172 2261 1218; x_wconf 77' lang='grc' dir='ltr'>ἐσθῆτι</span> <span class='ocrx_word' id='word_1_473' title='bbox 2291 1167 2443 1223; x_wconf 75' lang='grc' dir='ltr'>φέροιεν.</span> 
     </span>
     <span class='ocr_line' id='line_1_73' title="bbox 1463 1226 2442 1317; baseline -0.005 -45.896"><span class='ocrx_word' id='word_1_474' title='bbox 1463 1230 1585 1285; x_wconf 75' lang='grc' dir='ltr'>αΟπερ</span> <span class='ocrx_word' id='word_1_475' title='bbox 1616 1235 1655 1270; x_wconf 80' lang='grc' dir='ltr'>οὐ</span> <span class='ocrx_word' id='word_1_476' title='bbox 1676 1232 1807 1279; x_wconf 87' lang='grc' dir='ltr'>δυνηθε</span> <span class='ocrx_word' id='word_1_477' title='bbox 1803 1247 1833 1276; x_wconf 88' lang='grc' dir='ltr'>ις</span> <span class='ocrx_word' id='word_1_478' title='bbox 1874 1230 2071 1282; x_wconf 74' lang='grc' dir='ltr'>συμὸαλεῖν</span> <span class='ocrx_word' id='word_1_479' title='bbox 2103 1230 2268 1283; x_wconf 69' lang='grc' dir='ltr'>”Ομηρος</span> <span class='ocrx_word' id='word_1_480' title='bbox 2297 1227 2357 1268; x_wconf 75' lang='grc' dir='ltr'>διὰ</span> <span class='ocrx_word' id='word_1_481' title='bbox 2377 1226 2442 1317; x_wconf 79' lang='grc' dir='ltr'>τὴν</span> 
     </span>
     <span class='ocr_line' id='line_1_74' title="bbox 1467 1290 1884 1343; baseline -0.002 -13"><span class='ocrx_word' id='word_1_482' title='bbox 1467 1291 1619 1342; x_wconf 79' lang='grc' dir='ltr'>ἀθυμίαν</span> <span class='ocrx_word' id='word_1_483' title='bbox 1638 1290 1884 1343; x_wconf 84' lang='grc' dir='ltr'>ἐτελεύτησε.)</span> 
     </span>
    </p>

    <p class='ocr_par' dir='ltr' id='par_1_28' title="bbox 1465 1329 2450 1700">
     <span class='ocr_line' id='line_1_75' title="bbox 1470 1329 2446 1404; baseline -0.004 -13"><span class='ocrx_word' id='word_1_484' title='bbox 1470 1354 1518 1392; x_wconf 79' lang='grc' dir='ltr'>Οἱ</span> <span class='ocrx_word' id='word_1_485' title='bbox 1535 1329 1574 1390; x_wconf 65' lang='grc' dir='ltr'>ίδὲ</span> <span class='ocrx_word' id='word_1_486' title='bbox 1597 1353 1811 1404; x_wconf 79' lang='grc' dir='ltr'>ἄνθρωποι’</span> <span class='ocrx_word' id='word_1_487' title='bbox 1797 1367 1837 1390; x_wconf 87' lang='grc' dir='ltr'>εκ</span> <span class='ocrx_word' id='word_1_488' title='bbox 1853 1353 1922 1390; x_wconf 84' lang='grc' dir='ltr'>τῶν</span> <span class='ocrx_word' id='word_1_489' title='bbox 1944 1353 2103 1404; x_wconf 81' lang='grc' dir='ltr'>φανερῶν</span> <span class='ocrx_word' id='word_1_490' title='bbox 2126 1349 2170 1390; x_wconf 71' lang='grc' dir='ltr'>τὰ</span> <span class='ocrx_word' id='word_1_491' title='bbox 2199 1348 2336 1403; x_wconf 70' lang='grc' dir='ltr'>ἀφανέα</span> <span class='ocrx_word' id='word_1_492' title='bbox 2366 1347 2446 1387; x_wconf 83' lang='grc' dir='ltr'>σκέ·</span> 
     </span>
     <span class='ocr_line' id='line_1_76' title="bbox 1465 1406 2443 1462; baseline -0.004 -14"><span class='ocrx_word' id='word_1_493' title='bbox 1465 1413 1614 1449; x_wconf 89' lang='grc' dir='ltr'>πτεσθαι</span> <span class='ocrx_word' id='word_1_494' title='bbox 1635 1413 1696 1450; x_wconf 85' lang='grc' dir='ltr'>οὐκ</span> <span class='ocrx_word' id='word_1_495' title='bbox 1716 1410 1938 1451; x_wconf 85' lang='grc' dir='ltr'>ἐπίστανται.</span> <span class='ocrx_word' id='word_1_496' title='bbox 1970 1409 2131 1462; x_wconf 56' lang='lat' dir='ltr'><strong>&#39;sely-flet</strong></span> <span class='ocrx_word' id='word_1_497' title='bbox 2158 1409 2226 1462; x_wconf 79' lang='grc' dir='ltr'>γὰρ</span> <span class='ocrx_word' id='word_1_498' title='bbox 2253 1406 2443 1462; x_wconf 76' lang='grc' dir='ltr'>χρεόμενοι</span> 
     </span>
     <span class='ocr_line' id='line_1_77' title="bbox 1467 1467 2446 1522; baseline -0.003 -15"><span class='ocrx_word' id='word_1_499' title='bbox 1467 1469 1610 1522; x_wconf 79' lang='grc' dir='ltr'>ὁμοίῃσι</span> <span class='ocrx_word' id='word_1_500' title='bbox 1649 1470 1850 1522; x_wconf 78' lang='grc' dir='ltr'>ἀνθρωπίνῃ</span> <span class='ocrx_word' id='word_1_501' title='bbox 1883 1468 1965 1522; x_wconf 70' lang='grc' dir='ltr'>φύσι</span> <span class='ocrx_word' id='word_1_502' title='bbox 2001 1471 2039 1508; x_wconf 83' lang='grc' dir='ltr'>οὐ</span> <span class='ocrx_word' id='word_1_503' title='bbox 2078 1467 2302 1520; x_wconf 73' lang='grc' dir='ltr'>γινώσκουσι.</span> <span class='ocrx_word' id='word_1_504' title='bbox 2341 1468 2446 1508; x_wconf 79' lang='grc' dir='ltr'>Θεῶν</span> 
     </span>
     <span class='ocr_line' id='line_1_78' title="bbox 1465 1526 2450 1581; baseline -0.004 -13"><span class='ocrx_word' id='word_1_505' title='bbox 1465 1528 1535 1581; x_wconf 78' lang='grc' dir='ltr'>γὰρ</span> <span class='ocrx_word' id='word_1_506' title='bbox 1554 1527 1629 1573; x_wconf 90' lang='grc' dir='ltr'>νόος</span> <span class='ocrx_word' id='word_1_507' title='bbox 1641 1528 1774 1573; x_wconf 81' lang='grc' dir='ltr'>ἐδίδαξε</span> <span class='ocrx_word' id='word_1_508' title='bbox 1789 1527 1977 1579; x_wconf 88' lang='grc' dir='ltr'>μιμέεσθαι</span> <span class='ocrx_word' id='word_1_509' title='bbox 1994 1527 2038 1566; x_wconf 85' lang='grc' dir='ltr'>τὰ</span> <span class='ocrx_word' id='word_1_510' title='bbox 2054 1530 2193 1566; x_wconf 79' lang='grc' dir='ltr'>ἑωυτῶν</span> <span class='ocrx_word' id='word_1_511' title='bbox 2210 1526 2450 1579; x_wconf 72' lang='grc' dir='ltr'>γινώσκοντας</span> 
     </span>
     <span class='ocr_line' id='line_1_79' title="bbox 1467 1581 2445 1640; baseline -0.003 -14"><span class='ocrx_word' id='word_1_512' title='bbox 1467 1588 1491 1626; x_wconf 84' lang='grc' dir='ltr'>ἃ</span> <span class='ocrx_word' id='word_1_513' title='bbox 1528 1587 1686 1627; x_wconf 89' lang='grc' dir='ltr'>ποιέουσι</span> <span class='ocrx_word' id='word_1_514' title='bbox 1722 1587 1784 1627; x_wconf 83' lang='grc' dir='ltr'>καὶ</span> <span class='ocrx_word' id='word_1_515' title='bbox 1826 1589 1866 1627; x_wconf 82' lang='grc' dir='ltr'>οὐ</span> <span class='ocrx_word' id='word_1_516' title='bbox 1911 1587 2146 1640; x_wconf 85' lang='grc' dir='ltr'>γινώσκοντας</span> <span class='ocrx_word' id='word_1_517' title='bbox 2184 1585 2207 1624; x_wconf 75' lang='grc' dir='ltr'>ἃ</span> <span class='ocrx_word' id='word_1_518' title='bbox 2247 1581 2445 1637; x_wconf 72' lang='grc' dir='ltr'>μιμέονται.</span> 
     </span>
     <span class='ocr_line' id='line_1_80' title="bbox 1471 1645 2445 1700; baseline -0.003 -14"><span class='ocrx_word' id='word_1_519' title='bbox 1471 1646 1596 1686; x_wconf 83' lang='grc' dir='ltr'>Πάντα</span> <span class='ocrx_word' id='word_1_520' title='bbox 1625 1646 1692 1699; x_wconf 82' lang='grc' dir='ltr'>γὰρ</span> <span class='ocrx_word' id='word_1_521' title='bbox 1727 1647 1833 1699; x_wconf 79' lang='grc' dir='ltr'>ὅμοια</span> <span class='ocrx_word' id='word_1_522' title='bbox 1861 1646 2012 1699; x_wconf 85' lang='grc' dir='ltr'>ἀνόμοια</span> <span class='ocrx_word' id='word_1_523' title='bbox 2047 1647 2162 1687; x_wconf 86' lang='grc' dir='ltr'>ἐόντα·</span> <span class='ocrx_word' id='word_1_524' title='bbox 2193 1645 2254 1686; x_wconf 78' lang='grc' dir='ltr'>καὶ</span> <span class='ocrx_word' id='word_1_525' title='bbox 2280 1645 2445 1700; x_wconf 80' lang='grc' dir='ltr'>σύμφορα</span> 
     </span>
    </p>
   </div>
   <div class='ocr_carea' id='block_1_23' title="bbox 1460 1705 2489 1761">
    <p class='ocr_par' dir='ltr' id='par_1_29' title="bbox 1460 1705 2489 1761">
     <span class='ocr_line' id='line_1_81' title="bbox 1460 1705 2489 1761; baseline -0.001 -17"><span class='ocrx_word' id='word_1_526' title='bbox 1460 1706 1579 1744; x_wconf 86' lang='grc' dir='ltr'>πάντα</span> <span class='ocrx_word' id='word_1_527' title='bbox 1603 1705 1694 1760; x_wconf 84' lang='grc' dir='ltr'>[καὶ]</span> <span class='ocrx_word' id='word_1_528' title='bbox 1720 1707 1871 1761; x_wconf 81' lang='grc' dir='ltr'>διάφορα</span> <span class='ocrx_word' id='word_1_529' title='bbox 1890 1707 2004 1747; x_wconf 80' lang='grc' dir='ltr'>ἐόντα·</span> <span class='ocrx_word' id='word_1_530' title='bbox 2022 1705 2255 1759; x_wconf 82' lang='grc' dir='ltr'>διαλεγόμενα</span> <span class='ocrx_word' id='word_1_531' title='bbox 2273 1706 2313 1745; x_wconf 80' lang='grc' dir='ltr'>οὗ</span> <span class='ocrx_word' id='word_1_532' title='bbox 2333 1705 2449 1744; x_wconf 85' lang='grc' dir='ltr'>διαλε-</span> <span class='ocrx_word' id='word_1_533' title='bbox 2486 1754 2489 1761; x_wconf 32' lang='grc' dir='ltr'><strong><em>Δ</em></strong></span> 
     </span>
    </p>
   </div>
   <div class='ocr_carea' id='block_1_24' title="bbox 1465 1763 2454 2651">
    <p class='ocr_par' dir='ltr' id='par_1_30' title="bbox 1465 1763 2450 2354">
     <span class='ocr_line' id='line_1_82' title="bbox 1467 1763 2446 1819; baseline -0.001 -15"><span class='ocrx_word' id='word_1_534' title='bbox 1467 1765 1611 1818; x_wconf 89' lang='grc' dir='ltr'>γόμενα·</span> <span class='ocrx_word' id='word_1_535' title='bbox 1630 1765 1774 1817; x_wconf 84' lang='grc' dir='ltr'>γνώμην</span> <span class='ocrx_word' id='word_1_536' title='bbox 1807 1765 1935 1819; x_wconf 79' lang='grc' dir='ltr'>ἔχοντα</span> <span class='ocrx_word' id='word_1_537' title='bbox 1971 1765 2174 1819; x_wconf 80' lang='grc' dir='ltr'>ἀγνώμονα·</span> <span class='ocrx_word' id='word_1_538' title='bbox 2199 1763 2405 1804; x_wconf 83' lang='grc' dir='ltr'>ὑπεναντίον</span> <span class='ocrx_word' id='word_1_539' title='bbox 2427 1766 2446 1802; x_wconf 78' lang='grc' dir='ltr'><strong>ὅ</strong></span> 
     </span>
     <span class='ocr_line' id='line_1_83' title="bbox 1470 1822 2444 1878; baseline 0 -15"><span class='ocrx_word' id='word_1_540' title='bbox 1470 1823 1599 1878; x_wconf 87' lang='grc' dir='ltr'>τρόπος</span> <span class='ocrx_word' id='word_1_541' title='bbox 1625 1825 1783 1864; x_wconf 81' lang='grc' dir='ltr'>ἑκάστων</span> <span class='ocrx_word' id='word_1_542' title='bbox 1815 1826 2104 1877; x_wconf 78' lang='grc' dir='ltr'>ὃμολογεόμενος.</span> <span class='ocrx_word' id='word_1_543' title='bbox 2142 1825 2263 1876; x_wconf 82' lang='grc' dir='ltr'>Νόμος</span> <span class='ocrx_word' id='word_1_544' title='bbox 2280 1823 2349 1877; x_wconf 77' lang='grc' dir='ltr'>γὰρ</span> <span class='ocrx_word' id='word_1_545' title='bbox 2380 1822 2444 1863; x_wconf 69' lang='grc' dir='ltr'>καὶ</span> 
     </span>
     <span class='ocr_line' id='line_1_84' title="bbox 1471 1878 2447 1938; baseline -0.002 -15"><span class='ocrx_word' id='word_1_546' title='bbox 1471 1884 1572 1937; x_wconf 84' lang='grc' dir='ltr'>φύσις</span> <span class='ocrx_word' id='word_1_547' title='bbox 1611 1878 1681 1924; x_wconf 81' lang='grc' dir='ltr'>οἶσι</span> <span class='ocrx_word' id='word_1_548' title='bbox 1713 1884 1830 1924; x_wconf 86' lang='grc' dir='ltr'>πάντα</span> <span class='ocrx_word' id='word_1_549' title='bbox 1864 1885 2123 1938; x_wconf 83' lang='grc' dir='ltr'>διαπρήσσεται</span> <span class='ocrx_word' id='word_1_550' title='bbox 2162 1885 2230 1937; x_wconf 80' lang='grc' dir='ltr'>οὐχ</span> <span class='ocrx_word' id='word_1_551' title='bbox 2263 1882 2447 1935; x_wconf 84' lang='grc' dir='ltr'>ὁμολογέει</span> 
     </span>
     <span class='ocr_line' id='line_1_85' title="bbox 1469 1942 2450 1997; baseline -0.002 -15"><span class='ocrx_word' id='word_1_552' title='bbox 1469 1943 1514 1982; x_wconf 83' lang='grc' dir='ltr'>τὰ</span> <span class='ocrx_word' id='word_1_553' title='bbox 1546 1945 1696 1997; x_wconf 83' lang='grc' dir='ltr'>ὁμολογε</span> <span class='ocrx_word' id='word_1_554' title='bbox 1699 1942 1825 1995; x_wconf 86' lang='grc' dir='ltr'>όμενα.</span> <span class='ocrx_word' id='word_1_555' title='bbox 1858 1943 1978 1996; x_wconf 87' lang='grc' dir='ltr'>Νόμον</span> <span class='ocrx_word' id='word_1_556' title='bbox 2016 1944 2085 1997; x_wconf 82' lang='grc' dir='ltr'>γὰρ</span> <span class='ocrx_word' id='word_1_557' title='bbox 2120 1942 2244 1982; x_wconf 86' lang='grc' dir='ltr'>ἔθεσαν</span> <span class='ocrx_word' id='word_1_558' title='bbox 2272 1942 2450 1996; x_wconf 83' lang='grc' dir='ltr'>ἄνθρωποι</span> 
     </span>
     <span class='ocr_line' id='line_1_86' title="bbox 1470 1996 2446 2056; baseline 0 -15"><span class='ocrx_word' id='word_1_559' title='bbox 1470 2019 1569 2041; x_wconf 87' lang='grc' dir='ltr'>αυτοι</span> <span class='ocrx_word' id='word_1_560' title='bbox 1595 2005 1835 2051; x_wconf 83' lang='grc' dir='ltr'>ἑωυτοῖσι,οὔ</span> <span class='ocrx_word' id='word_1_561' title='bbox 1863 2003 2096 2056; x_wconf 87' lang='grc' dir='ltr'>γινώσκοντες</span> <span class='ocrx_word' id='word_1_562' title='bbox 2113 2002 2194 2056; x_wconf 75' lang='grc' dir='ltr'>περὶ</span> <span class='ocrx_word' id='word_1_563' title='bbox 2227 1996 2276 2042; x_wconf 90' lang='grc' dir='ltr'>ων</span> <span class='ocrx_word' id='word_1_564' title='bbox 2307 2000 2446 2042; x_wconf 82' lang='grc' dir='ltr'>ἔθεσαν.</span> 
     </span>
     <span class='ocr_line' id='line_1_87' title="bbox 1470 2053 2444 2114; baseline -0.003 -12"><span class='ocrx_word' id='word_1_565' title='bbox 1470 2063 1588 2102; x_wconf 78' lang='grc' dir='ltr'>Φύσιν</span> <span class='ocrx_word' id='word_1_566' title='bbox 1626 2061 1663 2101; x_wconf 80' lang='grc' dir='ltr'>δὲ</span> <span class='ocrx_word' id='word_1_567' title='bbox 1697 2062 1824 2107; x_wconf 81' lang='grc' dir='ltr'>πάντες</span> <span class='ocrx_word' id='word_1_568' title='bbox 1844 2062 1921 2102; x_wconf 87' lang='grc' dir='ltr'>θεοι</span> <span class='ocrx_word' id='word_1_569' title='bbox 1942 2062 2198 2114; x_wconf 75' lang='grc' dir='ltr'>διεκόσμησαν.</span> <span class='ocrx_word' id='word_1_570' title='bbox 2233 2061 2292 2102; x_wconf 75' lang='grc' dir='ltr'>Τὰ</span> <span class='ocrx_word' id='word_1_571' title='bbox 2310 2053 2421 2113; x_wconf 76' lang='grc' dir='ltr'>μὲν</span> <span class='ocrx_word' id='word_1_572' title='bbox 2394 2075 2444 2100; x_wconf 83' lang='grc' dir='ltr'>ων</span> 
     </span>
     <span class='ocr_line' id='line_1_88' title="bbox 1468 2119 2444 2175; baseline -0.001 -15"><span class='ocrx_word' id='word_1_573' title='bbox 1468 2121 1781 2175; x_wconf 82' lang='grc' dir='ltr'>ἄνθρωποιέθεσαν</span> <span class='ocrx_word' id='word_1_574' title='bbox 1802 2122 1964 2161; x_wconf 76' lang='grc' dir='ltr'>οὐδέκοτε</span> <span class='ocrx_word' id='word_1_575' title='bbox 1980 2122 2074 2161; x_wconf 75' lang='grc' dir='ltr'>κατὰ</span> <span class='ocrx_word' id='word_1_576' title='bbox 2105 2121 2238 2161; x_wconf 72' lang='grc' dir='ltr'>τωύτὸν</span> <span class='ocrx_word' id='word_1_577' title='bbox 2263 2120 2337 2175; x_wconf 77' lang='grc' dir='ltr'>ἔχει</span> <span class='ocrx_word' id='word_1_578' title='bbox 2363 2119 2444 2160; x_wconf 78' lang='grc' dir='ltr'>οὔτε</span> 
     </span>
     <span class='ocr_line' id='line_1_89' title="bbox 1465 2180 2443 2236; baseline 0 -16"><span class='ocrx_word' id='word_1_579' title='bbox 1465 2182 1509 2220; x_wconf 79' lang='grc' dir='ltr'>τὰ</span> <span class='ocrx_word' id='word_1_580' title='bbox 1529 2180 1615 2231; x_wconf 80' lang='grc' dir='ltr'>ὀρθὰ</span> <span class='ocrx_word' id='word_1_581' title='bbox 1631 2180 1709 2221; x_wconf 83' lang='grc' dir='ltr'>οὔτε</span> <span class='ocrx_word' id='word_1_582' title='bbox 1727 2181 1773 2220; x_wconf 76' lang='grc' dir='ltr'>τὰ</span> <span class='ocrx_word' id='word_1_583' title='bbox 1795 2181 1845 2233; x_wconf 87' lang='grc' dir='ltr'>μὴ</span> <span class='ocrx_word' id='word_1_584' title='bbox 1872 2181 1971 2236; x_wconf 83' lang='grc' dir='ltr'>ὀρθά.</span> <span class='ocrx_word' id='word_1_585' title='bbox 2000 2181 2136 2221; x_wconf 85' lang='grc' dir='ltr'>Ὁκόσα</span> <span class='ocrx_word' id='word_1_586' title='bbox 2158 2181 2195 2220; x_wconf 85' lang='grc' dir='ltr'>δὲ</span> <span class='ocrx_word' id='word_1_587' title='bbox 2225 2180 2296 2220; x_wconf 80' lang='grc' dir='ltr'>θεοὶ</span> <span class='ocrx_word' id='word_1_588' title='bbox 2318 2180 2443 2220; x_wconf 79' lang='grc' dir='ltr'>ἔθεσαν</span> 
     </span>
     <span class='ocr_line' id='line_1_90' title="bbox 1470 2239 2444 2294; baseline 0 -15"><span class='ocrx_word' id='word_1_589' title='bbox 1470 2240 1540 2279; x_wconf 85' lang='grc' dir='ltr'>αἰεὶ</span> <span class='ocrx_word' id='word_1_590' title='bbox 1557 2239 1704 2293; x_wconf 62' lang='grc' dir='ltr'>ὀρθῶς”</span> <span class='ocrx_word' id='word_1_591' title='bbox 1684 2257 1775 2293; x_wconf 76' lang='grc' dir='ltr'>εχει.</span> <span class='ocrx_word' id='word_1_592' title='bbox 1801 2241 1873 2281; x_wconf 81' lang='grc' dir='ltr'>Καὶ</span> <span class='ocrx_word' id='word_1_593' title='bbox 1892 2241 1937 2280; x_wconf 79' lang='grc' dir='ltr'>τὰ</span> <span class='ocrx_word' id='word_1_594' title='bbox 1962 2240 2048 2294; x_wconf 83' lang='grc' dir='ltr'>ὀρθὰ</span> <span class='ocrx_word' id='word_1_595' title='bbox 2066 2240 2128 2280; x_wconf 86' lang='grc' dir='ltr'>καὶ</span> <span class='ocrx_word' id='word_1_596' title='bbox 2149 2239 2195 2279; x_wconf 82' lang='grc' dir='ltr'>τὰ</span> <span class='ocrx_word' id='word_1_597' title='bbox 2212 2240 2262 2292; x_wconf 84' lang='grc' dir='ltr'>μὴ</span> <span class='ocrx_word' id='word_1_598' title='bbox 2278 2239 2366 2294; x_wconf 76' lang='grc' dir='ltr'>ὀρθὰ</span> <span class='ocrx_word' id='word_1_599' title='bbox 2384 2255 2444 2279; x_wconf 83' lang='grc' dir='ltr'>το·</span> 
     </span>
     <span class='ocr_line' id='line_1_91' title="bbox 1470 2299 1786 2354; baseline 0 -15"><span class='ocrx_word' id='word_1_600' title='bbox 1470 2303 1593 2339; x_wconf 56' lang='lat' dir='ltr'>cova—ov</span> <span class='ocrx_word' id='word_1_601' title='bbox 1616 2299 1786 2354; x_wconf 73' lang='grc' dir='ltr'>διαφέρει.</span> 
     </span>
    </p>

    <p class='ocr_par' dir='ltr' id='par_1_31' title="bbox 1469 2359 2454 2651">
     <span class='ocr_line' id='line_1_92' title="bbox 1521 2359 2452 2413; baseline 0 -16"><span class='ocrx_word' id='word_1_602' title='bbox 1521 2360 1798 2413; x_wconf 80' lang='lat' dir='ltr'><strong>(Hippocrates</strong></span> <span class='ocrx_word' id='word_1_603' title='bbox 1812 2359 2128 2413; x_wconf 80' lang='grc' dir='ltr'>ΠερὶδιαίτηςΙὼ.</span> <span class='ocrx_word' id='word_1_604' title='bbox 2146 2359 2179 2408; x_wconf 85' lang='grc' dir='ltr'>Ι,</span> <span class='ocrx_word' id='word_1_605' title='bbox 2196 2359 2274 2398; x_wconf 85' lang='lat' dir='ltr'><strong>vol.</strong></span> <span class='ocrx_word' id='word_1_606' title='bbox 2289 2359 2356 2413; x_wconf 89' lang='lat' dir='ltr'>lp.</span> <span class='ocrx_word' id='word_1_607' title='bbox 2372 2360 2452 2411; x_wconf 84' lang='grc'>639</span> 
     </span>
     <span class='ocr_line' id='line_1_93' title="bbox 1469 2419 2453 2473; baseline -0.001 -15"><span class='ocrx_word' id='word_1_608' title='bbox 1469 2432 1551 2471; x_wconf 88' lang='lat' dir='ltr'><strong>seq.</strong></span> <span class='ocrx_word' id='word_1_609' title='bbox 1567 2420 1629 2458; x_wconf 87' lang='lat' dir='ltr'>ed.</span> <span class='ocrx_word' id='word_1_610' title='bbox 1642 2420 1770 2458; x_wconf 84' lang='lat' dir='ltr'><strong>Kiihn.</strong></span> <span class='ocrx_word' id='word_1_611' title='bbox 1789 2420 1868 2458; x_wconf 84' lang='lat' dir='ltr'>Pro</span> <span class='ocrx_word' id='word_1_612' title='bbox 1892 2420 2006 2460; x_wconf 90' lang='lat' dir='ltr'><strong>codd.</strong></span> <span class='ocrx_word' id='word_1_613' title='bbox 2025 2419 2298 2458; x_wconf 80' lang='lat' dir='ltr'><strong>lectionibus’</strong></span> <span class='ocrx_word' id='word_1_614' title='bbox 2278 2421 2453 2473; x_wconf 77' lang='grc' dir='ltr'>ιφανῆ-</span> 
     </span>
     <span class='ocr_line' id='line_1_94' title="bbox 1469 2477 2454 2534; baseline -0.002 -16"><span class='ocrx_word' id='word_1_615' title='bbox 1469 2479 2111 2534; x_wconf 80' lang='grc' dir='ltr'>φύσει-ἑαυτῶν-διαπρησσόμενα</span> <span class='ocrx_word' id='word_1_616' title='bbox 2140 2481 2206 2532; x_wconf 79' lang='grc' dir='ltr'>οὐχ</span> <span class='ocrx_word' id='word_1_617' title='bbox 2224 2477 2454 2530; x_wconf 80' lang='grc' dir='ltr'>ὁμολογέεται</span> 
     </span>
     <span class='ocr_line' id='line_1_95' title="bbox 1471 2536 2453 2591; baseline -0.001 -15"><span class='ocrx_word' id='word_1_618' title='bbox 1471 2538 1837 2591; x_wconf 80' lang='grc' dir='ltr'>ὁμολογεόμενα-οὔτε</span> <span class='ocrx_word' id='word_1_619' title='bbox 1845 2540 1953 2591; x_wconf 83' lang='grc' dir='ltr'>ὀρθῶς</span> <span class='ocrx_word' id='word_1_620' title='bbox 1961 2537 2039 2577; x_wconf 82' lang='grc' dir='ltr'>οὔτε</span> <span class='ocrx_word' id='word_1_621' title='bbox 2049 2538 2098 2590; x_wconf 86' lang='grc' dir='ltr'>μὴ</span> <span class='ocrx_word' id='word_1_622' title='bbox 2112 2536 2332 2591; x_wconf 75' lang='grc' dir='ltr'>ὀρθῶς-ἀεὶ</span> <span class='ocrx_word' id='word_1_623' title='bbox 2344 2536 2453 2576; x_wconf 85' lang='lat' dir='ltr'><strong>edidi</strong></span> 
     </span>
     <span class='ocr_line' id='line_1_96' title="bbox 1475 2597 2452 2651; baseline 0.001 -17"><span class='ocrx_word' id='word_1_624' title='bbox 1475 2597 2264 2651; x_wconf 75' lang='grc' dir='ltr'>ἀφανέα-φύσι-ἑωυτῶν-διαπρήσσεται</span> <span class='ocrx_word' id='word_1_625' title='bbox 2283 2599 2350 2650; x_wconf 79' lang='grc' dir='ltr'>οὐχ</span> <span class='ocrx_word' id='word_1_626' title='bbox 2364 2599 2452 2648; x_wconf 70' lang='grc' dir='ltr'>ὀμο-</span> 
     </span>
    </p>
   </div>
   <div class='ocr_carea' id='block_1_25' title="bbox 284 2769 2457 3472">
    <p class='ocr_par' dir='ltr' id='par_1_32' title="bbox 284 2769 2457 3472">
     <span class='ocr_line' id='line_1_97' title="bbox 1395 2769 2452 2822; baseline 0 -10"><span class='ocrx_word' id='word_1_627' title='bbox 1395 2781 1481 2813; x_wconf 84' lang='lat' dir='ltr'><strong>‹iant</strong></span> <span class='ocrx_word' id='word_1_628' title='bbox 1493 2781 1737 2822; x_wconf 72' lang='lat' dir='ltr'><strong>nescientesque</strong></span> <span class='ocrx_word' id='word_1_629' title='bbox 1757 2789 1830 2822; x_wconf 83' lang='lat' dir='ltr'><strong>quae</strong></span> <span class='ocrx_word' id='word_1_630' title='bbox 1846 2779 2013 2812; x_wconf 87' lang='lat' dir='ltr'><strong>imitentur</strong></span> <span class='ocrx_word' id='word_1_631' title='bbox 2031 2779 2177 2821; x_wconf 86' lang='lat' dir='ltr'><strong>ipsorum</strong></span> <span class='ocrx_word' id='word_1_632' title='bbox 2196 2786 2294 2820; x_wconf 86' lang='lat' dir='ltr'><strong>opera</strong></span> <span class='ocrx_word' id='word_1_633' title='bbox 2317 2769 2452 2812; x_wconf 76' lang='lat' dir='ltr'><strong>imitari.</strong></span> 
     </span>
     <span class='ocr_line' id='line_1_98' title="bbox 1393 2837 2453 2882; baseline -0.001 -10"><span class='ocrx_word' id='word_1_634' title='bbox 1393 2839 1523 2882; x_wconf 85' lang='lat' dir='ltr'><strong>Quippe</strong></span> <span class='ocrx_word' id='word_1_635' title='bbox 1537 2840 1581 2872; x_wconf 84' lang='lat' dir='ltr'>ita</span> <span class='ocrx_word' id='word_1_636' title='bbox 1600 2839 1647 2880; x_wconf 82' lang='lat' dir='ltr'><strong>fit,</strong></span> <span class='ocrx_word' id='word_1_637' title='bbox 1663 2841 1700 2872; x_wconf 87' lang='lat' dir='ltr'>ut</span> <span class='ocrx_word' id='word_1_638' title='bbox 1715 2839 1824 2871; x_wconf 88' lang='lat' dir='ltr'><strong>omnia</strong></span> <span class='ocrx_word' id='word_1_639' title='bbox 1841 2839 1959 2872; x_wconf 75' lang='lat' dir='ltr'><strong>similia</strong></span> <span class='ocrx_word' id='word_1_640' title='bbox 1983 2839 2048 2871; x_wconf 83' lang='lat' dir='ltr'><strong>sint</strong></span> <span class='ocrx_word' id='word_1_641' title='bbox 2069 2847 2142 2879; x_wconf 86' lang='lat' dir='ltr'><strong>quae</strong></span> <span class='ocrx_word' id='word_1_642' title='bbox 2158 2837 2330 2870; x_wconf 75' lang='lat' dir='ltr'><strong>dissimitia</strong></span> <span class='ocrx_word' id='word_1_643' title='bbox 2353 2838 2430 2871; x_wconf 80' lang='lat' dir='ltr'><strong>sunt</strong></span> <span class='ocrx_word' id='word_1_644' title='bbox 2442 2860 2453 2878; x_wconf 86' lang='lat'><em>,</em></span> 
     </span>
     <span class='ocr_line' id='line_1_99' title="bbox 319 2892 2456 2941; baseline 0.003 -16"><span class='ocrx_word' id='word_1_645' title='bbox 319 2894 372 2926; x_wconf 71' lang='grc'>94.</span> <span class='ocrx_word' id='word_1_646' title='bbox 396 2893 478 2930; x_wconf 86' lang='lat' dir='ltr'><strong>Quae</strong></span> <span class='ocrx_word' id='word_1_647' title='bbox 510 2892 674 2934; x_wconf 80' lang='lat' dir='ltr'><strong>videntur,</strong></span> <span class='ocrx_word' id='word_1_648' title='bbox 700 2893 877 2926; x_wconf 88' lang='lat' dir='ltr'><strong>audiuntur</strong></span> <span class='ocrx_word' id='word_1_649' title='bbox 901 2895 935 2927; x_wconf 90' lang='lat' dir='ltr'>et</span> <span class='ocrx_word' id='word_1_650' title='bbox 967 2894 1150 2936; x_wconf 84' lang='lat' dir='ltr'><strong>discuntur,</strong></span> <span class='ocrx_word' id='word_1_651' title='bbox 1179 2897 1249 2930; x_wconf 84' lang='lat' dir='ltr'>haec</span> <span class='ocrx_word' id='word_1_652' title='bbox 1271 2905 1330 2938; x_wconf 81' lang='lat' dir='ltr'>ego</span> <span class='ocrx_word' id='word_1_653' title='bbox 1391 2901 1424 2932; x_wconf 86' lang='lat' dir='ltr'>et</span> <span class='ocrx_word' id='word_1_654' title='bbox 1451 2899 1665 2941; x_wconf 74' lang='lat' dir='ltr'><strong>congruentia</strong></span> <span class='ocrx_word' id='word_1_655' title='bbox 1692 2898 1801 2931; x_wconf 88' lang='lat' dir='ltr'><strong>omnia</strong></span> <span class='ocrx_word' id='word_1_656' title='bbox 1828 2907 1902 2940; x_wconf 81' lang='lat' dir='ltr'><strong>quae</strong></span> <span class='ocrx_word' id='word_1_657' title='bbox 1934 2897 2062 2930; x_wconf 78' lang='lat' dir='ltr'><strong>diversa</strong></span> <span class='ocrx_word' id='word_1_658' title='bbox 2096 2899 2191 2936; x_wconf 83' lang='lat' dir='ltr'><strong>sunt,</strong></span> <span class='ocrx_word' id='word_1_659' title='bbox 2222 2899 2255 2929; x_wconf 89' lang='lat' dir='ltr'>et</span> <span class='ocrx_word' id='word_1_660' title='bbox 2289 2895 2456 2938; x_wconf 70' lang='lat' dir='ltr'><strong>loquenti·</strong></span> 
     </span>
     <span class='ocr_line' id='line_1_100' title="bbox 1394 2955 2455 3000; baseline -0.001 -10"><span class='ocrx_word' id='word_1_661' title='bbox 1394 2967 1459 2990; x_wconf 88' lang='lat' dir='ltr'>non</span> <span class='ocrx_word' id='word_1_662' title='bbox 1487 2958 1651 3000; x_wconf 79' lang='lat' dir='ltr'><strong>loquentia</strong></span> <span class='ocrx_word' id='word_1_663' title='bbox 1673 2958 1706 2990; x_wconf 83' lang='lat' dir='ltr'>et</span> <span class='ocrx_word' id='word_1_664' title='bbox 1741 2957 1864 2990; x_wconf 87' lang='lat' dir='ltr'><strong>ratione</strong></span> <span class='ocrx_word' id='word_1_665' title='bbox 1892 2956 2015 2990; x_wconf 89' lang='lat' dir='ltr'><strong>utentia</strong></span> <span class='ocrx_word' id='word_1_666' title='bbox 2039 2955 2172 2988; x_wconf 81' lang='lat' dir='ltr'><strong>rationis</strong></span> <span class='ocrx_word' id='word_1_667' title='bbox 2203 2955 2361 2997; x_wconf 76' lang='lat' dir='ltr'><strong>expertia.</strong></span> <span class='ocrx_word' id='word_1_668' title='bbox 2390 2955 2455 2989; x_wconf 78' lang='lat' dir='ltr'>Sed</span> 
     </span>
     <span class='ocr_line' id='line_1_101' title="bbox 1395 3014 2454 3059; baseline -0.002 -9"><span class='ocrx_word' id='word_1_669' title='bbox 1395 3026 1492 3050; x_wconf 82' lang='lat' dir='ltr'><strong>suum</strong></span> <span class='ocrx_word' id='word_1_670' title='bbox 1514 3017 1673 3059; x_wconf 78' lang='lat' dir='ltr'><strong>quusque</strong></span> <span class='ocrx_word' id='word_1_671' title='bbox 1694 3016 1859 3058; x_wconf 85' lang='lat' dir='ltr'><strong>ingenium</strong></span> <span class='ocrx_word' id='word_1_672' title='bbox 1874 3015 1961 3057; x_wconf 86' lang='lat' dir='ltr'><strong>quod</strong></span> <span class='ocrx_word' id='word_1_673' title='bbox 1988 3016 2020 3048; x_wconf 87' lang='lat' dir='ltr'>in</span> <span class='ocrx_word' id='word_1_674' title='bbox 2037 3015 2184 3047; x_wconf 74' lang='lat' dir='ltr'><strong>confesso</strong></span> <span class='ocrx_word' id='word_1_675' title='bbox 2201 3016 2250 3048; x_wconf 82' lang='lat' dir='ltr'>est</span> <span class='ocrx_word' id='word_1_676' title='bbox 2270 3014 2454 3057; x_wconf 78' lang='lat' dir='ltr'><strong>aliquantu·</strong></span> 
     </span>
     <span class='ocr_line' id='line_1_102' title="bbox 1395 3077 2454 3118; baseline -0.001 -7"><span class='ocrx_word' id='word_1_677' title='bbox 1395 3080 1464 3112; x_wconf 87' lang='lat' dir='ltr'>ium</span> <span class='ocrx_word' id='word_1_678' title='bbox 1485 3078 1687 3112; x_wconf 80' lang='lat' dir='ltr'><strong>adversatur.</strong></span> <span class='ocrx_word' id='word_1_679' title='bbox 1708 3080 1778 3112; x_wconf 86' lang='lat' dir='ltr'>Lex</span> <span class='ocrx_word' id='word_1_680' title='bbox 1795 3078 1881 3111; x_wconf 87' lang='lat' dir='ltr'><strong>enim</strong></span> <span class='ocrx_word' id='word_1_681' title='bbox 1895 3081 1929 3111; x_wconf 91' lang='lat' dir='ltr'>et</span> <span class='ocrx_word' id='word_1_682' title='bbox 1946 3080 2062 3110; x_wconf 82' lang='lat' dir='ltr'><strong>natura</strong></span> <span class='ocrx_word' id='word_1_683' title='bbox 2078 3077 2199 3118; x_wconf 88' lang='lat' dir='ltr'><strong>quibus</strong></span> <span class='ocrx_word' id='word_1_684' title='bbox 2214 3077 2368 3110; x_wconf 76' lang='lat' dir='ltr'><strong>universa</strong></span> <span class='ocrx_word' id='word_1_685' title='bbox 2379 3086 2454 3110; x_wconf 81' lang='lat' dir='ltr'><strong>oon·</strong></span> 
     </span>
     <span class='ocr_line' id='line_1_103' title="bbox 1395 3135 2452 3178; baseline 0.002 -9"><span class='ocrx_word' id='word_1_686' title='bbox 1395 3136 1550 3169; x_wconf 80' lang='lat' dir='ltr'><strong>ficiuntur</strong></span> <span class='ocrx_word' id='word_1_687' title='bbox 1569 3136 1611 3169; x_wconf 87' lang='lat' dir='ltr'>de</span> <span class='ocrx_word' id='word_1_688' title='bbox 1638 3136 1688 3169; x_wconf 85' lang='lat' dir='ltr'>his</span> <span class='ocrx_word' id='word_1_689' title='bbox 1711 3144 1787 3178; x_wconf 80' lang='lat' dir='ltr'><strong>quae</strong></span> <span class='ocrx_word' id='word_1_690' title='bbox 1809 3136 1843 3169; x_wconf 92' lang='lat' dir='ltr'>in</span> <span class='ocrx_word' id='word_1_691' title='bbox 1858 3135 2008 3169; x_wconf 82' lang='lat' dir='ltr'><strong>confesso</strong></span> <span class='ocrx_word' id='word_1_692' title='bbox 2030 3138 2109 3169; x_wconf 83' lang='lat' dir='ltr'><strong>sunt</strong></span> <span class='ocrx_word' id='word_1_693' title='bbox 2142 3145 2208 3169; x_wconf 93' lang='lat' dir='ltr'>non</span> <span class='ocrx_word' id='word_1_694' title='bbox 2233 3137 2452 3171; x_wconf 74' lang='lat' dir='ltr'><strong>consentiunt.</strong></span> 
     </span>
     <span class='ocr_line' id='line_1_104' title="bbox 1395 3194 2452 3244; baseline 0 -17"><span class='ocrx_word' id='word_1_695' title='bbox 1395 3196 1523 3229; x_wconf 85' lang='lat' dir='ltr'><strong>Etenim</strong></span> <span class='ocrx_word' id='word_1_696' title='bbox 1543 3195 1644 3238; x_wconf 84' lang='lat' dir='ltr'><strong>legem</strong></span> <span class='ocrx_word' id='word_1_697' title='bbox 1659 3194 1794 3237; x_wconf 85' lang='lat' dir='ltr'><strong>sibiipsi</strong></span> <span class='ocrx_word' id='word_1_698' title='bbox 1813 3194 1962 3228; x_wconf 85' lang='lat' dir='ltr'><strong>homines</strong></span> <span class='ocrx_word' id='word_1_699' title='bbox 1981 3196 2179 3244; x_wconf 70' lang='lat' dir='ltr'><strong>statuerunt,</strong></span> <span class='ocrx_word' id='word_1_700' title='bbox 2208 3195 2392 3237; x_wconf 80' lang='lat' dir='ltr'><strong>ignorantes</strong></span> <span class='ocrx_word' id='word_1_701' title='bbox 2410 3195 2452 3228; x_wconf 84' lang='lat' dir='ltr'>de</span> 
     </span>
     <span class='ocr_line' id='line_1_105' title="bbox 1396 3253 2455 3296; baseline 0 -10"><span class='ocrx_word' id='word_1_702' title='bbox 1396 3254 1514 3296; x_wconf 85' lang='lat' dir='ltr'><strong>quibus</strong></span> <span class='ocrx_word' id='word_1_703' title='bbox 1528 3256 1719 3288; x_wconf 81' lang='lat' dir='ltr'><strong>statuerent.</strong></span> <span class='ocrx_word' id='word_1_704' title='bbox 1763 3255 1919 3287; x_wconf 82' lang='lat' dir='ltr'><strong>Naturam</strong></span> <span class='ocrx_word' id='word_1_705' title='bbox 1939 3262 2016 3286; x_wconf 86' lang='lat' dir='ltr'><strong>vero</strong></span> <span class='ocrx_word' id='word_1_706' title='bbox 2032 3253 2075 3286; x_wconf 90' lang='lat' dir='ltr'>dii</span> <span class='ocrx_word' id='word_1_707' title='bbox 2099 3263 2214 3288; x_wconf 81' lang='lat' dir='ltr'><strong>omnes</strong></span> <span class='ocrx_word' id='word_1_708' title='bbox 2234 3258 2324 3288; x_wconf 82' lang='lat' dir='ltr'><strong>certo</strong></span> <span class='ocrx_word' id='word_1_709' title='bbox 2339 3254 2455 3288; x_wconf 84' lang='lat' dir='ltr'><strong>ordine</strong></span> 
     </span>
     <span class='ocr_line' id='line_1_106' title="bbox 1395 3311 2455 3354; baseline -0.001 -9"><span class='ocrx_word' id='word_1_710' title='bbox 1395 3314 1645 3346; x_wconf 83' lang='lat' dir='ltr'><strong>constituerunt.</strong></span> <span class='ocrx_word' id='word_1_711' title='bbox 1680 3314 1763 3351; x_wconf 83' lang='lat' dir='ltr'><strong>Quoe</strong></span> <span class='ocrx_word' id='word_1_712' title='bbox 1781 3311 1878 3353; x_wconf 86' lang='lat' dir='ltr'><strong>igitur</strong></span> <span class='ocrx_word' id='word_1_713' title='bbox 1899 3311 2047 3344; x_wconf 86' lang='lat' dir='ltr'><strong>homines</strong></span> <span class='ocrx_word' id='word_1_714' title='bbox 2063 3313 2267 3354; x_wconf 86' lang='lat' dir='ltr'><strong>statuerunt,</strong></span> <span class='ocrx_word' id='word_1_715' title='bbox 2297 3320 2336 3345; x_wconf 75' lang='lat' dir='ltr'>ea</span> <span class='ocrx_word' id='word_1_716' title='bbox 2367 3320 2455 3344; x_wconf 87' lang='lat' dir='ltr'><strong>nun·</strong></span> 
     </span>
     <span class='ocr_line' id='line_1_107' title="bbox 1396 3370 2457 3413; baseline 0 -8"><span class='ocrx_word' id='word_1_717' title='bbox 1396 3380 1495 3413; x_wconf 86' lang='lat' dir='ltr'><strong>quam</strong></span> <span class='ocrx_word' id='word_1_718' title='bbox 1517 3372 1631 3405; x_wconf 88' lang='lat' dir='ltr'><strong>eodem</strong></span> <span class='ocrx_word' id='word_1_719' title='bbox 1658 3371 1755 3404; x_wconf 80' lang='lat' dir='ltr'><strong>modo</strong></span> <span class='ocrx_word' id='word_1_720' title='bbox 1781 3379 1816 3404; x_wconf 89' lang='lat' dir='ltr'>se</span> <span class='ocrx_word' id='word_1_721' title='bbox 1840 3370 1971 3411; x_wconf 86' lang='lat' dir='ltr'><strong>habent,</strong></span> <span class='ocrx_word' id='word_1_722' title='bbox 1999 3371 2069 3403; x_wconf 87' lang='lat' dir='ltr'><strong>sive</strong></span> <span class='ocrx_word' id='word_1_723' title='bbox 2090 3374 2178 3405; x_wconf 78' lang='lat' dir='ltr'><strong>recta</strong></span> <span class='ocrx_word' id='word_1_724' title='bbox 2193 3372 2263 3405; x_wconf 79' lang='lat' dir='ltr'><strong>sive</strong></span> <span class='ocrx_word' id='word_1_725' title='bbox 2282 3380 2347 3405; x_wconf 88' lang='lat' dir='ltr'>non</span> <span class='ocrx_word' id='word_1_726' title='bbox 2367 3371 2457 3405; x_wconf 67' lang='lat' dir='ltr'><strong>rech</strong></span> 
     </span>
     <span class='ocr_line' id='line_1_108' title="bbox 284 3424 2456 3472; baseline 0.004 -17"><span class='ocrx_word' id='word_1_727' title='bbox 284 3426 354 3456; x_wconf 85' lang='lat' dir='ltr'><strong>unt.</strong></span> <span class='ocrx_word' id='word_1_728' title='bbox 372 3425 524 3465; x_wconf 85' lang='lat' dir='ltr'><strong>Namque</strong></span> <span class='ocrx_word' id='word_1_729' title='bbox 547 3424 673 3458; x_wconf 83' lang='lat' dir='ltr'><strong>artibus</strong></span> <span class='ocrx_word' id='word_1_730' title='bbox 698 3425 850 3459; x_wconf 77' lang='lat' dir='ltr'><strong>humanm</strong></span> <span class='ocrx_word' id='word_1_731' title='bbox 872 3427 996 3459; x_wconf 83' lang='lat' dir='ltr'><strong>naturae</strong></span> <span class='ocrx_word' id='word_1_732' title='bbox 1019 3428 1285 3462; x_wconf 80' lang='lat' dir='ltr'><strong>convenientibus</strong></span> <span class='ocrx_word' id='word_1_733' title='bbox 1302 3439 1337 3463; x_wconf 93' lang='lat' dir='ltr'>se</span> <span class='ocrx_word' id='word_1_734' title='bbox 1396 3434 1484 3465; x_wconf 76' lang='lat' dir='ltr'><strong>sunt.</strong></span> <span class='ocrx_word' id='word_1_735' title='bbox 1502 3433 1585 3470; x_wconf 72' lang='lat' dir='ltr'>Qua</span> <span class='ocrx_word' id='word_1_736' title='bbox 1602 3439 1680 3464; x_wconf 87' lang='lat' dir='ltr'><strong>vero</strong></span> <span class='ocrx_word' id='word_1_737' title='bbox 1695 3430 1739 3462; x_wconf 86' lang='lat' dir='ltr'>dii</span> <span class='ocrx_word' id='word_1_738' title='bbox 1750 3431 1946 3471; x_wconf 84' lang='lat' dir='ltr'><strong>statuerunt,</strong></span> <span class='ocrx_word' id='word_1_739' title='bbox 1963 3439 2002 3462; x_wconf 84' lang='lat' dir='ltr'>ea</span> <span class='ocrx_word' id='word_1_740' title='bbox 2021 3439 2149 3472; x_wconf 85' lang='lat' dir='ltr'><strong>semper</strong></span> <span class='ocrx_word' id='word_1_741' title='bbox 2165 3432 2252 3464; x_wconf 86' lang='lat' dir='ltr'><strong>recte</strong></span> <span class='ocrx_word' id='word_1_742' title='bbox 2267 3439 2302 3464; x_wconf 71' lang='lat' dir='ltr'>ne</span> <span class='ocrx_word' id='word_1_743' title='bbox 2321 3429 2456 3464; x_wconf 62' lang='lat' dir='ltr'><strong>trahent.</strong></span> 
     </span>
    </p>
   </div>
   <div class='ocr_carea' id='block_1_26' title="bbox 1399 3491 2296 3533">
    <p class='ocr_par' dir='ltr' id='par_1_33' title="bbox 1399 3491 2296 3533">
     <span class='ocr_line' id='line_1_109' title="bbox 1399 3491 2296 3533; baseline 0 -9"><span class='ocrx_word' id='word_1_744' title='bbox 1399 3491 1506 3533; x_wconf 81' lang='lat' dir='ltr'><strong>Atque</strong></span> <span class='ocrx_word' id='word_1_745' title='bbox 1528 3493 1615 3524; x_wconf 85' lang='lat' dir='ltr'><strong>recta</strong></span> <span class='ocrx_word' id='word_1_746' title='bbox 1631 3491 1665 3525; x_wconf 87' lang='lat' dir='ltr'>et</span> <span class='ocrx_word' id='word_1_747' title='bbox 1682 3499 1746 3523; x_wconf 90' lang='lat' dir='ltr'>non</span> <span class='ocrx_word' id='word_1_748' title='bbox 1762 3491 1850 3523; x_wconf 83' lang='lat' dir='ltr'><strong>recta</strong></span> <span class='ocrx_word' id='word_1_749' title='bbox 1866 3491 1991 3523; x_wconf 84' lang='lat' dir='ltr'><strong>tantum</strong></span> <span class='ocrx_word' id='word_1_750' title='bbox 2009 3491 2092 3523; x_wconf 72' lang='lat' dir='ltr'><strong>inter</strong></span> <span class='ocrx_word' id='word_1_751' title='bbox 2111 3499 2146 3523; x_wconf 85' lang='lat' dir='ltr'>se</span> <span class='ocrx_word' id='word_1_752' title='bbox 2165 3491 2296 3524; x_wconf 78' lang='lat' dir='ltr'><strong>distant-</strong></span> 
     </span>
    </p>
   </div>
   <div class='ocr_carea' id='block_1_27' title="bbox 2556 0 2612 894">
    <p class='ocr_par' dir='ltr' id='par_1_34' title="bbox 2556 0 2612 894">
     <span class='ocr_line' id='line_1_110' title="bbox 2556 0 2612 894; baseline 0 0"><span class='ocrx_word' id='word_1_753' title='bbox 2556 0 2612 894; x_wconf 95' lang='lat' dir='ltr'> </span> 
     </span>
    </p>
   </div>
   <div class='ocr_carea' id='block_1_28' title="bbox 2590 872 2612 1396">
    <p class='ocr_par' dir='ltr' id='par_1_35' title="bbox 2590 872 2612 1396">
     <span class='ocr_line' id='line_1_111' title="bbox 2594 872 2603 908; baseline 0 0"><span class='ocrx_word' id='word_1_754' title='bbox 2594 872 2603 908; x_wconf 64' lang='lat'><em>3</em></span> 
     </span>
     <span class='ocr_line' id='line_1_112' title="bbox 2591 914 2605 961; baseline 0 -5"><span class='ocrx_word' id='word_1_755' title='bbox 2591 914 2605 961; x_wconf 64' lang='lat' dir='ltr'>,i</span> 
     </span>
     <span class='ocr_line' id='line_1_113' title="bbox 2594 961 2607 1015; baseline 0 0"><span class='ocrx_word' id='word_1_756' title='bbox 2594 961 2607 1015; x_wconf 61' lang='grc' dir='ltr'>Ξ</span> 
     </span>
     <span class='ocr_line' id='line_1_114' title="bbox 2590 1021 2609 1050; baseline 0 0"><span class='ocrx_word' id='word_1_757' title='bbox 2590 1021 2609 1050; x_wconf 60' lang='lat'>³23</span> 
     </span>
     <span class='ocr_line' id='line_1_115' title="bbox 2596 1049 2609 1094; baseline 0 -15"><span class='ocrx_word' id='word_1_758' title='bbox 2596 1049 2609 1094; x_wconf 59' lang='grc' dir='ltr'>ἐς</span> 
     </span>
     <span class='ocr_line' id='line_1_116' title="bbox 2595 1098 2609 1131; baseline 0 0"><span class='ocrx_word' id='word_1_759' title='bbox 2595 1098 2609 1131; x_wconf 72' lang='lat'>5³</span> 
     </span>
     <span class='ocr_line' id='line_1_117' title="bbox 2594 1119 2611 1176; baseline 0 0"><span class='ocrx_word' id='word_1_760' title='bbox 2594 1119 2611 1176; x_wconf 61' lang='grc' dir='ltr'>’Ξ</span> 
     </span>
     <span class='ocr_line' id='line_1_118' title="bbox 2592 1177 2612 1289; baseline 0 0"><span class='ocrx_word' id='word_1_761' title='bbox 2592 1177 2612 1289; x_wconf 91' lang='grc' dir='ltr'>Ξ</span> 
     </span>
     <span class='ocr_line' id='line_1_119' title="bbox 2602 1377 2612 1396; baseline 0 0"><span class='ocrx_word' id='word_1_762' title='bbox 2602 1377 2612 1396; x_wconf 65' lang='grc' dir='ltr'>ει</span> 
     </span>
    </p>
   </div>
  </div>
 </body>
</html>
