2612 3814
1101 296 1509 338 SIMILITUDINES.

244 400 272 427 7.
302 384 523 440 Ὀμορόφους
534 383 716 439 χελιδόνας
732 382 782 436 μὴ
798 383 892 437 ἔχειν
908 384 931 433 ἢ
948 382 1113 437 χελιδόνα
1131 385 1166 424 ἐν
1181 385 1275 438 οἰκίᾳ

299 444 348 495 μὴ
369 444 388 483 ἔ
404 460 477 498 ειν.

297 461 470 543 Τουτὶέστι
488 502 595 542 λάλον
618 502 678 541 καὶ
706 501 849 556 ψίθυρον
876 502 937 542 καὶ
959 503 1190 556 πρόγλωσσον
1211 503 1276 542 ἄν·

297 567 449 617 θρωπον,
473 562 523 614 μὴ
555 562 747 614 δυνάμενον
767 561 918 614 στέγειν,
942 556 990 602 ὧν
1012 562 1055 601 ἂν
1088 566 1275 615 μετάσχῃ,

298 622 348 674 μὴ
370 622 549 675 δέχεσθαι.

354 682 548 734 (Clemens
594 682 887 722 Alexandrinus
923 683 1109 721 Sti-omat.
1140 681 1211 720 lib.
1244 681 1275 719 V

296 756 337 794 p.
351 743 443 793 2393
461 743 510 782 cf.
523 742 724 782 Plutarch.
740 742 923 794 Sympos.
941 741 1115 782 lib.VIIl
1133 755 1219 792 cap.
1235 755 1274 790 73

295 801 541 841 Jamblichus
559 802 662 841 Adh.
685 801 733 840 ad
750 802 899 854 philos.
919 815 1004 853 cap.
1025 803 1107 852 21.)

242 874 271 901 8.
339 865 383 914 sp
406 860 569 915 μαχαίρᾳ
591 861 640 912 μὴ
663 860 860 901 σκαλεύειν.

297 920 388 960 Ἀντὶ
409 927 468 961 τοῦ
491 921 541 971 μὴ
561 921 723 975 ἐρεθίζειν
744 920 959 972 θυμούμενον
982 921 1034 972 (οὗ
1054 919 1122 973 γὰρ
1140 919 1274 973 προσή-

295 980 363 1034 κει)
386 982 464 1020 ἀλλ’
485 981 640 1021 ὑπείκειν
660 986 730 1025 τοῖς
749 980 996 1033 ὀργιζομένοις.

324 1039 572 1090 (Plutarchus
601 1040 650 1079 de
677 1040 790 1079 educ.
816 1039 888 1079 lib.
919 1053 952 1078 c.
988 1053 1047 1087 17,
1069 1047 1165 1078 tom.
1186 1038 1273 1078 VH.

296 1113 338 1151 p.
359 1105 409 1148 47
427 1101 488 1140 ed.
508 1100 674 1148 Hutten3
691 1100 740 1139 ef.
759 1099 966 1138 Athenaeus
982 1098 1053 1138 lib.
1070 1097 1103 1135 X
1120 1112 1162 1149 p.
1183 1099 1274 1143 452.

297 1159 347 1206 D;
384 1159 581 1198 Lucianus
615 1173 700 1198 ver.
730 1159 821 1197 hist.
863 1172 904 1210 p.
945 1158 1035 1208 ¹573
1064 1157 1207 1196 Suidas
1236 1171 1275 1198 v.

298 1219 589 1257 Anaximander
602 1218 729 1257 Miles.
745 1219 836 1270 jun3
849 1216 1096 1256 lamblichus
1108 1217 1274 1256 Adhort.

298 1277 346 1316 ad
363 1277 462 1329 phil.
483 1290 568 1329 cap.
591 1277 669 1328 21.)

242 1352 272 1378 9.
303 1337 422 1376 Σιτίον
444 1338 492 1382 εἷς
510 1336 620 1387 ἀμίδα
643 1335 692 1388 μὴ
710 1334 918 1387 ἐμὸάλλειν.

290 1395 543 1446 Ἔπισημαίνει
563 1396 654 1450 γάρ,
677 1395 729 1435 ὅτι
749 1396 797 1440 εἷς
815 1394 972 1446 πονηρὰν
990 1395 1109 1448 ψυχὴν
1138 1398 1275 1435 ἀστεῖον

297 1454 400 1506 λόγον
421 1455 612 1506 ἐμὸάλλειν
635 1456 674 1494 οὔ
699 1454 887 1508 προσήκει.

296 1591 388 1615 ποιει
407 1577 478 1615 τῶν
497 1575 706 1628 ἀνθρώπων.

352 1635 600 1688 (Plutarchus
630 1635 678 1675 de
706 1636 819 1675 educ.
847 1633 919 1672 lib.
949 1648 983 1672 c.
1013 1648 1073 1683 17,
1091 1642 1184 1673 tom.
1204 1633 1274 1672 Vll

298 1710 339 1748 p.
363 1697 413 1741 48
434 1696 498 1735 ed.
519 1696 693 1747 Hutten.)

215 1770 262 1796 ιο.
296 1756 372 1804 Τῆς
401 1754 535 1808 χύτρας
563 1754 725 1807 ἀρθείσης
753 1752 825 1792 ἀπὸ
854 1756 914 1792 τοῦ
943 1753 1069 1805 πυρός,
1089 1753 1147 1792 τὸν
1177 1754 1212 1792 ἓν
1233 1757 1276 1807 τῇ

298 1814 419 1867 σποδῷ
439 1813 548 1852 τύπον
570 1813 620 1864 μὴ
637 1813 842 1860 ἀπολιπεῖν,
863 1811 954 1851 ἀλλὰ
971 1805 1126 1865 συγχεῖν.
1148 1811 1190 1860 ἤ·
1213 1812 1276 1865 χύ-

295 1890 380 1928 τρας
397 1872 494 1927 ἴχνος
511 1878 654 1926 συγχεῖν
672 1874 707 1911 ἐν
726 1875 770 1925 τῇ
790 1871 913 1924 τέφρᾳ.

297 1938 351 1975 Οὐ
373 1934 434 1973 τὸν
453 1932 561 1972 τύπον
582 1933 763 1986 ἀφανίζειν
780 1931 885 1984 μόνον
908 1932 976 1970 δεῖν
990 1931 1168 1984 ᾐνίττετο,
1184 1930 1274 1970 ἀλλὰ

295 1993 386 2046 μηδὲ
417 1994 524 2046 ὀργῆς
554 1991 650 2045 ἴχνος
678 1993 879 2031 ἀπολιπεῖν·
903 1990 989 2030 ἐπὰν
1009 1990 1046 2029 δὲ
1066 1990 1275 2036 ’ἀναζέσασα

294 2053 497 2101 παύσηται,
517 2052 752 2091 καθίστασθαι
771 2049 880 2098 αὐτὴν
901 2049 962 2089 καὶ
986 2056 1104 2088 πᾶσαν
1130 2050 1274 2089 ἀπαλεί-

295 2128 370 2165 φειν
393 2111 646 2163 μνησικακίαν.

349 2173 541 2226 (Clemens
600 2171 889 2210 Alexandrinus
933 2170 1080 2208 Strom.
1130 2168 1200 2206 lib.
1243 2168 1274 2205 V

292 2247 330 2285 p.
367 2234 460 2283 239.
495 2231 552 2270 Cf.
581 2231 827 2270 ,lamblichus
857 2230 1020 2269 Adhort.
1052 2228 1100 2267 ad
1127 2229 1271 2280 philos.

293 2306 376 2345 cap.
395 2293 472 2344 21.)

212 2367 258 2392 11.
288 2354 351 2396 Εἷς
369 2352 460 2405 ἱερὸν
481 2350 596 2391 ἀπιὼν
613 2353 878 2403 προσκυνῆσαι,
899 2348 1009 2401 μηδὲν
1030 2349 1117 2388 ἄλλο
1143 2347 1272 2399 μεταξὺ

297 2411 462 2465 βιωτικὸν
483 2411 573 2462 μήτε
595 2410 675 2462 λέγε
695 2410 786 2462 μήτε
805 2416 956 2464 πρᾶττε.

348 2470 608 2522 (Jamblichus
627 2470 790 2509 Adhort.
807 2469 855 2508 ad
871 2469 1017 2520 philos.
1036 2481 1119 2520 cap.
1135 2467 1216 2519 21.)

215 2541 259 2567 12.
291 2528 399 2568 Ὁδοῧ
434 2528 608 2581 πάρεργον
640 2526 719 2566 οὔτε
762 2526 952 2575 εἰσιτητέον
987 2528 1034 2570 εἷς
1070 2525 1161 2579 ἱερὸν
1193 2524 1271 2563 οὔτε

254 2701 285 2731 7.
311 2697 505 2730 Hirundines
523 2696 584 2728 sub
602 2694 715 2728 eodem
733 2695 818 2727 tecto
836 2702 876 2726 ne
897 2693 1036 2733 habeaS,
1057 2692 1107 2725 vel
1126 2705 1134 2725 ε
1150 2693 1271 2724 Hirun-

211 2757 320 2789 dinem
337 2755 424 2788 domi
444 2763 485 2787 ne
509 2754 638 2787 habeto.

256 2818 327 2849 Hoc
337 2817 399 2855 est,
412 2814 592 2855 loquacem,
605 2820 814 2845 susurronem
825 2811 856 2843 et
867 2810 1031 2851 garrulum
1041 2808 1204 2841 hominem
1216 2808 1270 2850 qui

210 2886 276 2910 non
293 2877 397 2917 potest
408 2875 572 2907 continere
579 2872 720 2916 quaeipsi
728 2873 969 2905 communicata
977 2872 1064 2911 sunt,
1073 2879 1112 2903 ne
1121 2870 1269 2912 recipias.

255 2943 286 2971 8.
311 2939 422 2977 Ignem
437 2935 542 2976 gladio
557 2943 598 2967 ne
612 2933 724 2966 fodias.

253 2999 317 3030 Pro
334 3005 372 3029 eo
388 2994 475 3037 quod
490 2997 563 3035 est,
578 2994 625 3027 ira
642 2991 870 3026 exacerbatum
888 2991 953 3023 noli
970 2990 1129 3023 lacessere
1153 2989 1271 3031 (neque

211 3056 297 3089 enim
316 3054 441 3096 decet),
458 3054 513 3087 sed
528 3053 617 3086 iratis
629 3052 718 3086 cede.

253 3118 287 3148 9.
312 3115 428 3147 Cibum
442 3113 476 3146 in
492 3112 651 3146 matulam
664 3120 704 3144 ne
717 3110 850 3151 injicite.

254 3173 419 3215 Significat
432 3173 518 3206 enim
533 3179 715 3205 sermonem
731 3170 910 3210 elegantem
923 3168 953 3200 in
971 3176 1107 3209 pravum
1125 3167 1269 3199 animum

210 3233 337 3266 demitti
365 3241 428 3265 non
457 3231 582 3264 decere.
609 3232 665 3263 Est
685 3230 770 3263 enim
798 3237 904 3263 sermo
922 3226 1019 3260 animi
1038 3227 1129 3259 cibus
1142 3251 1151 3267 ,
1171 3235 1268 3268 quem

209 3291 317 3324 cibum
333 3290 536 3323 immundum
557 3289 696 3322 humana
713 3288 820 3321 reddit
838 3286 1042 3328 perversitas.

254 3351 304 3383 1o.
327 3346 408 3382 olla*
425 3348 466 3380 ab
491 3348 565 3389 igne
586 3348 708 3381 remota
732 3356 773 3379 ne
794 3346 953 3387 relinquas
979 3345 1050 3385 ejus
1069 3343 1204 3384 figuram
1231 3344 1265 3377 in

210 3409 316 3441 cinere
328 3431 337 3447 ‚
353 3407 408 3440 sed
425 3407 616 3440 confundas.
631 3407 683 3440 vel
703 3418 712 3440 z
730 3406 812 3439 011ae
825 3405 999 3446 vestigium
1016 3403 1048 3436 in
1062 3392 1174 3436 cinere
1186 3411 1266 3436 con-

210 3467 336 3500 fundas.

917 1453 962 1494 ‘O
989 1454 1052 1505 μὲν
1080 1454 1150 1507 γὰρ
1177 1454 1278 1507 λόγος

295 1514 406 1569 τροφὴ
420 1515 574 1559 διανοίας
590 1514 679 1555 ἐστί·
692 1520 812 1555 τοῦτον
828 1515 857 1554 δ’
875 1514 1074 1566 ἀκάθαρτον
1088 1519 1110 1563 ἡ
1125 1515 1276 1567 πονηρία

2314 306 2390 339 505

1419 383 1680 437 προσκυνητέον
1701 384 1928 438 τοπαράπαν,
1950 386 2021 425 οὐδ’
2040 387 2070 425 εἷ
2085 387 2170 440 πρὸς
2185 392 2261 432 ταῖς
2279 386 2397 441 θύραις

1421 445 1543 488 αὐταῖς
1563 442 1702 496 παριὼν
1721 444 1847 496 γένοιο.

1477 503 1736 555 (Jamblichus
1756 504 1920 543 Adhort.
1941 506 1989 544 ad
2006 505 2147 557 philos.
2168 519 2252 558 cap.
2273 506 2354 560 21.)

1343 577 1388 602 13.
1421 562 1653 609 Ἀνυπόδητος
1672 567 1730 602 θῦε
1749 579 1810 602 και
1828 564 2032 618 προσκύνει.

1476 622 1735 674 (Jamblichus
1755 623 1919 662 Adhorn
1942 624 1991 662 ad
2010 623 2156 675 philos.
2174 638 2259 676 cap.
2280 625 2364 676 21.)

1341 694 1388 722 1⁴.
1417 682 1522 725 Τὰς
1512 682 1706 735 Λεωφόρους
1726 681 1823 726 ὁδοὺς
1852 682 2020 722 ἐκκλίνων
2051 683 2109 723 διὰ
2136 688 2205 724 τῶν
2231 687 2397 738 ἀτραπων

1423 739 1556 793 βάδιζε.

1476 799 1738 851 (Jamblichus
1758 801 1918 840 Adhort.
1938 802 1984 840 ad
2001 802 2145 854 philos.
2165 816 2247 854 cap.
2266 804 2343 854 21.)

1341 873 1388 899 15.
1422 859 1594 907 Γλώσσης
1613 861 1682 912 πρὸ
1698 863 1768 899 τῶν
1786 860 1903 899 ἄλλων
1920 861 2043 914 κράτει
2058 864 2147 905 θεοῖς
2166 862 2344 912 ἑπόμενος.

1476 919 1736 968 (Jamblichus
1753 920 1919 960 Adhort.
1943 921 1991 959 ad
2010 921 2153 974 philos.
2175 935 2257 974 cap.
2280 923 2356 969 21.)

1344 994 1387 1020 16.
1419 979 1573 1031 Ἀνέμων
1590 995 1767 1020 πνεοντων
1784 980 1849 1027 τὴν
1868 982 1949 1034 ἠχὼ
1968 990 2172 1034 προσκὺνει.

1468 1036 1733 1092 (samblichus
1764 1040 1928 1080 Adhort.
1956 1041 2003 1079 ad
2032 1041 2180 1093 philos.
2215 1054 2301 1093 cap.
2332 1055 2397 1088 21,

1423 1099 1536 1151 cujus
1566 1101 1649 1138 haec
1677 1109 1734 1139 est
1760 1100 1970 1152 explicatio
1995 1115 2004 1138 :
2034 1100 2095 1139 καὶ
2118 1100 2203 1139 αὐτὸ
2222 1104 2284 1147 τῆς
2307 1101 2399 1146 θείας

1424 1161 1547 1212 σοφίας
1568 1159 1641 1199 ἐστὶ
1661 1160 1865 1213 γνώρισμα’
1886 1158 2078 1199 αἰνίττεται
2093 1159 2182 1213 γάρ,
2200 1161 2246 1205 ὡς
2263 1161 2314 1198 δεῖ
2330 1163 2399 1199 τῶν

1423 1219 1523 1258 θείων
1537 1221 1662 1259 οὐσιῶν
1683 1220 1775 1258 κατὰ
1791 1219 1937 1272 δύναμιν
1954 1219 2018 1267 τὴν
2039 1221 2229 1270 ὁμοιότητα
2246 1222 2399 1272 ἀγαπᾶν,

1422 1278 1482 1316 καὶ
1503 1277 1586 1317 ὅταν
1607 1279 1795 1330 ἐνεργῶσι,
1813 1279 1870 1317 τὸν
1899 1278 2086 1332 σύμφωνον
2113 1278 2198 1331 πρὸς
2223 1278 2284 1322 τὰς
2304 1282 2398 1332 ἐνερ-

1422 1337 1518 1388 γείας
1535 1338 1648 1376 αὐτῶν
1664 1337 1765 1389 λόγον
1787 1338 1878 1388 μετὰ
1895 1337 2051 1388 μεγάλης
2069 1339 2222 1385 σπουδῆς
2236 1344 2343 1389 τιμᾶν
2360 1355 2399 1377 τε

1422 1396 1483 1435 καὶ
1507 1395 1639 1436 σέὸειν.
1661 1397 1711 1435 At
1736 1396 1811 1436 Lil.
1839 1396 2037 1448 Gyraldus
2065 1398 2120 1436 sic
2149 1398 2332 1448 exponit,
2358 1408 2400 1436 ut

1423 1456 1527 1495 dicat
1547 1471 1555 1494 :
1580 1469 1667 1494 cum
1684 1458 1789 1494 venti
1807 1456 1901 1493 flant
1921 1456 1947 1495 i.
1966 1469 1999 1496 e.
2021 1470 2107 1494 cum
2126 1456 2328 1495 turbarum
2345 1459 2399 1495 ci-

1422 1516 1562 1554 vilium
1573 1516 1755 1568 procellae
1764 1516 1971 1563 exsistunt,
1983 1524 2063 1554 tum
2077 1516 2303 1565 fugiendum
2315 1529 2399 1555 esse

1424 1576 1592 1627 sapienti
1613 1574 1770 1614 urbium
1796 1576 2001 1625 strepitum
2022 1584 2059 1613 et
2079 1574 2292 1626 quaerenda
2313 1575 2398 1614 loca

1421 1634 1572 1672 deserta
1591 1647 1634 1672 ac
1658 1634 1854 1681 solitaria,
1876 1633 1946 1673 ubi
1968 1635 2066 1673 nihil
2091 1635 2296 1674 auditurus
2322 1636 2396 1686 sit,

1422 1694 1497 1733 nisi
1514 1694 1611 1733 echo
1625 1724 1634 1742 ‚
1654 1695 1763 1733 vocis
1779 1708 1859 1734 suae
1875 1695 2115 1747 imaginem.)

1341 1768 1384 1795 17.
1415 1754 1539 1800 Ὀξίδα
1558 1754 1628 1793 ἀπὸ
1646 1760 1794 1796 σεαυτοῦ
1811 1756 2008 1810 ἀπόστρεφε
2026 1762 2160 1796 πᾶσαν.

1475 1813 1732 1867 (Jamblichus
1763 1814 1931 1854 Adhort.
1967 1815 2014 1853 ad
2043 1815 2187 1867 philos.
2212 1829 2295 1867 cap.
2329 1829 2394 1862 21,

1421 1875 1489 1926 qui
1510 1883 1670 1913 annotat
1695 1887 1705 1914 :
1733 1877 1835 1913 τοῦτο
1858 1874 2023 1929 φρονήσει
2053 1878 2207 1928 χρῆσθαι
2238 1890 2396 1927 παρακε-

1421 1932 1561 1972 λεύεται
1583 1934 1645 1972 καὶ
1666 1932 1715 1984 μὴ
1738 1935 1854 1987 θυμῷ·
1875 1933 1914 1972 τὸ
1933 1933 1995 1984 μὲν
2017 1933 2085 1986 γὰρ
2105 1933 2163 1979 ὀξὺ
2185 1936 2246 1981 τῆς
2266 1935 2382 1988 ψυχῆς

1420 1992 1507 2046 ὅπερ
1528 1992 1636 2044 θυμὸν
1659 1995 1850 2043 καλοῦμεν,
1873 1992 1975 2044 λόγου
1994 1994 2054 2032 καὶ
2076 1994 2275 2046 φρονήσεως
2290 1993 2396 2032 ἐστέ-

1423 2066 1540 2106 ρηται·
1567 2055 1620 2098 ζεῖ
1636 2052 1704 2104 γὰρ
1724 2056 1741 2092 ὃ
1761 2052 1883 2102 θυμός,
1905 2052 2023 2106 ὥσπερ
2038 2053 2146 2100 λέίῗης
2162 2053 2246 2106 πυρὶ
2263 2052 2393 2092 θαλπό-

1421 2127 1521 2163 μενος
1540 2142 1550 2152 .
1570 2141 1580 2150 .
1602 2143 1610 2153 .
1631 2111 1690 2160 καὶ
1707 2111 1746 2150 τὸ
1763 2112 1870 2156 πάθος
1887 2106 1946 2150 οὖν
1963 2116 2069 2151 τοῦτο
2087 2113 2247 2165 λογισμῷ
2265 2112 2394 2160 πιέζειν

1418 2170 1520 2224 xpri.)

1340 2245 1385 2272 18.
1415 2230 1528 2283 Ἀνδρὶ
1550 2229 1832 2283 ἐπανατιθεμένῳ
1859 2229 1923 2279 μὲν
1942 2230 2081 2284 φορτίον
2102 2228 2313 2284 συνέπαιρε,
2341 2231 2391 2282 μὴ

1421 2288 1650 2341 συγκαθαίρεί
1668 2289 1703 2327 δὲ
1727 2289 1981 2342 ἀποτιθεμένῳ.

1472 2347 1727 2397 (Jamblichus
1763 2349 1928 2389 Adhort.
1961 2348 2010 2387 ad
2041 2349 2184 2400 philos.
2220 2362 2304 2400 cap.
2329 2363 2391 2397 21,

1418 2409 1485 2460 qui
1510 2408 1680 2459 explicat
1698 2423 1706 2446 ε
1730 2407 1779 2458 μὴ
1799 2407 1918 2458 γίγνου
1939 2407 2028 2459 μήτε
2049 2410 2166 2460 σαυτῷ
2185 2407 2274 2458 μήτε
2295 2408 2391 2461 ἄλλῳ

1418 2466 1589 2521 ῥᾳθυμίας
1604 2468 1665 2506 καὶ
1685 2469 1868 2517 μαλθακῆς
1894 2468 2028 2515 διαίτης
2048 2467 2176 2512 αἴτιος·
2197 2467 2293 2521 πόνῳ
2324 2467 2391 2520 γὰρ

1416 2533 1487 2566 πᾶν
1515 2530 1639 2580 χρῆμα
1675 2526 1868 2577 ἁλώσιμον.
1888 2527 2086 2579 Porphyr.
2117 2527 2189 2567 vit.
2222 2527 2388 2578 Pythag.

1332 2692 1504 2732 vestigium
1522 2691 1652 2732 quidem
1670 2690 1726 2722 irae
1745 2690 1991 2731 relinquendum
2011 2699 2091 2722 esse.
2114 2691 2197 2722 Cum
2215 2692 2322 2724 autem
2336 2691 2388 2724 de·

1333 2750 1499 2787 servisset,
1521 2757 1591 2781 eam
1606 2747 1781 2780 sedandam
1798 2749 1895 2789 atque
1908 2756 2039 2781 omnem
2054 2747 2182 2788 injuriae
2199 2750 2387 2782 memoriam

1332 2808 1501 2841 delendam
1518 2816 1600 2840 esse.

1377 2871 1425 2900 11.
1446 2870 1481 2901 ln
1498 2867 1653 2909 temptum
1668 2867 1838 2899 adoratum
1857 2867 1969 2900 abiens
1986 2876 2026 2900 ne
2043 2868 2121 2909 quid
2148 2868 2236 2901 aliud
2255 2869 2387 2909 interea,

1331 2927 1418 2969 quod
1432 2927 1471 2960 ad
1491 2927 1591 2959 vitam
1605 2927 1780 2968 pertineat,
1798 2927 1847 2960 vel
1867 2927 1966 2960 dicito
1983 2928 2033 2960 vel
2052 2928 2157 2960 facito.

1376 2991 1424 3020 12.
1449 2986 1563 3019 Obiter
1597 2994 1703 3026 neque
1735 2985 1978 3027 ingrediendum
2004 2987 2054 3019 est
2077 2986 2256 3027 templum,
2284 2994 2386 3027 neque

1330 3046 1460 3078 omnino
1488 3045 1710 3087 adorandum,
1731 3055 1771 3079 ne
1799 3047 1870 3078 tum
1899 3045 2050 3088 quidem,
2070 3045 2095 3078 si
2125 3045 2164 3076 ad
2193 3045 2276 3086 ipsas
2303 3044 2386 3077 sores

1331 3105 1516 3147 praeteriens
1530 3106 1681 3139 verseris.

1373 3167 1423 3197 13.
1448 3165 1667 3198 Discalceatus
1681 3174 1771 3198 sacra
1787 3165 1882 3197 facito
1901 3166 1933 3197 et
1952 3164 2097 3196 adorato.

1375 3227 1423 3257 14.
1451 3224 1599 3257 publicas
1614 3226 1683 3258 vias
1703 3225 1869 3257 declinans
1888 3233 1944 3265 per
1963 3223 2094 3255 semitas
2111 3222 2297 3263 ingreditor.

1372 3288 1422 3316 15.
1447 3284 1600 3324 Linguam
1617 3288 1691 3316 ante
1706 3284 1815 3316 omnia
1832 3282 1997 3315 continete
2009 3281 2071 3313 diis
2088 3280 2285 3321 obsequens.

1374 3346 1421 3375 16.
1446 3344 1629 3375 Ventorum
1647 3342 1841 3384 spirantium
1858 3349 1975 3374 sonum
1996 3347 2221 3381 repercussum
2237 3337 2381 3370 adorato.

1375 3403 1421 3433 17.
1444 3401 1655 3435 Acetabnlnm
1673 3410 1769 3434 omne
1786 3410 1804 3433 a
1819 3403 1849 3433 te
1867 3399 2017 3432 aver-tito.

1373 3464 1420 3494 18.
1445 3463 1535 3494 Onus
1559 3461 1787 3502 suscipientem
1813 3460 2001 3498 sublevato,
2020 3467 2058 3491 ne
2086 3457 2253 3490 sublevato
2279 3455 2378 3496 dep(-

256 3528 354 3560 Tecte
366 3524 562 3567 significabat
578 3533 641 3561 non
656 3524 753 3557 modo
768 3523 961 3558 abolendam
978 3520 1118 3564 speciem
1131 3545 1140 3562 ,
1155 3520 1210 3553 sed
1225 3529 1266 3553 ne
1326 3523 1467 3552 nentem.
