2612 3814
1053 249 1141 287 DE-
1156 247 1470 287 HERACLITO.

185 345 319 383 Dianae
338 344 480 394 templo
499 342 692 392 deposuit.
715 339 849 377 Variat
872 338 1003 389 operis
1035 337 1144 375 illius
1175 337 1235 374 in⁶

191 403 361 455 scriptio,
376 400 481 452 quod
498 398 676 437 nonnulli
690 396 832 444 Musas,
845 396 1003 448 quidam
1021 396 1069 434 de
1085 404 1235 443 natura,

187 462 378 501 Diodotus
404 467 548 498 certum
581 456 861 495 constituendae
887 456 977 494 vitae
997 455 1238 506 gubernacu-

186 522 265 559 lum
278 549 289 567 ,
302 519 370 557 alii
383 531 534 556 morum
550 517 738 554 rationem
751 515 813 553 vel
829 515 949 553 moris
965 515 1144 553 ordinem
1157 514 1241 552 sive

183 586 456 619 ornamentum
493 576 611 615 unius
646 575 820 614 omnium
858 575 1108 626 inscripsere.
1147 573 1242 612 Inde

186 636 330 688 conjici
344 635 434 674 licet
450 635 686 673 Heraclitum
704 633 803 672 nihil
819 641 960 684 praeter
973 645 1115 671 nomen
1129 644 1241 670 suum

188 697 231 735 in
247 696 371 733 sronte
391 694 607 732 voluminis
627 693 900 745 praeposuisse.
916 692 1125 730 Constabat
1145 691 1244 730 liber

185 769 210 795 e
230 754 358 793 tribus
374 753 568 806 partibus,
587 766 750 805 quarum
765 753 892 804 prima
906 754 1073 804 scriptor
1092 752 1139 789 ‹le
1156 752 1244 789 uni-

190 827 303 854 verso
313 843 324 862 ,
347 815 469 852 altera
482 813 529 851 de
544 812 746 865 republica
756 842 765 859 ‚
779 813 892 850 tertia
906 812 953 849 de
969 811 1085 850 rebus
1098 811 1246 849 divinis

186 874 269 924 egit
290 872 356 924 (9).
375 871 500 922 liujus
516 884 640 923 pauca
657 884 743 921 quae
759 879 910 908 exstant
931 870 1144 919 fragmenta
1160 878 1247 920 post

191 933 311 971 Henr.
345 931 580 982 Stephanum
606 930 646 968 in
678 930 791 967 Poesi
818 929 1116 980 philosophica,
1140 928 1244 967 Frid.

189 990 585 1031 Schleiermacherum
602 989 642 1027 in
655 989 693 1027 F.
704 990 747 1027 Α.
759 988 886 1025 Wolfii
897 997 936 1026 et
945 988 1014 1026 Ph.
1026 988 1247 1025 Buttmanni

193 1051 328 1090 Museo
349 1049 366 1087 l
389 1063 430 1101 p.
455 1049 629 1087 313-533
653 1048 739 1101 (Op.
762 1047 904 1098 philos.
930 1046 966 1084 Il
987 1060 1027 1098 p.
1056 1047 1190 1096 3-146)
1214 1056 1251 1085 et

193 1110 232 1148 J.
251 1108 508 1159 Bet-naysium
530 1108 607 1158 (ιο)
634 1106 733 1146 Mus.
755 1105 929 1143 Rhenan.
948 1104 1047 1143 Nov.
1066 1104 1149 1143 Ser.
1162 1105 1247 1153 Vll,

193 1183 233 1220 p.
256 1167 428 1219 90—1163
451 1165 519 1212 lx,
547 1179 587 1217 p.
619 1165 811 1215 πίῃ-269,
846 1164 1045 1213 recognita
1073 1172 1111 1202 et
1141 1174 1252 1202 aucta

195 1227 302 1266 infra
323 1224 517 1263 exhibebo
538 1233 653 1274 atque
673 1222 973 1274 interpretabor.

250 1283 469 1322 Heraclitus
488 1295 511 1320 a
526 1281 718 1320 sermonis
735 1280 975 1320 obscuritate
991 1285 1051 1320 τοῦ
1069 1283 1252 1321 Σκοτεινοῦ

194 1355 415 1394 cognomen
434 1340 722 1393 posterioribus
739 1340 890 1379 saeculis
910 1341 1074 1379 invenit.
1095 1341 1159 1379 Sic
1171 1340 1250 1391 jam

195 1401 566 1440 Pseudoaristoteles
583 1399 630 1437 de
648 1399 793 1437 Mundo
810 1413 895 1451 cap.
921 1399 942 1436 5
962 1413 970 1437 ε
988 1399 1093 1438 ταύτὸ
1114 1400 1170 1446 δέ,
1194 1401 1253 1437 in-

193 1460 303 1511 quit,
325 1463 426 1498 τοῦτο
445 1452 487 1505 ἦν
506 1457 567 1497 καὶ
593 1456 632 1496 τὸ
661 1457 757 1510 παρὰ
787 1460 837 1512 τῷ
868 1460 1035 1511 σκοτεινῷ
1067 1458 1253 1509 λεγόμενον

182 1518 421 1573 ,Ἡρακλείτῳ
441 1519 521 1557 κτλ.
545 1526 582 1556 et
600 1531 622 1556 a
639 1518 822 1556 Lucretio
848 1517 918 1556 lib.
937 1517 969 1564 l,
992 1531 1050 1556 vs.
1071 1519 1253 1568 639-640

196 1578 344 1617 dicitur
376 1580 499 1614 clarus
521 1578 565 1613 ob
594 1575 786 1615 obscuram
816 1578 998 1626 linguam.
1029 1575 1086 1614 Cf.
1115 1576 1254 1614 Strabo

199 1636 268 1674 lib.
289 1634 374 1673 XIV
394 1649 434 1687 p.
458 1636 533 1678 642
562 1642 599 1672 et
618 1633 762 1671 Seneca
794 1634 918 1684 Epist.
946 1648 1005 1672 12.
1039 1634 1147 1672 Multi
1167 1648 1253 1673 eum

197 1694 454 1733 de‘industria
472 1693 601 1731 minus
618 1693 824 1744 perspicue
838 1693 1039 1744 scripsisse
1055 1702 1253 1745 putarunt,

202 1767 250 1792 ne
280 1753 328 1791 ab
350 1751 535 1791 omnibus
565 1751 864 1800 intelligeretur.
886 1751 931 1789 ln
959 1766 1037 1802 qua
1067 1753 1256 1804 opinione

201 1813 309 1850 fuere
334 1811 472 1850 Cicero
495 1810 590 1862 (11),
625 1810 818 1859 Diogenes
848 1809 1044 1858 Laertius,
1079 1811 1256 1850 Clemens

206 1870 507 1916 Alexandrinus,
518 1878 653 1907 auctor
664 1869 948 1918 Allegoriarum
963 1870 1256 1909 Homericarum

199 1944 286 1981 quae
298 1929 371 1968 sub
383 1929 567 1967 Heracliti
579 1929 640 1966 vel
660 1928 879 1967 Heraclidis
891 1929 1049 1967 nomine
1063 1929 1253 1970 feruntur.

204 1989 284 2027 Alii
306 1988 405 2027 male
425 1983 595 2027 vinctam
615 1996 652 2026 et
677 1987 897 2037 ambiguam
919 1988 1146 2041 philosophi
1168 2004 1259 2029 ora-

205 2115 286 2147 Vitt.
302 2116 389 2147 auct.
404 2123 475 2156 cap.
493 2116 677 2148 141ΑΓοΡ.
694 2114 735 2147 Σὺ
749 2115 782 2147 δὲ
790 2114 819 2147 τί
833 2113 935 2151 κλάεις
946 2139 954 2153 ,
970 2115 996 2146 ὦ
1012 2116 1168 2157 βέλτιστε;
1183 2117 1262 2149 πολὺ

203 2162 265 2204 γὰρ
291 2163 379 2204 οἶμαι
401 2163 525 2195 κάλλιόν
547 2174 598 2195 σοι
622 2163 821 2205 προσλαλεῖν.
839 2164 999 2195 ΗΡΑΚΛ.
1014 2163 1164 2203 Ἤγέομαι
1183 2164 1240 2207 γάρ
1254 2189 1263 2205 ,

204 2209 235 2240 ὦ
251 2209 324 2248 ξένε,
337 2209 377 2241 τὰ
393 2210 574 2251 ἀνθρωπήια
589 2210 757 2250 πρήγματα
771 2209 895 2250 ὀῑζυρά,
921 2210 974 2241 καὶ
994 2211 1175 2251 δακρυώδεα
1185 2236 1193 2252 ,
1210 2213 1263 2244 καὶ

208 2255 296 2289 οὐδὲν
315 2256 433 2289 αὐτέων
449 2257 466 2288 ὅ
476 2281 485 2298 ,
502 2268 530 2289 τι
548 2257 590 2298 μὴ
604 2257 774 2298 ἐπικήριον·
786 2260 831 2297 τῷ
848 2257 885 2295 δὴ
900 2257 1042 2299 οἰκτείρω
1056 2269 1087 2290 τε
1102 2258 1195 2299 σφέας
1211 2260 1263 2291 καὶ

204 2303 368 2345 ὀδύρομαι.

252 2349 298 2389 (9)
323 2350 479 2390 Diogenes
491 2349 637 2382 Laertius
650 2349 703 2381 lib.
721 2350 776 2390 tx,
787 2353 843 2382 5-6
861 2350 925 2382 εΤὸ
943 2351 975 2383 δὲ
989 2351 1152 2392 φερόμενον
1168 2352 1265 2384 αὐτοῦ

209 2396 330 2438 βιὸλίον
348 2396 414 2428 ἐστὶ
432 2395 486 2436 μὲν
503 2396 566 2428 ἀπὸ
585 2399 641 2429 τοῦ
668 2397 850 2455 συνέχοντος
870 2398 938 2440 περὶ
961 2398 1083 2438 φύσεως
1094 2407 1102 2414 ·
1124 2399 1264 2441 διῄρηται

210 2443 246 2475 δὲ
263 2443 305 2479 εἰς
320 2446 401 2484 τρεῖς
415 2442 538 2483 λόγους,
552 2444 594 2480 εἷς
609 2454 640 2476 τε
653 2445 705 2476 τὸν
721 2445 789 2501 περὶ
802 2447 857 2476 τοῦ
873 2445 1007 2482 παντός,
1023 2446 1075 2477 καὶ
1095 2448 1182 2478 πολτι
1186 2448 1263 2487 ικόν,

214 2489 269 2521 καὶ
287 2490 477 2530 θεολογικόν.
492 2491 633 2528 Ἂνὲθηκε
653 2491 686 2523 δὲ
705 2491 780 2522 αὐτὸ
803 2491 845 2527 εἰς
865 2491 901 2523 τὸ
916 2495 970 2528 τῆς
988 2493 1156 2534 Ἀρτέμιδος
1173 2494 1264 2536 ἱερόν.

212 2535 261 2569 ld.
277 2535 333 2567 lib.
353 2537 408 2572 tx,
427 2538 492 2568 12:
513 2537 736 2579 Ἐπιγράφουσι
752 2536 786 2569 δε
803 2536 879 2569 αὐτὸ
895 2538 924 2569 οἱ
945 2537 999 2578 μὲν
1023 2539 1167 2580 Μούσας,
1188 2542 1217 2572 οἱ
1234 2541 1268 2572 δὲ

213 2582 291 2623 Περὶ
314 2582 452 2622 φύσεως,
470 2583 616 2619 Διόδοτος
644 2584 677 2615 δὲ
707 2584 840 2624 Ἀκριὸὲς
863 2585 1014 2626 οἰάκισμα
1031 2586 1106 2627 πρὸς
1129 2587 1267 2627 στάθμην

216 2628 306 2671 βίου,
325 2629 409 2661 ἄλλοι
424 2629 554 2671 Γνώμην
569 2630 654 2669 ἠθῶν
668 2631 688 2669 ἢ
701 2630 817 2672 τρόπου
836 2630 954 2670 κόσμον
973 2632 1038 2669 ἑνὸς
1056 2635 1118 2664 τῶν
1134 2634 1268 2675 ξυμπάν-

212 2686 290 2708 των.
306 2675 398 2716 Apud
418 2676 624 2708 Plutarchum
651 2677 725 2709 adv.
753 2676 856 2709 Colot.
875 2687 905 2718 p.
926 2679 1003 2710 1115
1024 2679 1269 2720 ιἈριστοτέλους

212 2723 255 2756 τὰ
272 2724 341 2765 περὶ
362 2723 491 2765 οὐρανοῦ
506 2724 561 2755 καὶ
577 2724 616 2756 τὰ
631 2724 699 2766 περὶ
716 2725 818 2766 ψυχῆς
829 2749 838 2763 ,
854 2725 1053 2767 Θεοφράστου
1073 2727 1105 2759 δὲ
1130 2728 1170 2760 τὰ
1194 2729 1269 2770 πρὸς

213 2770 286 2807 τοὺς
302 2771 467 2811 φυσικούς,
486 2770 688 2812 Ἡρακλείτου
704 2771 736 2803 δὲ
754 2773 807 2803 τὸν
824 2772 1039 2814 Ζωροάστρην,
1057 2774 1093 2806 τὸ
1117 2777 1186 2816 περὶ
1207 2779 1270 2807 τῶν

215 2817 248 2850 ἐν
277 2817 354 2859 ᾅδου
380 2820 446 2850 κτλ.
469 2826 526 2858 pro
543 2818 749 2860 Ἡρακλείτου
767 2818 934 2858 tegendum
952 2819 1166 2862 Ἡρακλείδου.
1188 2824 1268 2855 Nam

217 2864 403 2897 Heraclides
422 2864 575 2897 Ponticus
590 2866 720 2906 scripsit
739 2865 854 2898 librum
871 2866 939 2910 περὶ
958 2871 1020 2898 τῶν
1042 2867 1073 2900 ὲν
1098 2869 1174 2900 ἂδου
1192 2871 1271 2902 teste

219 2910 360 2951 Diogene
376 2911 501 2944 Laertio
519 2911 574 2943 lib.
594 2913 637 2953 V,
657 2916 688 2953 6,
710 2916 761 2944 86.
785 2912 834 2944 01.
853 2913 1004 2954 Bernays.
1027 2915 1110 2947 Mus.
1136 2916 1194 2948 Rh.
1210 2917 1270 2949 Vll

219 2966 251 2999 p.
269 2961 321 2991 96.

260 3002 325 3044 (10)
349 3002 438 3035 Adde
465 3003 606 3044 ejusdem
631 3004 819 3045 Heraclitea‚
834 3007 918 3046 part.
938 3009 965 3047 t,
981 3008 1101 3040 Bonnae
1129 3010 1219 3046 1848,
1239 3011 1272 3039 et

217 3048 351 3083 Lassalli
369 3049 410 3081 de
428 3051 579 3083 Heracliti
595 3051 796 3092 philosophia
816 3053 989 3094 volumen,
1008 3054 1144 3086 Berolini
1178 3058 1269 3087 1858.

261 3097 327 3139 (11)
349 3097 461 3130 Cicero
474 3099 670 3132 Heraclitum
684 3100 776 3132 valde
786 3100 959 3133 obscurum
974 3078 1070 3134 fuisse
1082 3103 1115 3134 et
1125 3103 1272 3135 consulto

219 3145 343 3177 occulte
362 3145 479 3178 dixisse
496 3146 553 3179 ait.
577 3146 666 3179 Idem
685 3150 898 3188 cognomento
919 3149 1076 3186 σκοτεινὸς
1103 3158 1177 3182 eum
1200 3159 1272 3192 per-

220 3191 322 3223 hiberi
341 3194 486 3232 testatur,
500 3193 574 3234 quia
589 3194 630 3227 de
644 3196 758 3227 natura
771 3195 866 3228 nimis
882 3196 1019 3230 obscure
1032 3197 1269 3230 memoraverit.

222 3239 317 3271 cont.
334 3238 374 3271 de
394 3239 497 3273 Divin.
514 3242 556 3282 lI,
574 3244 636 3282 64;
656 3242 696 3275 dc
711 3244 783 3276 Nat.
800 3243 888 3276 deor.
908 3245 935 3284 1,
951 3249 1010 3285 263
1028 3245 1068 3277 de
1088 3246 1155 3278 lin.
1178 3247 1221 3285 ΙΙ,
1241 3249 1271 3278 5.

223 3284 368 3326 Denique
396 3286 436 3318 de
452 3289 524 3319 Nat.
551 3288 640 3321 deor.
658 3291 717 3330 ΙΙΙ,
739 3293 803 3324 14·
825 3269 1039 3331 Heraclitum,
1064 3293 1187 3333 inquit,
1210 3302 1272 3325 non

222 3339 336 3363 omnes
352 3332 602 3372 interpretantur
618 3344 682 3367 uuo
700 3336 815 3377 modo,
837 3338 890 3377 qui
907 3339 1078 3379 quoniam.
1091 3339 1166 3380 quid
1186 3339 1273 3371 dice·

178 3374 197 3387 “
225 3379 287 3418 ret,
303 3377 435 3419 intelligi
453 3381 565 3422 noluit,
579 3383 782 3417 omittamus.
806 3361 960 3425 Diogenes
980 3387 1122 3418 Laertius
1143 3386 1197 3419 lib.
1218 3388 1273 3424 lx,

225 3430 270 3458 6.
289 3428 330 3461 ὡς
347 3427 401 3468 μέν
417 3438 494 3465 τινες
504 3429 736 3486 ,ἐπιτηδεύσας
753 3431 963 3490 ἀσαφέστερον
985 3434 1121 3475 γράψαι,
1140 3435 1224 3471 ὅπως
1245 3436 1274 3466 ot

225 3473 385 3515 δυνάμενοι
404 3452 561 3517 προσίοιεν
582 3476 684 3518 αὐτῷ,
698 3479 751 3510 καὶ
769 3480 812 3520 μὴ
827 3480 862 3512 ἐκ
877 3483 931 3512 τοῦ
956 3480 1118 3521 δημώδους
1141 3482 1274 3514 εὐκατα-

2271 251 2343 283 311

1300 336 1442 373 tionem
1465 334 1644 372 incusant
1662 334 1739 382 (12)
1766 346 1843 383 qua
1861 332 1978 370 rebus
1996 333 2225 370 clarissimis
2247 341 2351 370 tene-

1300 393 1390 432 bras
1409 392 1631 432 obduxerit.
1666 392 1871 429 Affirmant
1898 391 2000 428 enim
2024 391 2183 429 difficile
2211 391 2350 440 fuisse,

1300 452 1488 491 Heracliti
1513 451 1636 489 verba
1654 451 1895 500 distinguere
1907 480 1916 497 ,
1933 451 2026 500 quia
2040 451 2143 500 quod
2164 451 2353 501 cujusque

1301 514 1454 566 periodi
1479 513 1718 565 principium
1733 541 1743 559 ‚
1766 513 1834 563 qui
1855 512 1943 549 finis
1969 520 2069 549 esset
2093 525 2171 548 non
2193 524 2354 566 appare-

1303 582 1372 611 ret.
1403 573 1663 618 Quamobrem
1684 583 1950 622 saepenumero
1979 571 2144 608 lectores
2169 570 2216 607 de
2242 582 2355 607 voca-

1303 632 1484 671 bulorum
1504 639 1686 668 contextu
1705 629 1974 679 ambigebant,
1996 629 2210 667 nescientes
2224 637 2354 666 utrum

1304 692 1351 730 ad
1372 690 1630 743 praecedentia
1648 703 1696 728 an
1717 690 1764 728 ad
1779 690 1981 740 sequentia
1996 688 2198 727 referenda
2211 697 2352 726 essent.

1305 751 1435 801 Neque
1454 759 1581 788 tamen
1610 758 1762 787 veteres
1782 749 1999 787 diffitentur
2019 749 2111 800 (13),
2134 756 2261 798 partes
2289 747 2359 785 ali-

1306 819 1400 861 quot
1412 810 1542 861 operis
1557 809 1766 847 Heraclitei
1782 808 1985 859 splendide
1998 821 2041 845 ac
2055 806 2226 845 dilucide
2243 806 2360 845 fuisse

1307 869 1547 920 conscriptas
1561 897 1571 915 ,
1606 876 1651 906 ut
1685 868 1748 906 vel
1781 866 1920 905 obtusa
1959 867 2117 917 ingenia
2151 865 2361 904 sententias

1307 927 1491 978 quasdam
1525 927 1680 977 assequi
1711 939 1928 977 vocumque
1947 926 2028 964 vim
2053 939 2096 964 ac
2123 925 2360 963 voluntatem

1308 987 1557 1038 interpretari
1579 995 1750 1038 possent.
1773 986 1838 1024 Sic
1866 995 1991 1024 autem
2022 986 2187 1035 cogitata
2205 984 2362 1034 eloque-

1308 1047 1439 1093 batur,
1462 1055 1505 1084 ut
1535 1040 1746 1096 legentium
1778 1046 1900 1083 animi
1929 1045 2046 1083 altius
2066 1057 2106 1083 se
2125 1044 2308 1082 efferrent
2327 1052 2364 1081 et

1310 1107 1420 1157 quasi
1451 1106 1589 1146 divino
1627 1105 1813 1143 instinctu
1851 1105 2155 1143 concitarentur.
2199 1102 2284 1149 Qua
2321 1102 2363 1139 in

1311 1178 1352 1203 re
1372 1165 1473 1202 inter
1492 1164 1702 1215 scriptores
1722 1163 1880 1202 Graecos
1900 1163 2216 1213 breviloquentia
2235 1171 2272 1200 et
2299 1163 2364 1199 in-

1311 1224 1566 1275 comparabili
1588 1223 1772 1261 dictionis
1802 1223 1990 1273 gravitate
2010 1221 2238 1262 excellebat.
2262 1222 2366 1260 Pro-

1311 1284 1435 1322 ditum
1457 1292 1514 1322 est
1534 1283 1724 1321 Cratetem
1744 1283 1823 1333 (τί.)
1852 1282 2043 1333 quendam
2064 1281 2253 1318 Heracliti
2280 1280 2367 1318 Mu—

1313 1356 1373 1381 sas
1390 1342 1467 1393 (15)
1486 1343 1656 1393 primum
1674 1342 1715 1380 in
1735 1341 1926 1379 Graeciam
1947 1341 2125 1378 intulisse
2144 1340 2368 1390 dixisseque

1313 1400 1415 1439 istud
1449 1400 1680 1451 opusculum
1712 1400 1825 1438 Delio
1847 1407 2020 1437 natatore
2045 1398 2221 1448 indigere
2240 1400 2307 1448 qui
2326 1398 2368 1435 in

1313 1460 1398 1510 ejus
1427 1468 1608 1510 tanquam
1642 1459 1815 1498 fluminis
1849 1459 2055 1497 altitudine
2090 1471 2170 1495 non
2203 1457 2365 1509 periret.

1316 1519 1465 1557 Similis
1482 1527 1539 1556 est
1554 1518 1657 1569 apud
1683 1518 1896 1568 Diogenem
1923 1518 1971 1556 de
2001 1517 2159 1555 Socrate
2180 1517 2367 1555 narratio.

1314 1579 1390 1624 Qui
1411 1591 1529 1629 quum
1548 1577 1597 1615 ab
1622 1577 1809 1629 Euripide
1829 1577 1989 1630 Ephesii
2011 1576 2237 1629 philosophi
2257 1576 2371 1614 libel-

1316 1637 1395 1675 lum
1414 1637 1643 1688 accepisset,
1666 1646 1821 1687 rogatus
1850 1637 1947 1688 quid
1970 1637 2018 1675 de
2036 1650 2082 1675 eo
2102 1636 2285 1685 sentiret,
2317 1648 2373 1673 re-

1316 1696 1521 1748 spondisse
1544 1697 1664 1734 fertur
1682 1710 1768 1747 quae
1786 1697 2023 1735 intellexerit
2048 1697 2237 1748 praeclara
2261 1707 2345 1733 esse
2358 1723 2368 1742 ,

1317 1764 1453 1808 putare
1469 1769 1509 1802 se
1523 1756 1639 1794 etiam
1655 1769 1742 1806 quae
1762 1769 1841 1794 non
1858 1756 2094 1794 intellexerit
2111 1768 2194 1794 esse
2213 1755 2370 1802 eximia,

1317 1827 1451 1853 verum
1477 1815 1589 1853 Delio
1606 1815 1791 1866 quopiam
1812 1828 1911 1866 opus
1934 1828 2016 1853 esse
2037 1824 2209 1853 natatore
2227 1815 2317 1863 (16).

1373 1874 1461 1912 Haec
1479 1883 1594 1925 atque
1613 1874 1690 1911 alia
1711 1874 1823 1912 istius
1840 1874 1993 1923 generis
2014 1874 2105 1911 talia
2120 1882 2228 1922 sunt,
2248 1882 2296 1911 ut>
2312 1885 2373 1910 ca·

1317 1935 1487 1972 vendum
1515 1934 1709 1981 videatur,
1731 1946 1780 1971 ne
1815 1933 2091 1971 commentitiis
2121 1933 2238 1971 rebus
2260 1933 2375 1970 fidem

1319 1992 1587 2043 adjungamus.
1608 1992 1704 2030 Nam
1725 1992 1773 2031 de
1791 1992 1947 2031 Socrate
1974 1993 2073 2030 ratio
2107 1992 2203 2042 fugit
2231 1992 2375 2040 Dioge-

1321 2119 1469 2160 φρόνητον
1483 2120 1543 2159 εἴη.
1558 2120 1708 2152 clemens
1721 2120 1957 2153 Alexandrinus
1967 2122 2086 2152 strom.
2098 2122 2126 2152 V
2142 2130 2171 2161 p.
2183 2122 2240 2152 571
2257 2121 2282 2152 C
2300 2128 2308 2151 :
2323 2120 2378 2151 καὶ

1323 2168 1416 2209 μυρία
1444 2167 1495 2199 ἐπὶ
1520 2167 1638 2209 μυρίοις
1663 2168 1804 2210 εὕροιμεν
1833 2169 1872 2200 ἂν
1898 2167 1960 2199 ὑπό
1988 2179 2023 2199 τε
2052 2168 2239 2208 φιλοσόφων,
2263 2167 2326 2199 ὑπὸ
2344 2177 2378 2198 τε

1322 2217 1460 2252 ποιητῶν
1478 2215 1713 2255 αἰνιγματωδῶς
1733 2214 1889 2256 εἰρημένα·
1907 2214 1986 2246 ὅπου
1999 2225 2035 2254 γε
2051 2215 2103 2245 καὶ
2120 2216 2177 2246 ὅλα
2193 2215 2297 2255 βιὸλία
2310 2214 2378 2246 ἐπι·

1322 2261 1534 2301 κεκρυμμένην
1548 2261 1602 2299 τὴν
1616 2264 1672 2293 τοῦ
1687 2262 1887 2303 συγγραφέως
1905 2261 2053 2303 βούλησιν
2075 2261 2297 2293 ἐπιδείκνυνται
2308 2286 2316 2302 ,
2336 2263 2378 2298 ὡς

1323 2309 1376 2339 καὶ
1401 2309 1436 2339 τὸ
1453 2311 1508 2340 τοῦ
1525 2309 1728 2350 Ἡρακλείτου
1748 2309 1823 2350 Περὶ
1839 2309 1979 2350 φύσεως,
2006 2309 2039 2345 ὃς
2064 2309 2117 2340 καὶ
2139 2309 2179 2340 δι’
2195 2309 2270 2340 αὐτὸ
2287 2311 2379 2340 τοῦτο

1324 2356 1482 2392 σκοτεινὸς
1506 2356 1765 2398 προσηγόρευται.
1788 2356 1970 2388 Heraclitus
1997 2356 2096 2396 Alleg.
2126 2357 2221 2388 Hom.
2249 2364 2317 2396 cap.
2340 2358 2379 2388 24

1326 2411 1357 2441 p.
1377 2405 1412 2435 51
1432 2403 1482 2435 ed.
1503 2403 1638 2436 Mehler.
1658 2404 1715 2436 ;Ὀ
1726 2407 1800 2444 γοῦν
1817 2403 1974 2439 σκοτεινὸς
1989 2403 2189 2444 Ἡράκλειτος
2203 2403 2307 2444 ἀσαφῆ
2322 2404 2378 2445 ,καὶ

1325 2449 1376 2480 διὰ
1389 2450 1555 2490 συμὸόλων
1569 2451 1744 2488 εἰκάζεσθαι
1758 2450 1913 2492 δυνάμενα
1928 2451 2068 2491 θεολογεῒ
2078 2450 2118 2483 τὰ
2135 2451 2252 2492 φυσικά
2261 2476 2269 2491 ,
2284 2450 2323 2482 δι’
2337 2450 2380 2481 ὡν

1326 2508 1399 2538 φησι
1414 2498 1482 2530 κτλ.

1369 2544 1434 2585 (12)
1457 2544 1644 2577 Aristoteles
1661 2545 1757 2577 Rhet.
1772 2546 1835 2583 111,
1851 2549 1869 2577 5
1888 2559 1895 2578 :
1912 2544 1960 2577 Τὰ
1973 2544 2032 2586 γὰρ
2044 2544 2247 2586 Ἡρακλείτου
2262 2545 2379 2576 διαστῖ-

1327 2590 1375 2626 Εαι
1395 2592 1482 2633 ἔργον
1500 2591 1551 2624 διὰ
1569 2591 1604 2624 τὸ
1621 2591 1734 2631 ἄδηλον
1747 2592 1825 2624 εἶναι
1841 2593 1963 2634 ποτέρῳ
1978 2592 2158 2633 πρόσκειται
2169 2617 2177 2631 ,
2193 2595 2238 2633 τῷ
2254 2592 2382 2631 ὕστερον

1327 2640 1347 2678 ἢ
1371 2642 1417 2679 τῷ
1439 2639 1598 2681 πρότερον·
1620 2639 1686 2671 οἶον
1710 2639 1741 2671 ἐν
1757 2642 1794 2681 τῇ
1817 2638 1898 2682 ἀρχῇ
1923 2639 2018 2671 αὐτοῦ
2044 2642 2099 2671 τοῦ
2127 2638 2380 2680 συγγράμματος·

1330 2687 1405 2726 φησὶ
1432 2686 1492 2728 γὰρ
1509 2687 1575 2719 κτλ.
1600 2687 1784 2719 Demetrius
1811 2686 1851 2718 de
1869 2687 1993 2718 Elocut.
2024 2689 2081 2718 192
2104 2698 2112 2718 ε
2134 2686 2259 2722 'AB-nlo:
2278 2685 2337 2725 γὰρ
2362 2686 2379 2722 ἡ

1329 2733 1462 2765 ἑκάστου
1483 2733 1587 2765 κώλου
1607 2733 1687 2776 ἀρχὴ
1709 2734 1761 2766 διὰ
1779 2734 1835 2772 τὴν
1856 2733 1956 2773 λύσιν,
1973 2734 2079 2776 ὥσπερ
2100 2733 2140 2764 τὰ
2160 2732 2381 2774 ”Ηρακλείτου’

1328 2781 1381 2812 καὶ
1398 2780 1457 2821 γὰρ
1472 2783 1572 2811 ταῦτα
1585 2780 1731 2812 σκοτεινὰ.
1746 2783 1832 2812 ποιεῖ
1846 2781 1881 2812 τὸ
1897 2781 2045 2812 πλεῖστον
2061 2781 2081 2818 ἡ
2097 2780 2194 2814 λύσις.

1371 2826 1436 2867 (13)
1458 2826 1612 2866 Diogenes
1631 2828 1771 2859 Laertius
1784 2827 1828 2859 lib
1843 2828 1898 2866 lX,
1916 2829 1958 2859 7.·
1974 2828 2133 2868 Λαμπρῶς
2143 2835 2177 2857 τε
2190 2824 2326 2856 ἐνίοτεέν
2338 2825 2384 2864 τῷ

1329 2873 1548 2915 συγγράμματι
1563 2874 1616 2906 καὶ
1639 2878 1745 2915 σαφῶς
1767 2875 1926 2913 ἑκὸἁλλει,
1942 2875 2025 2906 ὥστε
2050 2875 2102 2905 καὶ
2121 2873 2173 2904 τὸν
2192 2873 2384 2903 νωθέστατον

1330 2919 1441 2962 ῥᾳδίως
1453 2923 1569 2959 γνῶναι
1585 2921 1638 2952 καὶ
1651 2909 1766 2962 δίαρμα
1781 2922 1883 2963 ψυχῆς
1899 2921 2019 2953 λαὸεῖν·
2035 2920 2055 2958 ἦ
2069 2931 2103 2952 τε
2117 2919 2271 2962 βραχύτης
2286 2916 2385 2949 καὶτὸ

1331 2965 1423 3007 βάρος
1438 2969 1492 3005 τῆς
1507 2966 1666 3008 ἑρμηνείας
1680 2967 1876 3008 ἀσύγκριτον.

1372 3014 1436 3053 (14)
1460 3013 1616 3054 Diogenes
1629 3014 1776 3047 Laertius
1790 3014 1848 3046 lib.
1865 3015 2001 3054 1x‚12:
2017 3014 2162 3049 Σέλευκος
2177 3012 2278 3052 μέντοι
2294 3011 2385 3052 φησὶν

1330 3060 1347 3091 ὁ
1357 3060 1569 3101 γραμματικός
1580 3085 1587 3099 ,
1601 3061 1752 3103 Κρότωνά
1767 3073 1836 3094 τινα
1851 3063 1985 3103 ἱστορεῖν
1998 3061 2029 3093 ἐν
2044 3064 2088 3102 τῷ
2101 3058 2384 3098 Κατακολυμὸητῇ,

1332 3106 1478 3148 Κράτητά
1492 3118 1561 3139 τινα
1575 3112 1699 3151 πρῶτον
1719 3110 1760 3145 εἰς
1776 3110 1832 3147 τὴν
1850 3109 1985 3141 Ἑλλάδα
2003 3108 2134 3150 κομίσαι
2149 3108 2185 3139 τὸ
2205 3106 2333 3148 βιὸλίον·
2350 3106 2385 3138 ὃν

1331 3154 1383 3185 καὶ
1400 3155 1509 3196 εἰπεῖν,
1527 3155 1643 3194 Δηλίου
1658 3157 1738 3194 τινὸς
1757 3157 1878 3189 δεῖσθαι
1895 3157 2112 3198 κολυμὸητοῦ,
2128 3155 2161 3191 ὃς
2182 3155 2239 3186 οὐκ
2255 3154 2385 3186 ἀποπνι-

1330 3201 1459 3241 γήσεται
1476 3201 1508 3233 ἐν
1523 3203 1620 3244 αὐτῷ.

1352 3249 1439 3328 7(li)
1460 3248 1554 3286 Ἰάδες
1584 3252 1710 3283 Μοῦσαι
1738 3253 1894 3283 vocantur
1921 3259 1941 3283 a
1969 3250 2134 3283 Clemente
2162 3250 2278 3282 Strom.
2298 3249 2327 3279 V
2347 3257 2381 3288 p.

1334 3299 1350 3327 5
1374 3300 1392 3327 6
1407 3321 1418 3327 -
1439 3321 1446 3328 .

1375 3343 1440 3382 (16)
1465 3343 1622 3384 Diogenes
1639 3345 1784 3377 Laertius
1798 3344 1949 3386 lib.ll,22
1965 3346 2071 3378 ιΦασὶ
2084 3346 2110 3376 δ’
2121 3343 2286 3385 Εὐριπίδην
2300 3343 2386 3383 αὐτῷ

1333 3388 1426 3420 δόντα
1453 3391 1488 3421 τὸ
1514 3391 1716 3432 Ἡρακλείτου
1737 3393 1926 3434 σύγγραμμα
1950 3393 2088 3434 ἐρέσθαι,
2107 3392 2144 3424 Τί
2163 3392 2249 3423 δοκεῖ
2257 3401 2266 3428 ;
2286 3390 2338 3421 τὸν
2354 3389 2387 3420 δὲ

1333 3435 1435 3476 φάναι,
1453 3437 1485 3469 Ἃ
1503 3437 1557 3477 μὲν
1567 3442 1701 3478 συνῆκα,
1712 3442 1851 3479 γενναῖα·
1865 3439 1954 3481 οἶμαι
1964 3439 1996 3471 δὲ
2006 3440 2059 3471 καὶ
2074 3440 2094 3471 ἃ
2108 3440 2149 3479 μή
2163 3442 2294 3476 συνῆτια’
2309 3437 2387 3473 πλην

1333 3483 1448 3520 Δηλίου
1464 3485 1500 3524 γέ
1513 3496 1592 3521 τινος
1604 3486 1702 3518 δεῖται
1719 3486 1928 3527 κολυμόητοῦ.
