2612 3814
988 256 1057 295 DE
1086 253 1305 295 MELISSO
1318 284 1328 301 ,
1366 252 1478 292 ETC.

161 355 310 390 τοιοῦτον
333 348 369 388 ὂν
392 346 443 399 ἕν,
456 345 494 385 ὂν
514 346 571 386 τὸν
589 345 664 385 Θεὸν
686 339 776 384 εἶναι
797 343 915 396 λέγει,
946 343 1025 383 οὔτε
1042 346 1214 383 κινεῖσθαι

107 421 148 450 ιο
161 409 241 450 οὔτε
261 407 422 456 ἀκίνητον
441 401 546 446 εἶναι.
605 403 783 453 Ἀκίνητον
802 402 865 455 μὲν
885 402 952 456 γὰρ
974 396 1064 442 εἶναι
1097 401 1137 442 τὸ
1164 401 1215 454 μὴ

162 470 211 510 ὄν·
237 467 315 507 οὔτε
335 466 404 520 γὰρ
425 465 467 505 ἂν
485 467 532 509 εἷς
552 464 636 503 αὔτὸ
664 462 797 516 ἕτερον,
818 461 890 502 οὔτ’
913 465 1024 502 ἐκεῖνο
1052 462 1101 506 εἷς
1131 460 1217 500 ἄλλο

162 528 291 568 ἐλθεῖν·
312 528 482 566 κινεῖσθαι
502 523 539 563 δὲ
559 523 604 563 τὰ
620 522 732 562 πλείω
744 521 827 562 ὅντα
842 521 931 566 ἑνός·
953 521 1071 574 ἕτερον
1086 519 1154 573 γὰρ
1169 520 1218 564 εἰς

161 587 278 641 ἕτερον
294 586 365 625 δεῖν
381 587 563 624 κινεῖσθαι.
619 584 682 627 Εἷς
699 581 761 634 μὲν
776 576 834 621 οὖν
854 581 895 621 τὸ
926 579 975 632 μὴ
996 579 1033 620 ὃν
1055 577 1153 619 οὐδὲν
1173 576 1216 617 ἂν

160 648 365 695 κινηθῆναι·
380 643 504 697 τὸγὰρ
525 642 575 695 μὴ
594 641 631 682 ὂν
650 642 787 695 οὐδαμῇ
809 634 911 680 εἶναι.
967 641 1014 680 Ei
1036 638 1072 678 δὲ
1089 639 1136 683 εἷς
1156 637 1218 676 ἄλ·

107 723 142 748 «5
163 707 256 753 ληλα
292 703 525 756 μεταὸάλλοι,
556 702 667 742 πλείω
697 702 739 741 ἂν
766 701 850 740 αὐτὸ
880 694 970 746 εἶναι
1003 698 1090 743 ἑνός.
1149 696 1218 736 Διὰ

162 771 273 806 ταῦτα
292 765 334 812 δὴ
347 767 515 803 κινεῖσθαι
534 762 597 814 μὲν
612 761 654 802 ἂν
670 761 715 800 τὰ
730 761 788 801 δύο
806 759 828 808 ἢ
842 761 953 799 πλείω
968 759 1060 807 ἑνός,
1074 759 1218 811 ἠρεμεῖν

164 826 200 864 δὲ
216 825 277 864 καὶ
298 823 462 872 ἀκίνητον
481 816 568 861 εἶναι
585 822 626 862 τὸ
648 820 764 861 οὐδέν·
781 821 822 860 τὸ
849 820 886 859 δὲ
909 819 945 858 ἓν
974 817 1054 857 οὔτε
1073 820 1216 870 ἠρεμεῖν

163 884 241 926 οὔτε
261 885 455 925 κινεῖσθαι·
477 882 556 922 οὔτε
572 883 703 935 γὰρτῷ
726 879 776 931 μὴ
805 879 877 919 ὄντι
898 878 977 917 οὔτε
998 877 1069 920 τοῖς
1080 876 1220 918 πολλοῖς

2249 265 2325 297 295

1276 341 1423 394 ἄπειρον
1439 339 1518 380 οὔτε
1532 340 1814 392 πεπερασμένον,
1836 355 1916 379 ουτε
1930 342 2074 393 ἠρεμεῖν
2094 340 2172 380 οὔτε
2193 341 2334 390 κινητὸν
2353 358 2391 384 20

1276 394 1378 440 εἶναι.

1706 488 1831 527 ΚΕΦ.
1855 486 1900 528 δ’.

1330 577 1480 629 Πρῶτον
1499 574 1562 626 μὲν
1580 568 1638 613 οἶν
1658 573 1836 625 λαμὸοίνει
1861 573 1922 612 καὶ
1942 567 2040 618 οὗτος
2062 573 2102 613 τὸ
2131 574 2334 626 γιγνόμενον

1277 634 1456 688 γίγνεσθαι
1491 633 1526 679 ἐξ
1557 632 1675 682 ὄντος,
1710 632 1831 686 ὥσπερ
1862 635 1880 671 ὁ
1906 632 2097 677 Μέλισσος.
2155 632 2283 672 Καίτοι
2302 632 2337 671 τί

1278 695 1405 734 κωλύει
1429 693 1516 745 μήτ’
1535 692 1568 737 ἐξ
1586 692 1707 744 ὁμοίου
1726 691 1808 743 μήτ’
1830 692 1866 738 ἐξ
1887 691 2051 743 ἀνομοίου
2079 691 2119 731 τὸ
2134 692 2336 745 γιγνόμενον

1277 754 1478 807 γίγνεσθαι,
1499 752 1576 791 ἀλλ’
1600 754 1640 791 ἐκ
1653 751 1702 803 μὴ
1723 751 1839 800 ὄντος;
1871 750 1922 790 ἔτι
1942 750 2040 791 οὐδὲν
2062 754 2197 803 μᾶλλον
2220 754 2238 790 ὁ
2264 751 2337 796 θεὸς

1279 813 1446 866 ἀγένητος
1463 811 1484 860 ἢ
1500 811 1562 852 καὶ
1577 811 1690 851 τᾶλλα
1712 811 1846 862 πάντα,
1875 809 1974 864 εἴπερ
2002 810 2144 850 ἅπαντα
2166 810 2200 855 ἐξ
2215 810 2334 862 ὁμοίου
2357 829 2391 853 25

1277 871 1482 924 ἢάνομοίου
1507 870 1659 924 γέγονεν,
1690 870 1776 923 ὅπερ
1800 869 1983 909 ἀδύνατον.
2039 868 2153 909 Ὥστε
2183 868 2206 917 ἢ
2241 870 2337 908 οὐδέν

161 941 280 984 ὅμοιον
308 937 411 983 εἶναι.
471 941 575 981 Κατὰ
599 940 714 980 πάντα
739 940 774 978 δὲ
806 938 915 982 οὕτως
934 935 1026 990 ἔχειν
1047 934 1105 974 τὸν
1125 933 1216 984 θεόν,
1280 935 1355 971 ἐστι
1386 929 1484 985 παρὰ
1505 930 1563 970 τὸν
1582 930 1672 978 θεὸν,
1694 929 1716 977 ἢ
1734 929 1795 968 καὶ
1814 929 1929 969 τᾶλλα
1948 928 2044 968 ἀΐδια
2066 930 2198 969 πάντα.
2255 927 2339 968 Ἔτι

165 983 276 1044 ἀίδιόν
295 1019 332 1042 τε
352 1002 412 1041 καὶ
433 1001 509 1053 ἕνα,
530 999 648 1052 ὅμοιόν
664 1015 702 1038 τε
713 998 782 1038 ’καὶ
800 996 1002 1052 σφαιροειδῆ
1023 993 1124 1044 ὄντα,
1141 992 1219 1032 οὔτε
1278 990 1466 1045 κράτιστον
1487 990 1546 1030 τὸν
1567 989 1643 1029 Θεὸν
1662 989 1858 1040 λαμὸάνει,
1885 994 1987 1028 τοῦτο
2015 988 2258 1027 δυνατώτατον
2277 988 2338 1026 καὶ

177 1088 1971 1112 ——-—-——-———-——-—--—-———-—-—-—-—-

163 1155 222 1188 nisi
239 1153 348 1186 addito
366 1153 422 1192 ἄν,
437 1154 473 1183 ut
492 1152 524 1183 in
535 1150 589 1182 illo
603 1148 775 1189 AEscliyleo
789 1149 895 1179 Prom.
915 1154 949 1178 v.
965 1147 1027 1177 885
1043 1157 1052 1177 ε
1068 1144 1133 1176 οὐδ’
1150 1143 1215 1184 ἔχω

162 1203 208 1241 τίς
230 1203 266 1235 ἂν
283 1201 446 1243 γενοίμαν.
464 1197 656 1232 Karstenius
681 1195 851 1237 legendum
866 1194 1002 1236 putabat
1026 1193 1058 1225 ἓν
1083 1192 1143 1233 γὰρ
1160 1191 1217 1224 οὐκ

162 1252 246 1293 ἔχειν
265 1251 339 1292 πρὸς
354 1250 386 1290 ὅ,
400 1259 430 1280 τι
449 1246 591 1289 περαίνῃ.
613 1245 675 1278 Sed
701 1246 738 1278 ut
766 1243 962 1277 infinitivum
979 1242 1063 1284 ἔχειν
1082 1250 1146 1273 non
1166 1240 1216 1271 in·

163 1298 370 1333 commodum
395 1304 463 1329 esse
489 1295 616 1336 largior,
637 1294 713 1327 licet
730 1302 750 1326 a
775 1292 905 1333 vulgata
925 1290 1063 1323 lectione
1091 1298 1155 1321 non
1176 1288 1218 1319 sit

162 1346 378 1380 recedendum
389 1369 398 1385 ,
415 1345 459 1376 ita
473 1343 603 1386 περαίνῃ
625 1352 682 1383 pro
694 1343 822 1383 περανεῖ
839 1340 1029 1380 neutiquam
1047 1337 1126 1370 milii
1145 1345 1216 1377 pro·

163 1396 271 1428 batur.
292 1393 360 1426 Etsi
393 1391 479 1424 enim
505 1391 570 1423 tere
587 1390 739 1422 solemnis
764 1389 812 1420 est
830 1388 863 1420 in
890 1385 1047 1427 ejusmodi
1065 1386 1218 1426 junctura

161 1441 391 1483 conjunctivus
404 1463 413 1479 ‚
429 1442 468 1471 ut
484 1437 569 1479 apud
585 1436 776 1478 Sophoclem
788 1435 866 1468 OEd.
882 1435 952 1468 col.
967 1435 1028 1467 318
1047 1442 1055 1465 :
1076 1433 1134 1465 οὐκ
1152 1433 1217 1474 ἔχω

160 1490 190 1522 τί
203 1493 269 1532 φῶς
283 1490 390 1521 tamen
411 1486 556 1519 futurum
570 1488 696 1527 περανεῖ
710 1483 788 1516 nihil
801 1482 896 1516 babet
908 1506 916 1521 ‚
933 1482 964 1514 in
979 1490 1044 1523 quo
1056 1479 1215 1513 offendas.

161 1539 242 1570 Nam
261 1537 292 1568 in
312 1535 424 1568 eadem
445 1533 601 1573 tragoedia
617 1532 670 1574 (v.
700 1531 805 1572 1739)
828 1529 1004 1571 Sophocles
1023 1541 1031 1561 ε
1050 1528 1137 1564 ὅπως
1161 1538 1216 1569 μο-

159 1583 285 1627 λούμεθ’
300 1583 330 1619 ἐς
346 1581 460 1623 δόμους
473 1580 530 1612 οὐκ
546 1580 611 1621 ἔχω
622 1603 631 1618 ,
644 1579 677 1611 et
690 1579 799 1619 Eurip.
821 1576 948 1610 Hei-acl.
969 1578 1030 1609 440
1047 1586 1055 1605 τ
1072 1576 1145 1615 ὑμῖν
1159 1575 1217 1607 οὐκ

160 1633 227 1675 ἔχω
242 1631 272 1664 τί
287 1630 458 1672 χρήσομαι.
489 1626 661 1667 Sequentia
682 1625 768 1666 apud
802 1624 981 1657 Bekkerum
1002 1624 1048 1655 sic
1067 1623 1215 1655 scribun-

161 1682 216 1712 tur
233 1693 240 1712 ε
259 1679 295 1710 τὸ
305 1678 338 1710 δὲ
347 1679 486 1709 τοιοῦτον
497 1675 530 1707 ὃν
544 1675 574 1706 ἓν
587 1698 596 1715 ,
614 1674 649 1706 ὃν
665 1674 718 1705 τὸν
733 1673 801 1705 θεὸν
816 1673 896 1704 εἶναι
907 1672 988 1711 λέγει
1003 1696 1012 1711 ,
1036 1671 1108 1702 οὔτε
1122 1673 1218 1702 κινεῖ-

160 1729 234 1760 σθαι
250 1726 321 1759 οὔτε
334 1724 458 1763 κινητὸν
475 1724 564 1755 εἶναι.
581 1721 666 1755 Cod.
685 1721 770 1761 Lips.
786 1719 969 1761 suppeditat
987 1728 996 1751 t
1014 1719 1049 1751 τὸ
1061 1719 1099 1757 δὴ
1111 1721 1217 1750 τοιοῦ·

158 1785 213 1806 τον
229 1773 261 1806 ἓν
278 1773 312 1805 ὃν
328 1773 380 1804 τὸν
397 1771 464 1803 θεὸν
487 1771 567 1803 εἶναι
591 1769 672 1810 λέγει
685 1791 694 1803 .
718 1767 790 1800 οὔτε
806 1768 957 1799 κινεῖσθαι
983 1765 1056 1798 οὔτε
1069 1764 1214 1803 ἀκίνητον

158 1821 251 1853 εἶναι.
270 1822 310 1853 In
337 1819 498 1851 veteribus
518 1815 710 1850 editionibus
737 1816 787 1847 est
813 1822 821 1845 ε
846 1814 883 1846 τὸ
907 1814 944 1852 δὴ
964 1816 1106 1845 τοιοῦτον
1129 1813 1164 1845 ὃν
1183 1813 1215 1845 ἓν

158 1868 205 1901 ὃν.
228 1867 310 1900 Hinc
332 1875 427 1898 nemo
448 1864 627 1904 dubitabit,
644 1863 722 1905 quin
735 1863 810 1903 poni
823 1861 940 1894 debeat
956 1862 1011 1893 ετὸ
1027 1862 1064 1900 δὴ
1077 1865 1216 1894 τοιοῦτον

160 1916 196 1948 ὃν
213 1915 262 1955 ἔν,
287 1915 322 1947 ὃν
339 1914 393 1946 τὸν
415 1913 483 1945 Θεὸν
498 1913 577 1945 εἶναι
596 1912 700 1952 λέγει,
720 1911 791 1943 οὔτε
810 1911 959 1942 κινεῖσθαι
983 1910 1054 1942 οὔτε
1071 1910 1216 1950 ἀκίνητον

161 1963 251 1995 εἶναι.
270 1962 431 1994 Caeterum
456 1959 601 1998 ἀκίνητον
617 1959 685 2000 Jam
704 1958 941 1991 Tiedemannus
964 1957 1148 1998 conjectura
1162 1966 1216 1990 as-

156 2010 287 2044 secutus
300 2010 380 2042 erat.

203 2060 252 2091 11.
268 2059 330 2090 Pro
349 2056 420 2089 οὔτε
437 2055 537 2087 ἐκεῖνο
557 2053 630 2086 cod.
655 2053 741 2094 Lips.
756 2052 823 2084 οὔτ’
840 2052 951 2084 ἐκεῖνο.

203 2108 252 2138 ta.
271 2106 314 2141 εἷς
333 2103 388 2146 μὲν
404 2102 458 2135 οὗν
474 2102 510 2134 τὸ
526 2102 568 2143 μὴ
587 2101 621 2133 ὃν
635 2101 722 2132 οὐδὲν
744 2101 781 2131 ἂν
795 2101 973 2138 κινηθῆναι·
988 2100 1025 2132 τὸ
1044 2099 1103 2142 γὰρ
1115 2101 1157 2142 μὴ
1181 2100 1215 2133 ὃν

156 2153 281 2194 οὐδαμῇ
301 2151 393 2184 εἶναι.
409 2151 459 2182 Ita
475 2152 562 2182 recte
580 2147 744 2180 Bekkerus
759 2155 833 2178 cum
851 2146 927 2179 rod.
952 2146 1038 2188 Lips.
1062 2148 1112 2180 Cf.
1134 2148 1215 2180 Sim-

160 2199 394 2242 pliciilocum,
416 2205 513 2238 quem
535 2195 618 2228 infra
646 2203 815 2235 ponemus.
843 2196 924 2227 Nam
952 2195 984 2227 in
1014 2195 1146 2235 vulgata
1173 2195 1214 2228 le·

158 2247 347 2288 ctioncjure
363 2246 459 2278 haesit
474 2244 682 2281 Karstenius,
694 2243 748 2284 qui
773 2256 782 2275 :
805 2255 822 2271 α
842 2243 976 2281 melius.
993 2243 1115 2284 inquit,
1134 2244 1215 2276 scri·

160 2298 251 2336 ptum
280 2295 363 2326 esset
385 2292 448 2325 005’
471 2292 509 2324 ἂν
536 2292 699 2329 κινηθῆναι
713 2314 722 2331 ,
745 2290 928 2331 diligentior
959 2299 1035 2322 vero
1055 2291 1215 2323 scribendi

160 2342 241 2374 ratio
259 2341 434 2383 postularet
451 2339 522 2372 liaec
539 2338 583 2370 ita
598 2337 765 2377 transponi
785 2350 794 2370 z
809 2339 836 2370 εἰ
853 2338 909 2379 μὲν
926 2337 979 2370 οὖν
994 2339 1037 2379 μὴ
1054 2339 1191 2377 κινηθειή
1205 2364 1213 2378 ,

158 2389 254 2428 μηδὲν
273 2388 308 2430 (ἰ.
326 2396 353 2420 e.
373 2388 416 2429 μὴ
441 2386 488 2428 ὃν)
515 2386 552 2418 ἂν
576 2386 656 2418 εἶναι
674 2385 762 2417 αὐτὸ.
774 2398 790 2413 »
809 2386 897 2417 ldem
919 2394 976 2426 pro
997 2385 1118 2427 οὐδαμῇ
1136 2386 1214 2418 εἶναι

158 2434 387 2476 corrigendum
405 2435 496 2476 putat
513 2433 636 2474 οὐδαμῇ
653 2434 742 2465 ἱέναι.
763 2435 804 2465 At
828 2433 876 2465 liis
889 2433 1125 2466 mutationibus
1142 2433 1215 2466 licet

156 2482 379 2523 supersedere.

204 2531 254 2561 14.
273 2529 345 2562 εἰδὲ
363 2530 405 2565 εἷς
436 2528 555 2567 ἄλληλα
577 2527 783 2569 μεταὸάλλοι,
806 2527 904 2560 πλείω
921 2517 1022 2560 αὐτὸιῗ
1036 2529 1114 2560 εἶναι
1135 2529 1213 2565 ἑνὸς.

158 2577 231 2609 Non
249 2575 372 2617 liquet,
387 2577 498 2606 utrum
515 2583 533 2607 e
546 2574 641 2607 codd.
656 2583 697 2606 an
710 2582 728 2606 e
742 2574 904 2607 veteribus
920 2575 1115 2607 editionibus
1133 2576 1214 2608 Bek-

164 2623 262 2656 kerus
285 2623 456 2663 sumpserit
470 2621 563 2654 αὐτόν
577 2646 586 2661 ,
604 2621 691 2662 quod
709 2621 734 2653 si
750 2622 838 2653 recte
851 2630 886 2654 se
900 2621 1031 2654 haberet
1042 2646 1051 2661 ‚
1067 2622 1107 2654 ad
1118 2622 1214 2655 deum

161 2670 271 2703 referri
291 2670 323 2702 in
345 2671 473 2710 promtu
501 2670 598 2701 esset.
632 2667 693 2701 Sed
713 2668 865 2709 quoniam
883 2669 1096 2711 Xenophanes
1117 2669 1213 2702 deum

160 2724 265 2750 unum
279 2726 365 2757 esse,
380 2725 444 2749 uon
464 2716 571 2757 piures
585 2716 651 2757 jam
674 2723 772 2756 supra
787 2716 1044 2755 demonstravit,
1064 2715 1114 2748 liic
1132 2725 1213 2749 neu-

161 2767 247 2798 trum
265 2765 341 2797 αὐτὸ
358 2763 530 2804 flagitatur,
552 2762 638 2803 quod
656 2764 794 2804 pertinet
815 2763 855 2795 ad
873 2764 909 2796 τὸ
923 2764 955 2796 ἓν
971 2764 1021 2796 vel
1050 2764 1084 2796 τὸ
1111 2764 1157 2797 ὄν.
1177 2765 1214 2796 ld

158 2813 268 2854 ipsum
291 2811 483 2844 Karstenius
496 2811 642 2852 scripsit,
667 2821 769 2853 quum
788 2812 819 2844 in
840 2811 1003 2844 nonnullis
1019 2812 1214 2845 editionibus

160 2860 349 2893 invenisset.
365 2861 522 2892 Praeterea
541 2860 578 2892 ἂν
599 2860 788 2900 particulam
802 2862 872 2900 post
890 2859 988 2892 πλείω
1004 2860 1124 2893 rectius
1139 2861 1214 2894 addi

159 2908 246 2940 idem
269 2908 320 2940 vir
339 2907 456 2940 doctus
475 2907 673 2940 observavit.

206 2957 255 2988 1⁶.
280 2955 404 2998 ἠρεμεῖν
427 2955 460 2987 δὲ
476 2955 529 2987 καὶ
563 2954 710 2992 ἀκίνητον
731 2954 812 2986 εἶναι
838 2954 875 2987 τὸ
893 2954 980 2987 οὐδὲν
1005 2955 1077 2989 cod.
1114 2957 1213 2998 Lips.;

121 3028 133 3035 .
157 3004 268 3038 caeteri
291 3003 374 3036 male
386 3004 509 3044 ἠρεμεῖν
531 3003 591 3044 γὰρ
609 3002 755 3041 ἀκίνητον
777 3013 807 3034 κ.
827 3013 857 3035 τ.
871 3003 900 3035 λ.

206 3052 255 3084 17.
277 3051 418 3093 ἀτρεμεῖν
444 3049 515 3081 οὔτε
540 3050 691 3081 κινεῖσθαι
709 3057 823 3081 omnes
843 3048 938 3080 codd.
961 3050 1022 3082 Sed
1042 3050 1120 3082 milii
1138 3061 1213 3084 cum

160 3099 331 3131 ‹Karstenio
350 3098 491 3141 ἀτρεμεῖν
509 3097 541 3129 in
560 3098 702 3139 ἠρεμεῖν,
725 3098 814 3138 quod
838 3097 946 3138 paullo
969 3099 1117 3139 superius
1141 3099 1214 3141 legi-

164 3147 231 3187 tur,
255 3146 410 3188 retingere
424 3145 550 3187 placet,
569 3145 645 3186 quia
669 3145 811 3188 ἀτρεμεῖν
835 3145 910 3178 licet
926 3147 1125 3188 quiescendi
1154 3157 1214 3180 no-

164 3193 249 3226 tione
269 3193 311 3225 ab
333 3193 404 3226 aliis
419 3193 629 3234 scriptoribus
647 3195 842 3234 ilsurpatum
863 3193 926 3233 sit,
952 3194 1062 3226 tamen
1086 3203 1150 3226 non
1164 3197 1214 3228 est

164 3240 428 3282 philosophorum
456 3241 619 3282 proprium
647 3241 703 3282 qui
733 3243 779 3283 τῷ
806 3242 957 3273 κινεῖσθαι
977 3243 1151 3282 opponunt
1178 3243 1214 3275 τὸ

155 3289 298 3330 ἠρεμεῖν.

204 3339 254 3368 20.
273 3334 345 3368 οὔτε
365 3335 488 3377 ἠρεμεῖν
508 3334 580 3368 οὔτε
597 3335 742 3375 ἀκίνητον
762 3337 853 3369 εἶναι.
875 3338 1020 3378 ineptam
1043 3346 1112 3370 esse
1133 3337 1215 3370 lianc

160 3382 422 3415 membranarum
431 3381 624 3423 scripturam
637 3383 759 3416 dudum
773 3385 996 3417 Fiillebornius
1009 3384 1132 3417 viderat
1143 3385 1214 3417 οὔτε

158 3430 286 3471 ἠρεμεῖν
305 3429 375 3462 οὔτε
393 3430 518 3469 κινητὸν
531 3430 610 3462 εἶναι
624 3431 886 3464 substituendum
903 3433 998 3465 ratus.
1014 3434 1084 3465 Non
1100 3432 1214 3473 injuria

162 3478 271 3509 autem
297 3475 486 3509 Karstenius
507 3476 552 3509 ait
571 3477 684 3510 melius
703 3480 821 3520 opponi
839 3480 874 3512 τὸ
907 3481 1033 3522 ἠρεμεῖν
1056 3482 1101 3521 τῷ
1123 3483 1213 3512 κινεῖ-

162 3525 235 3556 σθαι
257 3533 353 3566 quam
376 3526 420 3566 τῷ
449 3525 572 3563 κινητὸν
601 3526 699 3566 εἶναι,
721 3526 857 3568 ideoque
884 3527 915 3559 id
948 3527 1033 3569 quod
1053 3536 1148 3570 snpra
1170 3527 1214 3560 le—

1280 1141 1414 1180 gebatur
1447 1138 1543 1172 scribi
1571 1138 1642 1170 vult
1675 1138 1746 1170 οῠτε
1783 1138 1935 1169 κινεῖσθαι
1962 1137 2034 1169 οὔτε
2069 1137 2214 1176 ἀκίνητον
2244 1138 2336 1173 εἶναι.

1282 1187 1414 1220 Beckius
1443 1186 1475 1218 in
1496 1186 1607 1218 codice
1640 1184 1799 1226 Lipsiensi
1822 1184 1900 1216 illud
1933 1185 2079 1223 ἀκίνητον
2096 1186 2140 1217 ita
2167 1187 2338 1218 exaratum

1279 1243 1348 1267 esse
1360 1235 1511 1272 testatur,
1530 1235 1568 1265 ut
1585 1232 1722 1265 dubium
1742 1232 1785 1264 sit
1804 1231 1951 1269 ἀκίνητον
1966 1241 2006 1264 an
2022 1232 2182 1270 εὐκίνητον
2198 1232 2339 1266 voluerit

1280 1282 1440 1314 librarius.
1462 1281 1658 1319 Felicianus,
1678 1280 1734 1322 qui
1763 1280 1992 1320 interpretatur
2022 1287 2132 1322 neque
2164 1281 2338 1321 quiescere

1279 1338 1388 1372 neque
1410 1330 1556 1369 moveri,
1579 1328 1708 1360 videtur
1723 1328 1875 1360 κινεῖσθαι
1897 1327 2020 1368 legisse.
2036 1329 2073 1360 ln
2091 1327 2153 1359 hac
2170 1327 2214 1359 rei
2233 1327 2338 1360 ambi-

1279 1377 1400 1416 guitate
1428 1377 1513 1408 ultra
1555 1374 1753 1408 Fiillebornii
1789 1374 2009 1415 conjecturam
2022 1398 2032 1414 ,
2068 1382 2144 1415 quae
2196 1375 2340 1415 proxime

1278 1423 1317 1455 ad
1338 1423 1488 1456 codicum
1518 1422 1687 1455 lectionem
1706 1421 1852 1462 accedit,
1870 1421 2016 1463 progredi
2039 1430 2105 1453 non
2124 1430 2198 1454 snm
2226 1430 2339 1455 ausus.

1279 1471 1371 1511 Quod
1393 1471 1554 1512 reliquum
1568 1474 1617 1503 est
1636 1479 1711 1502 cum
1734 1478 1773 1502 eo
1789 1469 1877 1511 quod
1897 1470 1950 1501 hic
1967 1470 2125 1502 tractatur
2147 1472 2340 1510 argumento

1280 1517 1434 1559 Simplicii
1455 1519 1552 1550 verba
1570 1526 1806 1558 componamus
1824 1525 1833 1545 t
1853 1516 2081 1559 παραπλησίως
2099 1517 2132 1549 δὲ
2145 1517 2198 1548 καὶ
2215 1516 2338 1555 κίνησιν

1278 1566 1403 1608 ἀφαιρεῖ
1419 1566 1472 1597 καὶ
1493 1566 1549 1604 τὴν
1567 1565 1710 1607 ἠρεμίαν.
1732 1564 1879 1603 ἀκίνητον
1907 1564 1962 1605 μὲν
1981 1564 2041 1606 γὰρ
2067 1565 2147 1596 εἶναι
2164 1564 2201 1596 τὸ
2223 1564 2266 1605 μή
2286 1565 2337 1596 ὄν·

1278 1614 1350 1646 οὔτε
1362 1614 1424 1655 γὰρ
1437 1614 1475 1646 ἂν
1493 1614 1535 1650 εἰς
1548 1613 1624 1645 αὐτὸ
1644 1613 1746 1654 ἕτερον
1756 1635 1766 1651 ,
1782 1611 1853 1644 οὔτε
1870 1612 1947 1644 αὐτὸ
1965 1613 2040 1654 πρὸς
2057 1612 2133 1644 ἄλλο
2149 1612 2244 1644 ἐλθεῖν
2256 1621 2263 1628 ·
2287 1625 2338 1645 κι-

1277 1662 1398 1693 νεῖσθαι
1416 1661 1448 1692 δὲ
1459 1659 1500 1692 τὰ
1511 1660 1609 1692 πλείω
1627 1662 1683 1691 τοῦ
1702 1658 1769 1696 ἑνός
1783 1667 1790 1675 ·
1806 1659 1908 1700 ἕτερον
1921 1659 1981 1701 γὰρ
1997 1659 2039 1696 εἰς
2054 1659 2156 1701 ἕτερον
2183 1660 2338 1700 μεταὸάλ-

1278 1709 1340 1740 λειν
1353 1715 1362 1726 ·
1383 1709 1467 1739 ὥστε
1487 1708 1541 1739 καὶ
1555 1708 1629 1739 ὅταν
1650 1707 1682 1739 ἐν
1695 1707 1799 1749 ταύτῷ
1817 1706 1918 1746 μένειν
1934 1707 2011 1747 λέγῃ
2026 1707 2080 1739 καὶ
2098 1707 2140 1749 μὴ
2165 1710 2338 1749 κινεῖσθαι,

1362 1773 1422 1804 αἰεὶ
1439 1770 1465 1804 δ’
1481 1771 1512 1804 ἐν
1528 1771 1631 1812 ταύτῷ
1649 1782 1682 1803 τε
1701 1771 1803 1811 μένειν
1822 1771 2002 1812 κινούμενον
2019 1771 2107 1803 οὐδὲν

1361 1820 1433 1852 οὐδὲ
1448 1819 1650 1861 μετέρχεσῦαί
1671 1830 1722 1860 μιν
1739 1819 1902 1860 ἐπιπρέπει
1916 1818 2026 1850 ἄλλοτε
2044 1818 2121 1860 ἄλλῃ
2137 1841 2147 1858 ,

1278 1885 1315 1918 οὐ
1330 1885 1414 1918 κατὰ
1425 1885 1481 1924 τήν
1500 1884 1629 1927 ἠρεμίαν
1642 1885 1696 1923 τήν
1711 1883 1925 1925 ἀντικειμένην
1937 1887 1975 1925 τῇ
1989 1883 2111 1922 κινήσει
2129 1883 2229 1926 μένειν
2243 1884 2338 1916 αὐτόν

1278 1933 1321 1974 (i.
1343 1942 1373 1966 e.
1390 1934 1444 1965 τὸν
1462 1932 1547 1973 θεὸν)
1566 1943 1657 1974 φησιν
1669 1955 1678 1973 ,
1700 1932 1776 1963 ἀλλὰ
1789 1931 1872 1963 κατὰ
1883 1932 1939 1970 τὴν
1957 1932 2020 1964 ἀπὸ
2036 1931 2188 1970 κινήσεως
2198 1932 2252 1964 καὶ
2266 1932 2338 1973 ἠρε-

1278 1980 1350 2021 μίας
1369 1981 1567 2023 ἐξῃρημένην.

1612 2040 1750 2072 CAPUT
1781 2040 2000 2076 QUARTUM.

1322 2115 1354 2147 p.
1373 2108 1446 2147 977,
1466 2106 1499 2138 b.
1519 2111 1554 2138 21
1574 2116 1582 2137 :
1601 2108 1724 2148 πρῶτον
1738 2106 1792 2147 μὲν
1813 2106 1867 2139 οὖν
1880 2105 2030 2148 λαμὸάνει
2050 2107 2104 2138 καὶ
2118 2106 2206 2143 οὗτος
2230 2107 2266 2139 τὸ
2285 2119 2335 2147 γι-

1276 2153 1426 2194 γνόμενον
1444 2154 1603 2195 γίγνεσθαι
1619 2155 1650 2191 ἐξ
1674 2153 1777 2191 ὄντος,
1799 2154 1908 2195 ὥσπερ
1940 2154 1958 2185 ὁ
1986 2154 2156 2190 Μέλισσος.
2177 2152 2280 2186 καίτοι
2305 2155 2335 2186 τί

1277 2201 1392 2234 κωλύει
1409 2201 1479 2242 μήτ’
1501 2201 1531 2239 ἐξ
1552 2201 1663 2243 ὁμοίου
1688 2202 1724 2233 τὸ
1746 2201 1929 2243 γιγνόμενον
1957 2201 2138 2242 γίγνεσθαι,
2154 2199 2220 2232 ἀλλ’
2235 2200 2270 2232 ἐκ
2291 2203 2334 2241 μὴ

1277 2250 1375 2287 ὄντος.
1403 2251 1525 2282 Deesse
1553 2249 1605 2286 liic
1622 2248 1743 2290 aliquid
1770 2257 1845 2281 cum
1864 2249 1934 2290 ipsa
1963 2249 2006 2281 rei
2030 2250 2147 2280 natura
2180 2249 2334 2290 ostendit,

1279 2300 1349 2329 tum
1368 2297 1545 2329 Felicianus
1560 2297 1716 2337 interpres
1729 2296 1921 2335 confirmat,
1937 2296 2028 2337 quus
2039 2295 2110 2328 liaec
2124 2299 2201 2327 sunt
2211 2295 2309 2328 verba
2324 2307 2332 2328 :

1281 2357 1298 2373 «
1319 2346 1361 2376 At
1383 2345 1467 2376 enim
1487 2343 1565 2384 quid
1593 2343 1716 2382 obstat,
1743 2344 1821 2384 quin
1841 2352 1946 2385 neque
1978 2352 2017 2376 cx
2035 2342 2150 2380 simili,
2168 2350 2274 2384 neque
2295 2353 2334 2377 ex

1279 2391 1426 2424 dissimili
1446 2391 1476 2422 id
1501 2390 1590 2432 quod
1610 2390 1666 2430 fit,
1689 2390 1744 2423 sed
1761 2399 1802 2423 ex
1828 2399 1892 2424 non
1910 2392 1986 2423 ente
2002 2389 2160 2422 exsistat?
2181 2402 2196 2418 ι
2217 2391 2336 2424 Statuit

1278 2437 1497 2479 Colophonius
1514 2437 1722 2479 philosophus
1736 2462 1745 2478 ,
1761 2438 1787 2470 si
1810 2438 1888 2479 quid
1908 2439 2091 2478 generetur,
2108 2435 2140 2468 id
2157 2436 2215 2468 aut
2231 2445 2273 2469 ex
2289 2438 2333 2469 si·

1279 2486 1345 2518 mili
1363 2487 1419 2519 aut
1436 2494 1475 2518 ex
1490 2484 1633 2517 dissimili
1654 2485 1833 2518 necessario
1849 2485 2030 2526 procreari,
2049 2487 2203 2518 neutrum
2224 2486 2333 2517 autem

1277 2533 1344 2565 fieri
1377 2541 1483 2574 posse.
1508 2531 1687 2564 Conficitur
1714 2532 1774 2564 hoc
1798 2541 1839 2564 ex
1861 2531 1899 2564 iis
1925 2541 2000 2573 quac
2021 2540 2091 2573 cap.
2112 2536 2130 2564 3
2157 2532 2331 2573 leguntur:

1277 2581 1427 2613 ἀδύνατόν
1452 2592 1543 2621 φησιν
1560 2581 1639 2612 εἶναι
1662 2579 1690 2612 εῖ
1706 2592 1735 2612 τι
1754 2581 1838 2621 ἔστι,
1863 2580 2025 2621 γενέσθαι,
2050 2582 2142 2612 τοῦτο
2163 2580 2262 2621 λέγων
2282 2574 2332 2612 ἐπὶ

1275 2632 1331 2661 τοῦ
1347 2630 1418 2661 θεοῦ
1431 2637 1438 2644 ·
1456 2628 1576 2668 ἀνάγκη
1593 2628 1653 2669 γὰρ
1669 2628 1737 2666 ἦτοι
1755 2628 1784 2665 ἐξ
1800 2627 1911 2670 ὁμοίου
1927 2627 1946 2665 ἢ
1964 2627 1994 2664 ἐξ
2021 2626 2170 2668 ἀνομοίου
2186 2628 2330 2669 γενέσθαι

1278 2676 1314 2707 τὸ
1333 2675 1527 2716 γιγνόμενον.
1564 2675 1695 2714 δυνατὸνΙ
1715 2674 1748 2707 δὲ
1776 2675 1947 2716 οὐδέτερον.
1970 2674 2055 2706 Hinc
2086 2674 2275 2706 Karstenius
2301 2678 2333 2707 et

1278 2723 1434 2763 Bergkius
1450 2725 1659 2755 correxerunt
1681 2734 1690 2754 ι
1708 2721 1812 2755 καίτοι
1826 2722 1856 2754 τί
1873 2722 1987 2754 κωλύει
2001 2722 2072 2761 μήτ’
2089 2721 2119 2758 ἐξ
2134 2721 2245 2762 ὁμοίου
2263 2721 2333 2763 μήτ’

1278 2770 1308 2806 ἐξ
1324 2769 1473 2811 ἀνομοίου
1486 2770 1522 2802 τὸ
1541 2769 1721 2810 γιγνόμενον
1744 2769 1922 2811 γίγνεσθαι,
1943 2767 2009 2800 ἀλλ’
2023 2768 2058 2800 ἐκ
2071 2769 2114 2811 μὴ
2130 2768 2230 2806 ὄντος.
2251 2771 2331 2802 Nam

1277 2817 1355 2849 nihil
1371 2818 1501 2850 obstare
1516 2821 1626 2849 censet
1643 2817 1851 2859 Aristoteles,
1869 2815 1996 2849 etiamsi
2013 2816 2046 2848 id
2067 2816 2209 2856 largiaris
2222 2839 2231 2855 ,
2247 2826 2331 2858 quo-

1277 2864 1384 2896 minus
1401 2872 1440 2896 ex
1460 2864 1559 2896 nihilo
1575 2863 1696 2904 aliquid
1713 2864 1871 2905 gignatur.
1889 2865 2050 2896 Praeterea
2066 2863 2268 2897 commodior
2283 2867 2333 2896 est

1278 2911 1451 2943 verborum
1485 2911 1653 2944 collocatio
1687 2920 1762 2952 quae
1791 2911 1824 2944 in
1861 2910 2020 2952 Lipsiensi
2047 2910 2157 2943 codice
2185 2912 2290 2944 exstat
2321 2922 2330 2944 ε

1276 2962 1398 3001 πρῶτον
1416 2959 1470 3002 μὲν
1487 2959 1541 2992 οὖν
1563 2958 1713 3000 λαμὸάνει
1742 2959 1778 2992 τὸ
1800 2958 1983 3001 γιγνόμενον
1999 2958 2053 2990 καὶ
2079 2957 2169 2996 οὗτος
2196 2959 2227 2996 ἐξ
2246 2959 2331 2997 ὄντος

1275 3007 1445 3048 γίγνεσθαι.

1318 3056 1369 3087 24.
1386 3055 1404 3086 ὁ
1432 3054 1498 3091 Θεὸς
1517 3054 1680 3094 ἀγέννητος
1696 3055 1716 3093 ἣ
1747 3062 1766 3086 e
1782 3053 1938 3095 Lipsiensi
1959 3053 2043 3086 libro
2066 3053 2269 3086 substituisse
2297 3063 2331 3086 se

1276 3100 1354 3133 dicit
1375 3101 1537 3134 Bekkerus
1566 3111 1626 3143 pro
1648 3101 1735 3142 vulg.
1767 3101 1932 3143 ἀγέννητος
1957 3103 2002 3141 εἰ,
2026 3101 2083 3133 sed
2112 3101 2144 3133 in
2174 3100 2329 3142 Lipsiensi

1277 3148 1388 3181 codice
1404 3151 1452 3182 est
1467 3149 1614 3190 ἀγένητος
1629 3150 1649 3188 ἢ
1661 3174 1670 3189 ,
1685 3157 1781 3190 quam
1799 3149 1972 3182 lectionem
1999 3148 2180 3181 Felicianus
2203 3157 2332 3189 quoque

1275 3196 1429 3237 sequitur.

1317 3248 1368 3277 25.
1386 3243 1473 3286 sbrep
1485 3244 1609 3277 ἅπαντα
1623 3243 1654 3281 ἐξ
1665 3243 1775 3286 ὁμοίου
1789 3243 1809 3282 ἢ
1827 3242 1978 3285 ἀνομοίου
1989 3243 2126 3283 γέγονεν.
2143 3242 2197 3274 Sic
2211 3241 2307 3283 vulgo
2319 3254 2328 3282 ;

1275 3291 1347 3323 cod.
1366 3291 1453 3332 Lips.
1470 3290 1555 3334 εῖπερ
1570 3290 1693 3323 ἅπαντα
1710 3291 1741 3328 ἐξ
1760 3289 1870 3331 ὁμοίου
1886 3291 1906 3329 ἢ
1921 3290 1972 3321 καὶ
1987 3291 2016 3326 ἐξ
2029 3288 2179 3330 ἀνομοίου
2192 3289 2326 3328 γέγονεν.

1317 3343 1368 3372 26.
1389 3339 1475 3381 παρὰ
1492 3339 1545 3371 τὸν
1561 3339 1631 3371 θεὸν
1650 3339 1756 3371 exstat
1774 3339 1806 3369 in
1826 3337 1908 3369 libro
1920 3336 2075 3378 Lipsiensi
2090 3335 2214 3375 fuitque
2231 3335 2263 3366 in
2277 3344 2328 3367 co-

1274 3386 1347 3419 dice
1362 3386 1510 3419 Feliciani
1525 3386 1580 3427 qui
1600 3387 1687 3418 recte
1706 3385 1804 3418 vertit
1822 3386 1954 3425 praeter
1974 3383 2094 3424 deum;
2114 3382 2146 3414 in
2162 3382 2327 3415 veteribus

1275 3433 1467 3467 editionibus
1484 3434 1622 3466 liabetur
1638 3434 1707 3475 περὶ
1722 3432 1809 3473 quod
1830 3432 1977 3474 ineptum
1994 3432 2054 3464 est.

1317 3483 1368 3514 27.
1384 3480 1428 3513 ἔτι
1446 3481 1612 3523 κράτιστον
1625 3481 1679 3513 τὸν
1699 3481 1769 3512 θεὸν
1785 3489 1803 3512 e
1823 3479 1908 3520 Lips.
1929 3478 2002 3511 cod.
2026 3476 2130 3518 posuit
2148 3475 2326 3516 l3ekkerus;

1273 3529 1348 3560 ante
1369 3527 1452 3560 male
1471 3527 1672 3559 scribebatur
1685 3526 1770 3568 εἰπερ
1784 3526 1907 3558 ἅπαντα
1921 3524 2138 3566 ἐπικράτιστον
2151 3532 2180 3553 τ.
2194 3523 2220 3554 0.
