2612 3814
952 253 1005 291 IN
1035 250 1256 292 AUREUM
1285 249 1497 291 CARMEN

153 343 351 397 προσφέρῃς
381 341 400 381 ὃ
421 340 539 395 βούλει
575 340 743 391 δεῖξαι,
777 339 800 387 ἢ
828 342 902 383 πῶς
934 339 976 378 ἂν
1002 343 1054 394 τῷ
1080 342 1202 392 ὁρῶντι

153 402 326 448 δείξαις
364 402 473 453 μηδὲν
498 399 728 453 προσάγωη)
752 399 933 453 ἀμφότερα
964 394 1022 439 οῦν
1039 405 1204 453 παρεῖναι

153 463 216 500 δεῖ·
233 461 272 500 τό
290 476 328 499 τε
346 459 443 512 παρὰ
473 462 532 498 τοῦ
554 460 594 497 δε
609 459 704 497 ικνύ
716 473 812 509 ντος
831 459 1093 511 προσαγόμενον
1114 459 1204 510 ἀγα-

153 520 232 569 θόν,
261 519 322 558 καὶ
349 518 389 558 τὸ
420 517 518 570 παρὰ
552 521 635 564 τοῦ,
667 511 697 570 ᾧ
731 516 980 564 δείκνυται,
1008 517 1202 570 διορατικὸν

153 579 264 630 ὄμμα·
279 577 345 616 ἵνα·
360 579 488 616 ἐκεῖθεν
510 575 573 627 μὲν
604 576 644 614 τὸ
675 575 797 628 ὁρατόν
812 606 822 624 ,
841 578 994 615 ἐντεῦθεν
1020 576 1056 615 δὲ
1078 579 1100 623 ἡ
1120 575 1204 629 ὅρα-

154 654 228 685 σις,
250 636 430 690 συνδράμῃ
457 634 542 689 πρὸς
560 634 623 682 τὴν
642 637 704 682 τ’ἧς
737 634 909 680 δείξεως
937 634 1204 686 συμπλήρωσιν.

110 720 115 726 -
153 695 300 735 Τούτων
321 694 356 733 δὲ
377 693 487 738 οὕτως
509 693 680 746 ἐχόντων,
702 692 870 743 λοίὸωμεν
892 694 1055 732 ὑπόθεσιν
1072 692 1207 736 πάντας

155 753 232 805 ἅμα
252 754 535 799 ἀπολυθῆναι
557 752 599 791 ἂν
619 755 707 791 τῶν
741 755 911 801 κακῶν,
927 756 968 791 εἷ
988 757 1100 792 πᾶσι
1121 751 1206 790 δεί-

156 813 197 858 ξε
209 828 272 851 ιεν
289 813 307 850 ὁ
327 811 536 864 δημιουργὸς
551 811 610 850 καὶ
631 811 834 864 ἐμφανίσειε
851 811 913 859 τὴν
931 814 992 859 τῆς
1006 813 1139 856 ἑαυτῶν
1152 812 1208 850 οὗ·

105 893 107 895 -
155 869 233 915 σίας
250 870 518 922 ἐπίγνωσιν,καὶ
534 869 609 924 οἴῳ
623 873 682 923 τῷ
700 870 879 921 δαίμονι
898 873 1015 923 χρῶν
1029 886 1115 910 ται.
1133 869 1208 909 Ἀλ-

155 929 201 968 λὰ
221 929 290 980 μὴν
305 930 344 968 οὐ
361 929 535 974 πάντες
552 929 628 981 ἅμα
643 928 919 969 ἀπολύονται
938 932 1024 968 τῶν
1047 932 1206 968 κακῶν.

154 989 232 1028 Οὔκ
249 989 316 1041 ἄρα
332 1004 360 1026 π
373 994 395 1026 ᾶ
407 1004 448 1028 σι
470 990 511 1027 δε
521 989 531 1027 ί
542 1005 564 1028 κ
575 1005 591 1027 ν
603 1005 622 1027 υ
635 1004 657 1027 σ
670 1003 707 1027 ιν
719 1017 730 1038 ,
744 988 835 1028 ἀλλὰ
852 988 967 1039 μόνοις
984 987 1125 1031 ἐκείνοις
1140 988 1209 1032 τοῖς

156 1047 243 1099 πρὸς
279 1048 414 1087 ἀπόλυ
429 1063 497 1086 σιν
525 1050 611 1087 τῶν
629 1050 775 1087 κακῶν
803 1047 934 1086 οἴκοθεν
958 1047 1205 1100 ὡρμημένοις,

155 1105 217 1144 καὶ
235 1106 275 1145 τὸ
294 1108 377 1159 παρ’
396 1109 533 1145 ἑαυτῶν
553 1106 653 1158 ὄμμα
673 1106 759 1158 πρὸς
779 1106 860 1146 θέαν
880 1109 940 1144 τοῦ
971 1105 1209 1158 δεικνυμέ-

156 1181 202 1205 νο
216 1182 235 1205 υ
251 1165 311 1205 καὶ
332 1165 510 1218 ὑποδοχὴν
531 1166 767 1205 ἀνατείνασιν.
840 1166 919 1205 Οὐκ
939 1165 1007 1217 ἄρα
1028 1164 1130 1209 αὐτὸς
1149 1163 1206 1203 αἴ-

157 1240 227 1269 τιος
241 1229 301 1264 τοῦ
319 1224 368 1276 μὴ
389 1231 448 1264 πᾶ
466 1240 508 1263 σι
525 1226 543 1263 δ
554 1225 617 1270 εῒξ
628 1240 650 1262 α
662 1240 689 1276 ι,
706 1223 784 1263 ἀλλ’
804 1225 835 1263 οῖ
850 1226 920 1276 τῶν
942 1225 1081 1276 ἀγαθῶν
1102 1224 1211 1268 πέλας

157 1283 264 1322 ὄντων
285 1282 357 1322 οὔτ’
386 1285 598 1336 ἐσορῶντες,
633 1281 712 1322 οὔτε
732 1282 897 1326 κλύοντες
911 1313 922 1334 ,
945 1283 1006 1320 καὶ
1033 1282 1090 1320 διὰ
1116 1284 1208 1321 τοῦτ’

156 1342 346 1392 αὐθαίρετα
381 1341 520 1393 πήματ’
541 1341 632 1393 ἔχειν
660 1341 856 1392 λεγόμενοι.
928 1340 1034 1380 Αἷτία
1062 1334 1120 1378 οὖν
1150 1343 1210 1379 τοῦ

156 1399 336 1450 ἑλομένου·
366 1399 440 1444 θεὸς
471 1399 508 1438 δὲ
537 1415 589 1438 κα
601 1415 623 1438 κ
634 1401 686 1438 ῶν
730 1401 752 1437 ἀ
765 1415 782 1437 ν
794 1416 816 1438 α
829 1398 910 1438 ίτιο
922 1416 937 1444 ς
950 1429 961 1447 ,
988 1399 1210 1452 προλάμπων

157 1459 221 1508 μὲν
242 1458 298 1497 ἀεὶ
317 1457 361 1496 τὰ
383 1457 499 1510 ἀγαθὰ
530 1464 647 1498 πᾶσι
661 1474 700 1506 ν,
727 1459 805 1496 ὅσον
834 1458 886 1511 ἐφ’
906 1459 1043 1510 ἑαυτῷ,
1064 1458 1103 1496 οὗ
1124 1458 1211 1496 δει-

156 1516 231 1557 κνὺ
243 1533 258 1562 ς
276 1517 312 1556 δὲ
335 1516 390 1555 ἀεὶ
411 1523 503 1555 πᾶσ
520 1533 576 1565 ιν,
591 1519 640 1568 τῷ
653 1516 692 1555 τὸ
708 1517 834 1569 θεωρὸν
854 1516 954 1568 ὄμμα
976 1519 1044 1554 τῶν
1063 1531 1204 1569 προτει-

159 1576 312 1628 νομένων
343 1578 484 1628 ἀγαθῶν
516 1577 550 1614 ἐν
584 1576 655 1619 τοῖς
686 1575 863 1620 πλείστοις
898 1574 1093 1625 μεμυκέναι
1107 1604 1117 1619 ‚
1149 1577 1211 1613 καὶ

156 1635 256 1678 κάτω
288 1634 397 1673 νεύειν
427 1633 577 1688 ἀσχολίᾳ
607 1636 651 1687 τῇ
672 1634 757 1686 πρὲις
792 1632 836 1672 τὰ
867 1634 1023 1687 χείρονα.
1097 1633 1142 1675 Ἥ
1174 1634 1211 1673 δὲ

157 1693 303 1741 τοιαύτη
319 1695 389 1732 τῶν
409 1693 649 1746 προκειμένων
664 1695 757 1732 ἐπῶν
781 1692 943 1742 ἐξήγησις
962 1693 1022 1732 καὶ
1042 1693 1128 1745 πρὸς
1146 1692 1210 1741 τὴν

159 1753 326 1800 ἀλήθειαν
346 1751 455 1800 αὐτὴν
476 1757 676 1806 συμφωνεῖ,
697 1752 756 1790 καὶ
777 1751 859 1804 πρὸς
877 1751 939 1798 τὴν
959 1756 1028 1791 τῶν
1045 1755 1211 1805 ὑπερκει-

158 1811 271 1866 μένων
290 1812 382 1849 ἐπῶν
412 1810 579 1849 διάνοιαν.
650 1813 696 1850 Εἰ
715 1810 782 1863 γὰρ
803 1811 860 1848 ἐπὶ
887 1813 936 1864 τῷ
958 1813 1023 1863 θεῷ
1042 1812 1134 1849 ἐστιν
1154 1813 1212 1850 ἑλ-

157 1869 263 1912 κύσαι
278 1869 364 1923 πρὸς
380 1868 443 1917 τὴν
465 1869 629 1917 ἀλήθειαν
651 1869 729 1915 τοὺς
748 1868 947 1922 ἀνθρώπους
967 1870 1027 1908 καὶ
1048 1871 1210 1916 ἄκοντας,

157 1927 194 1973 τί
210 1927 398 1981 αὐθαίρετα
420 1928 564 1979 πήματ’
584 1927 676 1981 ἔχειν
712 1930 825 1972 αὐτοῖς
857 1929 1142 1980 ἐπεγκαλοῦμεν;
1173 1927 1210 1966 τί

158 1988 195 2026 σὲ
227 1986 508 2039 συμέουλεύομεν
529 1990 574 2032 ὡς
593 1988 655 2035 τὴν
683 1986 755 2041 ἔριν
784 1987 823 2026 οὗ
852 1988 905 2026 δεῖ
929 1987 1140 2040 προσάγειν,
1161 1986 1210 2025 εἴ·

158 2101 227 2152 qui
243 2113 315 2152 per
335 2113 376 2139 se
395 2101 443 2139 ad
463 2104 643 2138 malorum
660 2100 917 2138 liberationem
934 2100 1105 2152 prompti
1122 2109 1212 2138 sunt

159 2167 196 2200 et
211 2159 344 2198 oculos
363 2172 454 2198 suos
471 2159 519 2197 ad
538 2159 579 2197 id
599 2159 704 2210 quod
724 2161 927 2197 ostenditur
943 2159 1210 2210 contemplan-

159 2222 251 2258 dum
268 2226 306 2257 et
324 2218 598 2269 excipiendum
619 2217 838 2256 intendunt.
859 2216 960 2266 Ergo
976 2230 1055 2255 non
1071 2217 1155 2268 ipse
1171 2217 1212 2254 in

161 2289 275 2315 causa
297 2284 374 2324 est,
397 2290 467 2314 cur
487 2290 566 2314 non
586 2275 771 2314 omnibus
790 2275 987 2322 ostendat,
1011 2276 1076 2313 sed
1098 2275 1127 2313 ii
1145 2276 1213 2325 qui

163 2349 176 2372 ι
187 2334 292 2372 icina
308 2333 415 2372 bona
428 2347 554 2384 neque
571 2334 702 2372 vident
723 2346 849 2383 neque
868 2333 1032 2371 audiunt
1048 2333 1214 2384 ideoque

160 2393 379 2432 voluntaria
396 2393 497 2430 mala
514 2393 595 2444 pati
615 2393 814 2431 dicuntur.
843 2392 969 2444 Culpa
987 2393 1108 2442 igitur
1129 2391 1213 2443 ejus

160 2460 218 2492 cst
235 2453 305 2503 qui
324 2452 454 2502 eligit3
474 2452 578 2490 Deus
594 2461 719 2490 autem
745 2454 925 2489 malorum
944 2451 1059 2502 culpa
1076 2460 1188 2489 vacat
1201 2479 1211 2498 ‚

162 2511 355 2558 efficiens,
375 2518 562 2561 quantum
584 2511 626 2548 in
646 2511 732 2562 ipso
762 2519 839 2556 est,
859 2518 902 2548 ut
928 2509 1034 2548 bona
1061 2523 1214 2560 semper

164 2569 330 2609 „mnibus
347 2569 605 2620 praeluceant,
625 2581 705 2606 non
732 2570 928 2605 ostendens
943 2580 1038 2606 vero
1059 2580 1213 2619 semper

165 2630 345 2674 omnibus,
388 2627 575 2678 quoniam
609 2627 869 2678 plurimorum
904 2627 1029 2673 oculi,
1069 2626 1214 2677 quibus

165 2690 266 2725 tona
284 2685 486 2737 proposita
503 2684 760 2735 contemplari
777 2692 956 2735 possent,
977 2683 1098 2722 clausi
1126 2693 1216 2722 sunt

162 2753 200 2784 et
219 2744 399 2782 deorsum
422 2742 632 2781 flectuntur
659 2743 701 2780 in
732 2742 996 2781 deterioribus
1019 2742 1212 2793 occupati.

167 2801 401 2852 Hujusmodi
422 2803 713 2853 propositorum
741 2813 925 2839 versuum
949 2801 1155 2852 explicatio
1178 2809 1215 2838 et

162 2874 250 2900 cum
269 2862 430 2899 veritate
445 2862 530 2911 ipsa
543 2868 581 2898 et
601 2873 687 2898 cum
707 2859 1008 2911 praecedentium
1031 2873 1213 2898 versuum

164 2932 280 2959 sensu
302 2919 500 2969 congruit.
524 2918 564 2957 Si
589 2919 693 2957 enim
714 2919 818 2956 Deus
846 2917 962 2956 habet
986 2926 1213 2969 potestatem

162 2979 354 3026 homines,
363 2979 476 3016 etiam
488 2979 648 3024 invitos,
667 2978 715 3015 ad
726 2978 927 3015 veritatem
940 2977 1131 3024 trahendi,
1146 2991 1215 3015 cur

162 3037 220 3076 eis
234 3037 376 3078 damna
387 3036 493 3074 ultro
508 3037 690 3075 arcessita
701 3035 1006 3089 exprobramus?
1020 3035 1099 3074 Cur
1119 3049 1215 3074 vero

165 3095 271 3136 litem
294 3109 374 3134 non
393 3095 600 3144 adducere,
621 3095 687 3134 sed
707 3095 879 3134 cedendo
909 3095 1056 3134 evitare
1083 3095 1214 3133 suade·

164 3154 275 3191 mus?
295 3163 360 3192 aut
379 3167 449 3192 cur
470 3167 580 3192 casus
614 3154 799 3192 adversos
830 3154 1021 3205 patienter
1047 3154 1147 3192 ferre
1179 3162 1216 3192 et

164 3211 336 3250 remedia
366 3225 539 3262 quaerere
570 3225 636 3251 eos
666 3212 878 3263 jubemus?
898 3213 963 3251 via
987 3213 1090 3251 enim
1123 3212 1215 3259 illa,

163 3283 249 3320 quae
270 3283 339 3321 per
365 3271 612 3321 disciplinam
634 3271 682 3309 ad
703 3272 887 3310 virtutem
911 3271 1044 3321 ducit,
1068 3270 1117 3309 ab
1138 3271 1216 3310 illis

164 3343 320 3380 prorsus
343 3329 615 3368 intercluditur
635 3331 703 3381 qui
719 3331 886 3370 liberum
909 3331 1116 3369 arbitrium
1135 3331 1216 3368 tol-

165 3388 260 3427 lunt.
280 3387 412 3438 Neque
430 3388 533 3426 enim
555 3402 654 3440 opus
674 3390 774 3428 foret
793 3403 864 3428 nos
885 3389 1064 3428 laborare
1083 3397 1120 3427 et
1136 3401 1215 3427 me-

164 3446 279 3484 ditari
299 3455 337 3484 et
355 3459 482 3484 amare
503 3445 631 3496 bona,
655 3448 688 3486 si
706 3447 778 3486 Dei
795 3449 999 3500 proprium
1021 3457 1120 3487 esset
1145 3460 1217 3486 nos

165 3505 348 3547 vitiorum
359 3506 551 3545 immunes
562 3519 715 3545 servare
729 3507 1023 3559 virtutibusque
1036 3507 1214 3558 implere,

2240 257 2318 292 47¹7

1266 342 1372 378 κοντα
1399 338 1434 377 δὲ
1454 338 1618 392 φεύγειν;
1636 338 1659 384 ἢ
1674 339 1706 376 τί
1727 338 1771 378 τὰ
1793 338 2032 390 συμὸαίνοντα
2047 339 2168 391 πράως
2186 340 2317 394 φέρειν,

1266 397 1326 436 καὶ
1360 398 1479 435 ἰᾶσθαι
1510 396 1718 440 σπουδάζειν
1751 396 2000 446 ἐπιτάττομεν;
2027 394 2115 440 ὅλως
2135 396 2202 449 γὰρ
2223 401 2244 444 ἡ
2263 396 2320 435 διὰ

1268 455 1455 506 μαθήσεως
1485 454 1571 507 πρὸς
1600 453 1727 507 ἀρετὴν
1751 454 1827 498 ὁδὸς
1860 453 2132 493 ἀποκέκλεισται
2163 462 2234 499 τοῖς
2265 456 2317 495 Τὸ

1267 516 1318 567 ἐφ’
1340 518 1424 565 ἡμῖν
1446 515 1663 566 ἀναιροῦσιν.
1721 513 1776 552 Οὒ
1798 512 1869 565 γὰρ
1889 511 1930 551 ἂν
1947 513 2018 552 ἔδει
2033 519 2169 563 πονεῖν,
2185 515 2264 552 οὐδὲ
2283 516 2317 552 ἐν

1269 574 1397 626 μελέτῃ
1417 573 1478 611 καὶ
1498 572 1602 625 ἔρωτι
1623 571 1780 611 τίθεσθαι
1796 570 1840 610 τὰ
1860 571 1953 609 καλά
1966 601 1976 618 ,
2001 573 2030 611 εἰ
2053 576 2113 610 τοῦ
2135 576 2211 611 θεοῦ
2234 572 2318 611 ἴδιον

1267 628 1308 680 ’ἦν
1330 631 1450 677 σώζειν
1470 634 1564 682 ἡμᾶς
1587 630 1657 669 ἀπὸ
1677 630 1825 682 κακίας,
1840 631 1901 670 καὶ
1920 633 1990 670 τῶν
2013 633 2149 683 ἀρετῶν
2173 633 2320 683 πλήρεις

1268 693 1378 731 ποιεῖν
1395 691 1504 743 μηδὲν
1521 690 1605 744 παρ’
1629 693 1765 730 ἑαυτῶν
1791 690 2093 744 συνεισφέροντας.
2153 690 2244 730 Ἀλλ’
2265 692 2324 730 οὕ-

1268 767 1334 795 τως
1367 751 1408 789 ἂν
1431 750 1566 799 ἡ“αἷτία
1584 752 1647 797 τῆς
1673 753 1742 789 τῶν
1763 751 1904 790 πολλῶν
1923 749 2093 803 πονηρίας
2109 754 2187 789 θεοῦ
2208 745 2249 798 ἦν
2268 750 2324 802 ἔγ-

1269 812 1403 861 κλημα.
1461 811 1505 849 Εἰ
1525 809 1561 848 δὲ
1579 808 1732 853 ἀναίτιος
1754 811 1873 848 κακῶν
1892 811 1910 848 ὁ
1931 809 2021 858 θεός,
2039 808 2160 862 ὥσπερ
2182 809 2242 848 καὶ
2262 809 2323 848 λε’-

1269 885 1368 923 γεται
1402 869 1462 908 καὶ
1481 868 1577 917 ἔστι,
1610 869 1714 916 δῆλον
1746 871 1792 913 ὡς
1817 870 1902 921 παρ’
1923 871 2017 919 ἡμᾶς
2036 871 2059 916 ἡ
2088 870 2157 907 τῶν
2181 870 2321 921 ἀγαθῶν

1271 928 1486 977 ἀπόστασις,
1502 927 1555 967 ὅτι
1578 927 1688 971 πέλας
1704 927 1814 966 ὄντων
1841 930 1978 979 αὐτῶν,
1999 928 2058 966 καὶ
2074 929 2108 966 ἐν
2126 928 2211 979 ἡμῖν
2231 927 2324 967 κατὰ

1269 986 1332 1031 τὰς
1352 987 1544 1040 φυσικὰς
1570 986 1701 1031 ἐννοίας
1731 986 1914 1038 κειμένων,
1935 985 2006 1026 οὔτ’
2033 987 2231 1040 ἐσορῶμεν,
2247 985 2326 1025 οὔτε

1271 1045 1433 1095 κλύομεν.
1494 1045 1599 1087 Αἷτία
1617 1045 1653 1086 δὲ
1665 1049 1727 1094 τῆς
1742 1046 1836 1085 ciffis·
1861 1045 1913 1090 ίας
1930 1045 2062 1092 ταύτης
2081 1045 2141 1084 καὶ
2157 1044 2325 1093 ἀνηκοΐας

1273 1107 1294 1151 ἡ
1323 1103 1435 1157 λυγρὰ
1461 1103 1555 1157 ἔρις,
1590 1104 1790 1158 αὐθαίρετος
1816 1119 1904 1143 ουσα
1928 1103 2070 1158 βλάὸη,
2108 1104 2151 1152 ἣν
2196 1105 2235 1143 οὗ
2277 1105 2328 1142 δεῖ

1272 1164 1438 1216 προάγειν
1463 1163 1520 1202 ἐπὶ
1538 1166 1673 1211 πλεῖον,
1708 1163 1846 1202 εἴκοντα
1877 1162 1914 1201 δὲ
1949 1163 2085 1216 φεύγειν
2106 1162 2168 1201 ἀπ’
2198 1163 2322 1211 αὗτῆς,

1273 1223 1334 1262 καὶ
1363 1223 1427 1270 τὴν
1455 1225 1524 1262 τῶν
1552 1225 1704 1261 κακῶν
1727 1222 1851 1262 λύσιν
1879 1221 2058 1270 συνιέναι,
2093 1221 2153 1260 καὶ
2181 1220 2243 1269 τὴν
2279 1222 2326 1266 εἷς

1273 1282 1348 1321 Θεὸν
1379 1281 1593 1335 ἐπιστροφὴν
1615 1280 1835 1334 ἐξευρίσκειν.
1892 1280 1999 1321 Οὕτω
2015 1280 2084 1334 γὰρ
2107 1283 2129 1328 ἡ
2150 1280 2246 1332 παρὰ
2267 1283 2326 1319 τοῦ

1274 1345 1350 1380 θεοῦ
1366 1341 1539 1394 ἔλλαμψις
1552 1370 1563 1389 ,
1585 1342 1648 1388 τῆς
1667 1341 1750 1393 παρ’
1769 1342 1870 1390 ἡμῶν
1891 1339 2046 1393 ὁράσεως
2071 1341 2161 1393 αὐτῇ
2182 1355 2328 1392 συντρε-

1272 1399 1427 1452 χούσης,
1455 1398 1597 1445 δεῖξις
1622 1398 1769 1451 γίνεται.
1827 1396 1948 1451 Ἔργα
1965 1396 2002 1436 δὲ
2028 1400 2091 1444 τῆς
2116 1396 2323 1446 δείξεως,

1275 1460 1391 1512 ψυχῆς
1412 1457 1551 1507 ἄκεσις,
1569 1457 1629 1497 καὶ
1650 1457 1807 1511 σωτηρία
1830 1457 1901 1495 ἀπὸ
1917 1459 1985 1495 τῶν
2004 1457 2088 1509 τῇδε
2113 1456 2241 1506 πόνων,
2265 1452 2324 1494 καὶ

1276 1516 1499 1564 συναίσθησις
1531 1519 1599 1555 τῶν
1638 1516 1737 1556 θείων
1782 1519 1920 1568 ἀγαθῶν
1933 1545 1943 1564 ,
1982 1515 2044 1554 καὶ
2077 1514 2239 1554 κοινωνία
2270 1517 2330 1561 τ’ἧς

1275 1579 1506 1629 πατρικῆς
1536 1576 1730 1619 πολιτείας.
1797 1577 1967 1614 Τοσαῦτα
1999 1573 2080 1628 περὶ
2109 1576 2234 1628 ἀρετῆς
2266 1574 2326 1612 καὶ

1277 1634 1442 1681 ἀληθείας
1463 1634 1659 1687 προειπών,
1679 1634 1740 1672 καὶ
1756 1633 1801 1673 τὰ
1823 1633 1887 1684 μὲν
1906 1636 1968 1681 τῆς
1983 1634 2109 1686 ἀρετῆς
2126 1634 2329 1687 παραγγέλ-

1278 1710 1374 1745 ματα
1395 1695 1443 1738 εἷς
1461 1693 1519 1733 τὸν
1535 1694 1732 1746 νυκτερινὸν
1760 1693 1929 1745 σύλλογον
1946 1691 2174 1742 περατώσας,
2202 1689 2265 1734 τὰς
2288 1690 2324 1729 δὲ

1277 1756 1338 1800 τῆς
1367 1753 1531 1800 ἀληθείας
1552 1753 1696 1797 ἐλπίδας
1715 1751 1779 1797 ἕως
1803 1755 1866 1799 τῆς
1890 1751 2042 1795 ἀκέσεως
2069 1750 2130 1789 καὶ
2153 1749 2328 1801 σωτηρίας

1276 1815 1339 1859 τῆς
1356 1814 1471 1865 ψυχῆς
1490 1812 1611 1864 ὁρίσας
1624 1841 1635 1860 ,
1656 1811 1780 1863 ἐπάγει
1802 1811 1846 1849 τὰ
1862 1810 1942 1864 περὶ
1964 1813 2025 1858 τῆς
2047 1812 2108 1848 τοῦ
2125 1809 2326 1861 αὐγοειδοῦς

1279 1871 1516 1924 καθαρότητος
1538 1873 1778 1924 πτερωτικῆς,
1799 1869 1914 1923 τρίτον
1934 1885 1968 1908 τι
1994 1867 2198 1922 φιλοσοφίας
2228 1866 2325 1918 γένος

1276 1930 1520 1969 ἐπισυνάπτων
1541 1930 1610 1974 τοῖς
1623 1927 1901 1982 προειρημένοις.

1274 2101 1373 2139 nihil
1401 2114 1449 2139 ex
1469 2100 1584 2139 nobis
1615 2101 1872 2138 conserentes.
1904 2099 2024 2150 Atqui
2050 2099 2106 2137 sic
2140 2099 2330 2137 malorum

1274 2158 1513 2205 facinorum,
1535 2173 1621 2209 quae
1650 2158 1769 2207 vulgo
1798 2166 1952 2210 patrant
1981 2157 2184 2205 homines,
2218 2158 2333 2208 culpa

1275 2217 1355 2255 Deo
1389 2217 1635 2255 attribuenda
1669 2225 1782 2256 esset.
1817 2215 1966 2262 Quodsi
1996 2215 2100 2253 Deus
2137 2215 2330 2253 malorum

1273 2284 1408 2314 auctor
1422 2290 1502 2314 non
1513 2285 1583 2323 est,
1596 2274 1921 2327 quemadmodum
1937 2282 1974 2311 et
1987 2273 2132 2311 dicitur
2145 2282 2182 2311 et
2195 2286 2334 2312 revera

1273 2343 1351 2383 est,
1371 2343 1531 2386 apparet
1558 2335 1672 2373 istius
1691 2347 1714 2372 a
1732 2333 1851 2372 bonis
1867 2332 2098 2371 desectionis
2116 2332 2269 2384 culpam
2290 2332 2332 2370 in

1275 2393 1390 2432 nobis
1410 2406 1493 2431 esse
1506 2423 1516 2441 ,
1537 2393 1642 2444 quod
1665 2406 1785 2444 quum
1803 2392 1872 2431 illa
1890 2400 2028 2443 praesto
2050 2392 2128 2430 sint
2148 2400 2263 2442 atque
2291 2392 2333 2430 in

1276 2451 1391 2490 nobis
1412 2452 1624 2491 secundum
1652 2452 1790 2490 insitas
1823 2450 2005 2489 notiones
2035 2449 2185 2501 posita,
2207 2462 2334 2500 neque

1276 2511 1455 2550 videmus
1476 2524 1602 2562 neque
1621 2510 1815 2549 audimus.
1837 2509 2029 2547 Caecitatis
2045 2522 2139 2547 vero
2154 2507 2273 2559 hujus
2290 2522 2333 2546 ae

1275 2571 1479 2609 surditatis
1512 2583 1628 2608 causa
1661 2577 1719 2607 est
1753 2567 1974 2620 perniciosa
2004 2567 2078 2606 ista
2111 2568 2330 2614 contentio,

1274 2630 1495 2668 voluntaria
1513 2641 1755 2679 noxa,quam
1774 2640 1854 2665 non
1873 2626 2058 2665 debemus
2076 2626 2332 2678 provocando

1277 2701 1436 2738 augere,
1465 2687 1529 2725 sed
1558 2686 1729 2725 cedendo
1755 2686 1897 2734 vitare,
1919 2694 1957 2724 et
1978 2685 2169 2723 malorum
2189 2684 2333 2723 libera-

1276 2747 1420 2785 tionem
1441 2746 1592 2784 discere
1609 2754 1646 2784 et
1662 2744 1829 2783 reditum
1848 2744 1897 2782 ad
1920 2745 2044 2783 Deum
2065 2744 2252 2796 reperire.
2276 2743 2334 2782 Ita

1280 2805 1383 2843 enim
1393 2819 1442 2844 ex
1459 2805 1593 2843 divina
1603 2804 1891 2842 illuminatione
1900 2812 1938 2841 et
1951 2803 2188 2855 spectatione
2201 2811 2334 2840 nostra

1274 2877 1362 2902 cum
1383 2877 1428 2902 ea
1446 2871 1701 2902 concurrente
1722 2863 1765 2900 fit
1785 2864 2066 2902 demonstratio.
2097 2861 2224 2912 Hujus
2242 2875 2334 2899 vero

1274 2924 1601 2960 demonstrationis
1615 2921 1776 2960 effectus
1793 2929 1884 2960 sunt
1902 2921 2024 2959 animi
2048 2921 2197 2960 sanatio
2219 2929 2333 2970 atque

1275 2993 1536 3019 aerumnarum
1549 3010 1558 3028 ‚
1582 2993 1677 3032 quas
1709 2979 1774 3018 hIc
1811 2979 2027 3018 toleramus
2040 3010 2051 3029 ,
2083 2978 2266 3017 liberatio
2298 2988 2335 3017 et

1275 3040 1501 3078 divinorum
1517 3040 1714 3078 bonorum
1738 3052 1874 3078 sensus
1893 3048 2141 3091 paternaeque
2170 3036 2331 3076 vivendi

1276 3099 1439 3138 rationis
1459 3099 1712 3138 consortium.
1735 3097 1805 3136 His
1826 3097 1947 3147 igitur
1967 3095 2150 3134 omnibus
2176 3094 2224 3133 de
2252 3096 2333 3133 vir-

1277 3166 1355 3196 tute
1373 3166 1412 3196 et
1428 3160 1590 3196 veritate
1607 3157 1818 3209 praemissis
1836 3169 1880 3194 ac
1897 3155 2056 3194 virtutis
2075 3155 2279 3206 praeceptis
2293 3154 2335 3191 in
2367 3181 2370 3185 .

1276 3225 1467 3255 nocturno
1498 3216 1698 3268 colloquio
1730 3214 1873 3262 finitis,
1900 3214 2075 3252 veritatis
2108 3221 2233 3251 autem
2264 3226 2334 3263 spe

1276 3289 1398 3327 usque
1418 3276 1466 3314 ad
1487 3276 1727 3315 sanationem
1747 3283 1784 3312 et
1809 3274 1970 3312 salutem
1991 3272 2113 3310 animi
2130 3271 2330 3323 perducta,

1276 3347 1320 3372 ea
1347 3334 1482 3386 adjicit
1509 3348 1594 3385 quae
1621 3334 1670 3372 ad
1704 3332 1826 3370 lucidi
1857 3330 2035 3382 corporis
2065 3329 2332 3368 castimoniam

1277 3394 1356 3431 alas
1375 3393 1576 3431 addentem
1600 3392 1820 3444 pertinent,
1842 3390 1997 3428 tertium
2021 3388 2215 3439 quoddam
2237 3387 2335 3439 phi-

1278 3452 1465 3504 losophiae
1485 3465 1605 3503 genus
1625 3448 1897 3503 superioribus
1918 3447 2149 3498 adjungens.
