2612 3814
307 273 385 306 ⁴36

304 356 373 407 τῷ,
396 351 617 398 δικαιοσύνην
634 351 752 398 ἄσκει,
772 351 947 403 ἐπήγαγε,
968 352 1051 402 μηδ’
1071 351 1261 403 ἀλογίστως
1281 366 1363 389 σαυ-

304 411 364 450 τὸν
385 411 476 464 ἔχειν
498 410 580 463 περὶ
601 410 708 461 μηδὲν
731 410 839 455 ἔθιζε·
857 413 902 454 ὼς
922 409 972 460 μὴ
993 410 1186 461 δυναμένης
1212 412 1365 457 ὑποστῆ-

304 487 361 510 ναι
395 469 616 517 δικαιοσύνης
639 469 722 508 ἄνευ
754 469 968 521 φρονήσεως.
1026 471 1141 508 Τοῦτο
1166 468 1234 521 γάρ
1270 469 1363 506 ἐστιν

305 531 413 575 ὄντως
433 530 590 578 δίκαιον,
611 527 629 568 ὃ
649 531 671 575 ἡ
705 528 820 567 τελεία
850 527 1015 581 φρόνησις
1039 527 1158 581 ὁρίζει.
1219 525 1317 573 Αὕτη
1335 525 1364 564 δ’

306 591 346 630 ἂν
367 591 458 639 εἴηῆ
479 589 560 643 περὶ
582 588 689 640 μηδὲν
709 587 901 640 ἀλογίστως
916 588 1066 639 ἔχουσα,
1086 588 1164 625 ἀλλ’
1188 589 1364 637 ἐπεσκεμ-

306 649 420 700 μένως
442 649 506 701 μὲν
533 648 613 701 περὶ
634 651 694 686 τοῦ
724 647 887 698 σώματος
921 646 1074 699 ἔχουσα,
1096 646 1366 696 ἐπεσκεμμένως

306 709 342 748 δὲ
363 709 424 748 καὶ
450 708 531 762 περὶ
552 710 622 747 τῶν
642 708 689 751 εἷς
710 705 774 754 τὴν
798 706 922 745 τούτου
941 705 1065 758 χρείαν
1087 705 1342 744 συντελούντων
1356 716 1364 724 ·

306 769 426 808 πάντα
454 767 490 807 δὲ
516 767 710 819 ἀτιμότερα
743 767 868 818 ἀρετῆς
896 764 1162 816 τιθεμένη,καὶ
1195 764 1365 816 μεγίστην

305 827 477 881 ὠφέλειαν
510 826 574 874 τὴν
610 827 758 877 ἀρίστην
782 824 934 863 διάθεσιν
971 827 1035 871 τῆς
1065 825 1207 875 λογικῆς
1227 826 1365 877 ψυχῆς,

308 886 366 940 ἀφ’
382 881 422 934 ἧς
442 885 502 924 καὶ
522 886 567 924 τὰ
591 885 684 923 ἄλλοι
700 888 886 934 κοσμεῖται
907 882 999 922 κατὰ
1021 883 1184 935 δύναμιν.
1242 884 1369 922 Τοιοῦ-

307 962 364 990 τος
379 945 443 997 μὲν
457 947 525 983 τῶν
547 942 789 996 προκειμένων
811 943 907 982 ἐπῶν
924 945 942 982 ὁ
962 941 1090 987 σκοπός
1106 972 1116 991 ,
1137 942 1201 989 τὴν
1218 942 1368 995 τετράδα

307 1007 377 1044 τῶν
400 1005 606 1057 πρακτικῶν
627 1004 760 1055 ἀρετῶν
782 1004 960 1055 ἀναφῆναι
986 1001 1046 1040 καὶ
1063 1002 1282 1054 παραδοῦναι
1298 1007 1369 1046 τοῖς

308 1065 499 1116 ἀκροαταῖς
516 1093 527 1112 ,
547 1061 637 1112 μετὰ
662 1064 722 1109 τῆς
741 1060 917 1114 ἀγρύπνου
938 1060 1141 1115 τηρήσεως,
1164 1060 1225 1100 καὶ
1246 1076 1368 1112 παρα-

311 1123 470 1177 φυλακῆς
491 1124 552 1168 τῆς
573 1123 605 1160 ἐν
621 1120 736 1172 λόγοις
755 1121 815 1159 καὶ
832 1121 945 1174 ἔργοις
961 1121 1176 1174 πρεπούσης.
1233 1120 1287 1161 Τὸ
1307 1120 1369 1171 μὲν

307 1182 375 1236 γὰρ
397 1181 587 1234 φρόνησιν,
618 1180 657 1219 τὸ
690 1179 727 1219 δὲ
754 1181 938 1233 ἀνδρείαν,
978 1180 1018 1219 τὸ
1046 1181 1082 1220 δὲ
1119 1180 1368 1235 σωφροσύνην,

306 1241 549 1294 παραδίδωσι·
577 1239 618 1279 τὸ
645 1239 681 1279 δὲ
703 1240 963 1294 προηγούμενον
995 1242 1109 1279 αὐτῶν
1131 1238 1194 1288 τὴν
1219 1240 1276 1279 ἐπὶ
1298 1241 1368 1278 πά-

313 1316 392 1345 σαις
439 1304 517 1345 ταῖς
560 1299 684 1343 ἄλλαις
728 1301 870 1352 ἀρεταῖς
907 1303 1030 1344 κοινῶς
1072 1299 1370 1351 ἐπιθεωρουμένην

313 1358 537 1408 δικαιοσύνην
574 1360 758 1398 ἀσκεῖσθαι
787 1365 966 1413 παραινεῖ·
996 1358 1036 1398 τὸ
1061 1359 1119 1412 δέ,
1138 1359 1309 1413 χρήματα
1342 1362 1370 1398 δ’

314 1420 440 1459 ἄλλοτε
461 1418 525 1470 μὲν
547 1422 699 1458 κτᾶσθαι
719 1418 832 1472 φίλει,
856 1418 976 1458 ἄλλοτ’
1005 1418 1177 1467 ὀλέσσαι,
1201 1419 1373 1472 παρίστη-

311 1493 366 1517 σιν
380 1507 390 1526 ,
410 1477 463 1516 ὅτι
480 1480 523 1530 τῇ
537 1480 738 1532 σωφρονικῇ
760 1476 911 1516 διαθέσει
928 1476 988 1515 καὶ
1008 1479 1030 1524 ἡ
1051 1477 1287 1529 ἐλευθεριότης
1304 1494 1373 1516 πα-

314 1537 482 1590 ρέπεται,
507 1535 615 1589 ἀρετὴ
642 1530 730 1575 οὖσα
766 1536 846 1589 περὶ
879 1536 1076 1589 χρήματων
1114 1537 1284 1589 πρόσοδον
1312 1536 1373 1574 καὶ

311 1597 482 1644 δαπάνην.
539 1597 590 1636 Τὸ
627 1595 695 1648 γὰρ
726 1595 830 1645 μόνον
861 1596 940 1634 τότε
975 1595 1065 1635 αὐτὰ
1099 1600 1275 1645 κτᾶσθαι,
1314 1595 1373 1634 καὶ

310 1657 555 1704 ἀποκτᾶσθαι,
586 1655 644 1694 ὅτε
674 1655 814 1693 δίδωσιν
845 1658 863 1694 ὁ
897 1654 1017 1706 λόγος,
1057 1655 1282 1708 μικρολογίας
1311 1656 1371 1694 καὶ

311 1714 465 1758 ἀσωτίας
486 1716 695 1767 προαναιρεῖ
709 1713 770 1758 τὰς
796 1713 973 1767 ἀφορμάς.
1031 1716 1158 1753 Ταῦτα
1175 1714 1211 1752 δὲ
1228 1715 1346 1753 πάντα
1358 1747 1368 1766 ,

310 1831 522 1868 admodum
551 1831 662 1868 decet
690 1832 730 1867 in
757 1830 869 1867 dictis
891 1831 1077 1879 factisque
1101 1832 1370 1868 observandas.

311 1892 438 1927 Docet
466 1890 567 1926 enim
584 1902 630 1926 ex
655 1890 700 1925 iis
722 1902 820 1926 unus
842 1889 1091 1938 prudentiam
1106 1919 1116 1939 ,
1138 1891 1234 1928 alter
1259 1891 1372 1928 forti-

314 1950 504 1994 tudinem,
529 1949 661 1985 tertius
679 1950 994 1999 temperantiam3
1025 1962 1159 1986 eorum
1180 1963 1272 1987 vero
1289 1952 1374 2000 pri-

283 2010 287 2015 '
314 2021 397 2045 rnus
427 2008 604 2044 hortatur
656 2007 705 2044 ad
742 2007 898 2055 justitiae
930 2011 1259 2058 exercitationem,
1290 2025 1374 2060 quae

316 2069 569 2105 communiter
589 2068 643 2121 in·
656 2069 800 2104 caeteris
820 2069 999 2106 omnibus
1021 2071 1227 2107 virtutibus
1248 2073 1373 2107 cerni-

313 2133 377 2164 tur
396 2140 404 2163 :
421 2128 490 2163 iste
510 2135 637 2164 autem
651 2139 802 2174 versus,
820 2129 971 2164 divitias
986 2138 1111 2166 autem
1127 2131 1284 2166 libenter
1303 2133 1374 2167 ali-

313 2187 462 2236 quando
491 2199 634 2235 qua-re,
669 2188 877 2235 aliquando
916 2192 1058 2235 amitte,
1097 2190 1211 2226 docet
1252 2204 1374 2240 porro

313 2247 558 2295 temperantis
593 2246 808 2283 affectionis
842 2249 1023 2285 comitem
1056 2261 1133 2286 esse
1167 2250 1376 2288 liberalita-

315 2313 412 2355 tem,
431 2318 515 2354 quae
536 2306 576 2341 in
604 2306 791 2342 virtutum
807 2319 970 2344 numero
996 2309 1123 2357 posita
1140 2309 1241 2346 circa
1260 2323 1378 2359 pecu-

314 2365 465 2401 niarum
478 2365 644 2401 reditum
658 2373 696 2402 et
714 2373 858 2403 sumtus
874 2375 1058 2406 versatur.
1084 2369 1150 2404 Hae
1167 2370 1270 2405 enim
1288 2378 1376 2407 tunc

315 2431 485 2474 tantum,
507 2438 627 2473 quum
658 2427 756 2462 ratio
777 2426 932 2475 suadet,
974 2426 1139 2476 quaesitae
1165 2435 1203 2464 et
1233 2440 1375 2477 expen-

317 2483 609 2520 dendo-amissae
629 2485 801 2522 soi-dium
821 2493 859 2522 et
888 2483 1140 2535 prodigentiae
1160 2489 1379 2525 occasiones

317 2541 545 2591 praecidunt.
567 2545 618 2580 At
639 2545 767 2581 omnia
787 2545 858 2581 ista
875 2545 922 2581 ab
944 2558 990 2582 eo
1005 2546 1111 2594 quod
1131 2554 1185 2583 est
1200 2560 1240 2583 se
1259 2551 1376 2597 ipsum

317 2605 458 2647 vereri,
487 2610 669 2651 tanquam
698 2616 720 2640 a
740 2604 845 2641 fonte
877 2612 915 2641 et
946 2606 1138 2655 principio
1167 2606 1376 2644 ducuntur.

321 2662 407 2697 Hoc
431 2673 523 2697 vero
542 2669 777 2711 praeceptum
797 2664 837 2700 in
870 2676 910 2700 se
929 2666 1179 2714 anticipatum
1207 2669 1379 2704 continet

319 2719 417 2755 illud
448 2727 483 2756 te
521 2724 641 2769 ipsum
678 2735 800 2766 nosce,
843 2724 951 2772 quod
985 2727 1158 2762 omnium
1185 2726 1377 2764 bonarum

321 2779 516 2815 actionum
540 2781 740 2828 omnisque
774 2785 1078 2832 contemplativae
1099 2786 1263 2823 scientiae
1290 2787 1380 2823 fun-

322 2836 541 2873 (lamentum
561 2850 638 2874 esse
658 2838 786 2878 debet.
809 2842 903 2877 Nam
922 2843 1024 2879 unde
1041 2845 1203 2881 sciemus
1221 2845 1380 2883 affectus

322 2908 399 2932 esse
425 2895 688 2933 moderandos
717 2904 755 2934 et
774 2911 909 2936 eorum
944 2889 1027 2950 'quae
1052 2916 1140 2940 vere
1159 2912 1246 2941 sunt
1275 2907 1382 2942 noti-

323 2956 415 2992 tiam
437 2957 654 3006 comparari
674 2959 879 3006 oportere?
897 2961 1049 3011 Quippe
1069 2963 1117 2999 de
1135 2964 1213 3000 istis
1233 2964 1381 3002 dubita-

323 3021 401 3061 tur,
434 3017 604 3064 primum
620 3044 630 3062 ‚
669 3029 718 3053 an
754 3018 794 3053 in
824 3018 1024 3056 hominum
1061 3030 1248 3070 potestate
1285 3024 1380 3071 sint,

324 3074 464 3112 deinde
483 3087 532 3111 an
563 3075 672 3112 utilia
702 3076 934 3115 habentibus
961 3081 1048 3118 sint.
1086 3084 1256 3130 Apparet
1278 3085 1380 3120 enim

326 3134 483 3169 omnino
505 3140 641 3170 contra
664 3146 710 3170 eo
736 3134 967 3173 deteriorem
998 3151 1076 3175 esse
1096 3141 1168 3176 viri
1198 3143 1314 3190 probi
1341 3144 1382 3179 in
1405 3049 1410 3230 Ι

324 3191 396 3228 hac
429 3192 509 3229 vita
545 3193 835 3245 conditionem,
872 3197 980 3245 quod
1018 3212 1099 3235 non
1127 3200 1265 3248 injuste
1294 3204 1382 3240 inde

325 3251 462 3297 sumit,
483 3251 587 3288 unde
606 3265 688 3288 non
705 3253 841 3300 debet,
864 3262 902 3291 et
921 3257 1027 3304 quod
1039 3258 1140 3304 juste
1158 3268 1303 3297 sumtus
1325 3261 1381 3297 fa-

328 3308 399 3358 cit,
417 3309 458 3345 in
479 3322 562 3358 quae
587 3319 742 3359 oportet
763 3324 774 3348 ε
802 3312 897 3361 quin
926 3322 964 3351 et
986 3316 1072 3362 ille,
1095 3318 1202 3365 quod
1221 3319 1271 3355 ad
1290 3333 1381 3356 cor-

325 3380 397 3416 pus
417 3369 565 3418 attinet,
578 3369 726 3417 injuriis
741 3373 912 3409 omnium
925 3375 1089 3412 maxime
1105 3384 1160 3413 est
1174 3378 1378 3426 obnoxius,

327 3427 468 3477 quippe
485 3429 551 3476 qui
574 3441 644 3465 nec
662 3430 867 3479 imperium
887 3432 1062 3484 affectet,
1079 3448 1150 3472 nec
1166 3437 1382 3487 imperanti·

326 3484 398 3522 bus
415 3487 600 3524 serviliter
616 3488 794 3526 aduletur
815 3503 824 3526 ε
840 3491 937 3528 adeo
959 3499 1002 3529 ut
1021 3494 1096 3531 nisi
1114 3495 1185 3531 alia
1205 3497 1380 3545 quaedam
1403 3454 1411 3543 Ι

1057 262 1333 302 HIEROCLIS
1363 261 1778 302 COMMENTARlUS

1426 353 1471 394 ὡς
1493 350 1563 389 ἀπὸ
1585 354 1701 402 πηγῆς
1721 350 1782 390 καὶ
1809 352 1920 404 ἀρχῆς
1946 350 2110 402 πρώτης,
2132 354 2194 390 τοῦ
2217 350 2340 391 ἑαυτὸν
2357 347 2483 404 αἰσχύ·

1426 413 1545 448 νεσθαι
1561 409 1767 462 προάγεται.
1822 412 1938 450 Τοῦτο
1953 410 1988 449 δὲ
2007 410 2047 450 τὸ
2064 410 2301 464 παράγγελμα
2318 407 2486 463 προείλη·

1427 485 1486 522 φεν
1509 470 1544 507 ἐν
1568 471 1682 523 ἑαυτῷ
1713 469 1752 508 τὸ
1775 469 1913 510 Σαυτὸν
1937 472 2065 521 γνῶθι,
2088 470 2106 508 ὃ
2133 471 2258 509 πασῶν
2280 468 2343 520 μὲν
2363 483 2483 509 σπου-

1427 527 1533 566 δαίων
1575 527 1737 581 πράξεων
1751 559 1763 580 ,
1805 530 1930 568 πασῶν
1981 529 2017 568 δὲ
2065 531 2285 582 θεωρητικῶν
2322 527 2485 579 γνώσεων

1427 591 1704 639 προϋποκεῖσθαι
1733 589 1798 630 δεῖ.
1849 587 1950 628 Ἐπεὶ
1971 588 2075 628 πόθεν
2091 588 2279 640 εἰσόμεθα,
2300 588 2355 628 ὅτι
2374 602 2488 641 προσ·

1427 646 1505 693 ήκει
1540 647 1625 697 ἡμῖν
1657 647 1845 701 μετριάσαι
1878 649 1946 686 τῶν
1994 651 2139 700 παθῶν,
2172 648 2232 687 καὶ
2267 649 2399 700 γνῶναι
2443 645 2489 685 τὰ

1427 704 1533 755 ὅντα;
1554 705 1751 759 Ἀπορεῖται
1770 705 1838 760 γὰρ
1857 706 1937 760 περὶ
1959 707 2092 746 αὐτῶν·
2110 710 2250 760 πρῶτον
2271 706 2357 759 μέν,
2381 707 2412 746 εἴ
2431 706 2490 747 δυ·

1428 765 1517 804 νατὰ
1557 764 1751 818 ἀνθρώποις
1792 770 1928 805 ταῦτα·
1971 765 2115 816 ἔπειτα,
2149 770 2179 807 εἷ
2213 767 2378 821 ὠφέλιμα
2420 766 2491 812 τοῖς

1431 826 1551 879 ἔχουσι
1571 826 1720 878 γίνεται.
1780 826 1957 866 Φαίνεται
1977 827 2044 878 γὰρ
2061 833 2130 866 πᾶν
2159 827 2362 866 τούναντίον
2383 827 2492 866 ἐλατ-

1433 885 1596 936 τούμενος
1619 887 1652 924 ἐν
1682 887 1754 931 τοῖς
1784 885 1876 926 κατὰ
1905 885 1963 924 τὸν
1985 886 2057 939 βίον
2088 889 2107 925 ὃ
2132 887 2342 934 σπουδαῖος,
2363 887 2415 939 τῷ
2440 883 2491 937 μὴ

1432 945 1629 996 λαμὸάνειν
1656 945 1784 990 ἀδίκως
1804 946 1877 984 ὅθεν
1900 946 1938 983 οὐ
1969 946 2040 993 δεῖ,
2060 944 2120 983 καὶ
2141 947 2192 999 τῷ
2212 943 2414 984 ἀναλίσκειν
2442 945 2493 983 δι·

1435 1005 1542 1049 καίως
1571 1006 1618 1050 εἷς
1653 1005 1674 1043 ἃ
1703 1005 1770 1044 δεῖ·
1798 1004 1858 1044 καὶ
1879 1003 1960 1058 περὶ
1993 1004 2033 1043 τὸ
2067 1006 2170 1056 σῶμα
2197 1003 2327 1050 παντὸς
2357 1005 2492 1056 μᾶλλον

1435 1064 1708 1117 εὖεπιχειρήτως
1740 1063 1936 1115 διάκειται,
1960 1063 2051 1115 μήτε
2089 1063 2202 1116 ἀρχὴν
2240 1062 2342 1109 αὐτὸς
2367 1064 2492 1112 ἐπιτη-

1436 1122 1566 1171 δεύων,
1602 1122 1692 1174 μήτε
1715 1123 1947 1176 ἀνελευθέρως
1977 1122 2178 1176 θεραπεύων
2205 1121 2283 1167 τοὺς
2305 1123 2491 1177 ἄρχοντας.

1433 1183 1547 1222 οΩστε
1564 1214 1573 1229 ,
1596 1184 1625 1222 εἰ
1645 1182 1696 1234 μή
1716 1199 1767 1228 τις
1788 1183 1879 1231 ἄλλη
1899 1182 2000 1222 οὐσία
2019 1183 2052 1221 ἐν
2074 1186 2160 1233 ἡμῖν
2175 1181 2228 1231 εἴη
2247 1182 2316 1222 ἀπὸ
2331 1185 2395 1230 τῆς
2413 1184 2495 1237 ἀρε·

1435 1245 1497 1289 τῆς
1523 1242 1753 1296 ὠφελουμένη
1769 1273 1780 1293 ,
1799 1244 1911 1296 σχολῇ
1941 1258 1980 1293 γε
2013 1241 2054 1281 ἂν
2076 1243 2225 1281 πλοῦτον
2245 1240 2269 1289 ἢ
2290 1241 2495 1282 δυναστείαν

1435 1301 1478 1340 δι’
1497 1301 1606 1349 αὐτὴν
1621 1301 1878 1355 προησοίμεθα.
1935 1299 2046 1341 Ὅθεν
2065 1300 2125 1340 καὶ
2142 1302 2174 1340 οἳ
2194 1300 2324 1350 Θνητὴν
2343 1300 2494 1353 οἰόμενοι

1434 1360 1498 1408 τὴν
1517 1361 1637 1416 ψυχὴν
1660 1361 1741 1414 περὶ
1772 1364 1832 1400 τοῦ
1864 1361 1914 1412 μὴ
1938 1358 2119 1414 προΐεσθαι
2149 1360 2214 1408 τὴν
2247 1360 2375 1414 ἀρετὴν
2407 1376 2497 1413 κομ-

1437 1420 1602 1473 ψεύονται
1623 1421 1776 1472 μᾶλλον,
1795 1421 1818 1467 ἢ
1841 1419 2088 1467 ἀληθεύουσιν.
2147 1421 2193 1459 Εἰ
2217 1418 2285 1473 γὰρ
2306 1419 2357 1471 μὴ
2383 1419 2438 1468 εἴη
2460 1435 2496 1459 τι

1437 1479 1609 1531 ὑπομένον
1636 1482 1738 1530 ἡμῶν
1760 1478 1851 1532 μετὰ
1869 1479 2037 1527 θάνατον,
2064 1478 2125 1518 καὶ
2150 1482 2253 1518 τοῦτο
2284 1480 2388 1534 φύσιν
2413 1478 2433 1518 ἔ
2457 1495 2495 1520 ον

1438 1538 1584 1592 ἀληθείᾳ
1605 1538 1666 1578 καὶ
1687 1541 1795 1592 ἀρετῇ
1824 1539 2055 1588 κοσμεῖσθαι,
2087 1531 2184 1589 (οἷον
2206 1537 2248 1586 δή
2270 1554 2384 1592 φαμεν
2406 1497 2495 1578 εἶξαι

1439 1598 1501 1646 τὴν
1527 1598 1672 1649 λογικὴν
1693 1599 1849 1651 ψυχήν,)
1866 1599 1929 1636 οὗκ
1949 1596 1991 1636 ἂν
2027 1597 2142 1651 ἔφεσις
2169 1600 2256 1646 ἡμῖν
2274 1596 2415 1650 καθαρὰ
2440 1599 2497 1651 γε’·

1439 1672 1533 1696 νοιτο
1553 1660 1622 1696 τῶν
1652 1659 1787 1697 καλῶν.
1846 1659 2122 1711 Προαναιρεῖται
2153 1657 2220 1710 γὰρ
2239 1659 2262 1705 ἡ
2283 1655 2416 1708 ὑποψία
2434 1659 2498 1711 τῆς

1442 1719 1572 1769 φθορᾶς
1594 1715 1659 1763 τὴν
1677 1716 1757 1769 περὶ
1777 1721 1889 1755 ταῦτα
1915 1715 2087 1763 σπουδήν,
2107 1715 2270 1769 καὶπρὸς
2285 1716 2497 1762 ἀπολαύσεις

1437 1841 1574 1870 natura
1602 1834 1642 1869 in
1660 1833 1774 1870 nobis
1799 1834 1870 1879 sit,
1898 1834 1960 1870 cui
1983 1835 2104 1870 virtus
2135 1833 2316 1883 prodest,
2334 1835 2397 1871 vix
2417 1833 2499 1882 qius

1438 1905 1551 1929 causa
1569 1892 1718 1930 divitias
1735 1901 1800 1930 aut
1825 1895 2083 1943 principatum
2106 1893 2348 1943 repudiaturi
2366 1895 2495 1935 simus.

1437 1952 1699 2000 Quamobrem
1720 1959 1759 1989 et
1791 1953 1869 2001 illi,
1894 1954 1962 2002 qui
1992 1954 2161 1990 animum
2192 1954 2395 1991 mortalem
2419 1965 2499 1991 esse

1437 2012 1689 2063 arbitrantur,
1724 2027 1844 2064 quum
1881 2013 1927 2050 de
1962 2013 2103 2051 virtute
2140 2027 2220 2050 non
2256 2012 2500 2063 projicienda

1437 2072 1649 2122 disputant,
1682 2075 1770 2111 scite
1806 2074 2033 2110 cavillantur
2065 2074 2194 2123 potius
2208 2100 2219 2120 ‚
2259 2085 2377 2122 quam
2409 2085 2500 2111 vera

1433 2133 1652 2181 proferunt.
1687 2135 1767 2171 Nisi
1797 2134 1896 2170 enim
1928 2133 2040 2169 uobis
2072 2134 2208 2170 inesset
2233 2133 2381 2182 aliquid
2409 2140 2500 2184 post

1435 2200 1600 2229 mortem
1620 2200 1810 2242 superstes
1835 2193 2007 2229 futurum
2031 2200 2146 2241 atque
2167 2194 2220 2230 ita
2237 2193 2376 2230 natura
2396 2205 2500 2230 com·

1433 2259 1627 2301 paratum,
1644 2260 1688 2289 ut
1706 2254 1848 2290 virtute
1868 2260 1906 2289 et
1924 2252 2084 2290 veritate
2102 2253 2234 2289 ornari
2254 2260 2388 2301 queat,
2412 2252 2498 2301 (cu-

1430 2309 1602 2357 jusmodi
1619 2323 1696 2348 esse
1710 2311 1872 2348 dicimus
1886 2312 2054 2348 animum
2069 2311 2328 2361 rationalem,)
2348 2313 2499 2349 nullum

1438 2371 1551 2407 nobis
1595 2372 1786 2409 sincerum
1830 2372 1932 2408 foret
1959 2372 2210 2409 honestorum
2254 2371 2497 2409 desiderium.

1440 2427 1643 2465 Praecludit
1663 2431 1765 2466 enim
1781 2431 1922 2467 horum
1943 2431 2110 2468 studium
2138 2432 2306 2481 suspicio
2324 2430 2499 2468 interitus

1439 2494 1477 2522 et
1493 2500 1563 2524 nos
1580 2489 1630 2525 ad
1642 2502 1850 2539 corporeas
1865 2491 2078 2540 voluptates
2089 2520 2098 2538 ,
2116 2492 2400 2540 qualescunque
2414 2497 2498 2526 tan·

1441 2545 1527 2582 dem
1548 2548 1620 2584 illae
1638 2557 1728 2585 sunt
1746 2557 1784 2586 et
1801 2551 2058 2600 undecunque
2079 2551 2295 2600 comparari
2311 2557 2497 2600 possunt,

1439 2606 1606 2646 attrahit.
1625 2608 1711 2656 Quo
1733 2610 1835 2646 enim
1853 2618 1969 2659 pacto
1990 2610 2038 2647 de
2058 2611 2212 2647 illorum
2227 2610 2414 2647 sententIa
2425 2602 2520 2647 virix

1439 2665 1642 2713 prudentis
1658 2675 1725 2703 aut
1748 2669 1860 2705 etiam
1881 2668 2067 2705 mediocri
2082 2669 2232 2717 judicio
2250 2668 2405 2718 praediti
2420 2679 2499 2705 esse

1439 2725 1630 2774 videatur,
1648 2740 1727 2763 non
1747 2729 1877 2765 omnia
1891 2730 2049 2778 corpori
2063 2729 2263 2778 indulgere
2278 2755 2289 2774 ,
2307 2740 2379 2778 per
2391 2727 2498 2776 quod

1441 2785 1554 2821 etiam
1583 2786 1665 2835 ipsa
1686 2788 1803 2823 animi
1829 2789 2038 2824 substantia
2069 2794 2332 2834 conservatur,
2353 2787 2499 2836 quippe

1441 2845 1509 2892 qui
1538 2858 1609 2894 per
1627 2858 1666 2882 se
1694 2860 1775 2883 non
1802 2855 1941 2893 exstet,
1971 2848 2039 2884 sed
2067 2860 2088 2884 e
2119 2848 2292 2897 corporis
2319 2847 2499 2896 quapiam

1441 2904 1748 2942 conformatione
1772 2907 1947 2943 oriatur?
1966 2907 2173 2954 Quomodo
2194 2913 2320 2943 autem
2346 2906 2497 2943 virtutis

1441 2964 1563 3012 gratia
1591 2977 1731 3014 corpus
1749 2965 2018 3014 projiciemus,
2039 2967 2068 3002 si
2098 2978 2175 3002 una
2211 2978 2299 3002 cum
2329 2977 2497 3015 corpore

1442 3024 1612 3059 animum
1640 3037 1796 3074 quoque
1815 3026 1940 3074 ipsum
1959 3025 2164 3074 perdemus
2176 3054 2186 3071 ,
2219 3025 2316 3062 adeo
2335 3032 2379 3061 ut
2402 3038 2498 3062 nus·

1443 3095 1559 3131 quam
1573 3084 1620 3119 sit
1631 3084 1752 3121 virtus
1765 3112 1775 3130 ‚
1797 3084 1904 3132 cujus
1918 3097 2048 3121 amore
2062 3092 2223 3121 mortem
2237 3086 2337 3134 passi
2352 3097 2494 3122 sumus.

1441 3143 1516 3180 Sed
1537 3143 1585 3180 de
1604 3143 1662 3180 his
1695 3155 1717 3180 a
1744 3145 1835 3181 viris
1854 3144 1993 3180 divinis
2023 3144 2176 3180 abunde
2198 3144 2497 3182 demonstratum

1442 3209 1516 3248 est,
1532 3203 1788 3239 immortalem
1809 3215 1886 3239 esse
1905 3204 2074 3239 animum
2092 3210 2128 3239 et
2148 3211 2283 3241 natura
2299 3205 2435 3255 talem,
2453 3211 2499 3241 ut

1440 3263 1520 3300 sola
1539 3264 1681 3299 virtute
1716 3264 1845 3300 ornari
1877 3264 2008 3312 possit.
2041 3264 2151 3299 Nunc
2181 3270 2307 3299 autem
2327 3263 2496 3313 probato

1441 3322 1516 3358 hoc
1537 3322 1717 3372 dogmate
1751 3322 1800 3359 ad
1824 3335 1865 3358 ea
1902 3335 1986 3371 quae
2011 3330 2224 3370 sequuntur
2247 3330 2496 3369 transeamus,

1440 3381 1515 3418 hoc
1536 3389 1681 3418 tantum
1696 3382 1802 3431 prius
1822 3381 1934 3418 dictis
1953 3382 2156 3428 addentes,
2171 3381 2496 3430 quemadmodum

1441 3453 1487 3476 ex
1506 3447 1649 3477 naturae
1672 3448 1810 3478 nostrae
1840 3442 2081 3490 ignoratione
2100 3442 2249 3478 nullum
2267 3454 2345 3477 non
2362 3441 2496 3478 vitium

1441 3498 1599 3548 irrepit,
1620 3500 1688 3547 ita,
1708 3501 1739 3536 si
1760 3507 1908 3536 nosmet
1941 3501 2042 3550 ipsos
2061 3512 2260 3538 noscamus
2279 3512 2399 3550 eaque
2418 3500 2495 3537 de-
