2612 3814
1083 227 1152 268 DE
1178 198 1398 271 M'msso
1430 232 1544 272 Ere.

158 326 193 354 η
211 327 245 351 τι
262 311 376 360 κενόν,
401 313 440 351 οὗ
462 311 581 363 μέντοι
601 311 703 352 τοῦτό
729 311 769 364 γε’
788 329 821 351 τι
838 315 943 364 σῶμα
969 328 1078 354 ειναι·
1097 316 1176 355 ἀλλ’
1197 311 1268 357 οἷον

210 372 272 412 καὶ
288 375 307 411 ὁ
328 371 492 416 Ἡσίοδος
510 372 546 409 ἐν
565 374 609 425 τῇ
625 370 759 423 γενέσει
780 375 917 425 πρῶτον
932 374 972 414 τὸ
989 375 1077 428 χάος
1097 376 1184 429 φησὶ
1203 393 1266 428 γε-

209 430 407 482 νέσθαι,’ὡς
428 430 504 471 δέον
527 431 649 484 χώραν
673 433 811 485 πρῶτον
840 433 1011 487 ὑπάρχειν
1049 435 1121 480 τοῖς
1151 429 1267 484 οἶσιν,

207 495 363 532 τοιοῦτον
383 492 422 531 δέ
441 506 476 530 τι
490 490 551 530 καὶ
567 490 609 530 τὸ
627 490 741 540 κενόν,
763 485 834 531 οἷον
858 494 998 545 ἀγγεῖόν
1019 511 1055 534 τι
1079 493 1146 534 ἀνὰ
1164 495 1270 547 μέσον

207 551 322 600 κενόν,
337 544 427 591 εἶναι
442 552 629 602 ζητοῦμεν.
686 551 794 591 Ἀλλὰ
811 552 854 600 δὴ
875 553 936 592 καὶ
949 555 979 593 εἷ
994 553 1046 605 μή
1065 555 1140 594 ἔστι
1154 554 1269 605 κενόν,

153 623 189 650 20
208 610 301 662 μηδέ
329 626 362 650 τι
387 604 501 659 ἧσσον
523 610 565 650 ἂν
587 617 733 664 κινοῖτο,
772 613 850 653 ἐπεὶ
884 615 945 654 καὶ
984 615 1219 670 Ἀναξαγόρας
1253 618 1271 655 ὁ

204 670 287 724 περὶ
304 670 345 710 τὸ
364 670 450 711 αὐτὸ
473 672 778 724 πραγματευθείς,
800 676 847 719 ὡς
869 676 907 714 οὐ
928 674 1034 726 μόνον
1057 677 1268 729 ἄποχρῆσαν

156 751 169 766 e
205 732 302 784 αὐτῷ
323 729 589 784 ἀποφήνασθαι,
601 731 655 772 ὅτι
674 735 736 773 οὔκ
754 732 866 786 ἔστιν,
881 733 977 785 ὅμως
990 735 1163 776 κινεῖσθαί
1179 751 1266 791 φησι

202 791 248 831 τὰ
262 791 358 842 ὄντα,
374 793 438 831 οὔκ
450 790 547 837 ὄντος
561 796 677 835 κενοῦ.
695 792 854 846 Ὁμοίως
869 794 903 834 δὲ
917 795 976 834 καὶ
992 794 1267 847 ὁἘμπεδοκλῆς

2323 261 2394 292 291

1335 323 1504 358 κινεῖσθαι
1526 320 1589 371 μὲν
1610 322 1666 360 ἅεί
1686 338 1772 374 φησι
1794 321 2051 376 συγκρινόμενα
2072 328 2130 366 τὸν
2143 328 2283 370 ἅπαντα
2304 332 2400 372 ε’νδε·

1333 380 1447 431 λεχῶς
1463 383 1604 432 χρόνον,
1624 382 1720 420 οὐδὲν
1741 376 1832 421 εἶναι
1852 383 1964 435 λέγων
1987 388 2154 437 περισσὸν
2171 393 2234 429 τοῦ
2249 391 2397 442 παντός,

1333 438 1413 479 οὐδὲ
1435 439 1575 478 κενεόν·
1598 440 1703 479 πόθεν
1734 435 1793 480 οὖν
1825 442 1858 480 τί
1886 443 1918 481 κ’
1947 444 2108 494 ἐπέλθοις
2153 446 2236 487 ὅταν
2255 449 2323 504 γὰρ
2353 453 2399 494 εἷς
2420 468 2457 495 25

1335 498 1419 550 μίαν
1434 497 1570 552 μορφὴν
1587 504 1774 554 συγκριθῇ,
1793 500 1876 541 ὥσθ’
1892 501 1927 541 ἓν
1942 499 2044 552 εἶναι,
2062 505 2174 556 οὐδέν,
2192 509 2292 562 φησί,
2307 510 2348 550 τό
2361 527 2400 563 γε

1333 557 1450 597 κενεὸν
1469 557 1569 597 πέλει
1586 558 1662 597 οὐδὲ
1684 559 1868 613 περισσόν.
1893 562 1941 602 Τί
1957 563 2025 615 γὰρ
2044 566 2174 606 κωλύει
2193 570 2241 613 εἷς
2262 570 2402 616 ἄλληλα

1334 615 1502 670 φέρεσθαι
1521 617 1839 671 καὶπεριίστασθαι
1855 620 1986 669 πάντα,
2003 625 2143 664 ὁτουοῦν
2161 627 2209 671 εἷς
2227 626 2327 675 ἄλλο,
2340 620 2400 667 καὶ

1334 676 1458 716 τούτου
1479 678 1525 721 εἷς
1546 676 1677 730 ἕτερον,
1697 678 1759 717 καὶ
1779 680 1827 724 εἷς
1849 680 1889 720 τὸ
1908 684 2047 736 πρῶτον
2075 683 2183 724 ἄλλου
2211 687 2398 738 μεταῧάλ-

1331 737 1450 782 λον-τος
1467 736 1537 779 ἀεί.
1568 736 1652 778 Ἔτι
1667 738 1728 777 καὶ
1744 739 1808 787 τὴν
1818 741 1852 779 ἔν
1868 742 1920 794 τῷ
1937 743 2033 796 αὐτῷ
2049 744 2210 793 μένοντος
2227 751 2287 786 τοῦ
2309 749 2400 799 προί-
2421 760 2459 787 ³0

1331 812 1466 850 γματος
1486 796 1585 852 τόπῳ
1605 802 1664 837 τοῦ
1686 798 1797 844 εἴδους
1817 801 2032 853 μεταὸολήν,
2049 803 2093 851 ἣν
2115 806 2303 846 ἀλλοίωσιν
2321 807 2400 846 οἵτ’

695 895 2386 913 —-—-—————-————————-—.-—,

200 959 303 1002 τῦριον
326 960 360 992 δὲ
376 960 430 992 καὶ
445 959 481 992 τὸ
503 959 573 1003 περὶ
589 963 644 999 τῆς
674 959 785 1002 τέφρας
814 963 992 1003 ποιοῦνται,
1012 961 1032 999 ἢ
1052 961 1175 1003 δέχεται
1199 961 1271 994 ἴσον

200 1007 284 1049 ὕδωρ
300 1007 376 1040 ὅσον
388 1007 425 1040 τὸ
440 1007 567 1049 ἀγγεῖον
582 1007 618 1040 τὸ
634 1007 736 1040 κενόν.
1100 1038 1104 1044 ,

245 1058 295 1088 19.
320 1054 410 1088 Ἀλλὰ
425 1055 464 1093 δὴ
484 1055 537 1087 καὶ
557 1055 584 1087 εἰ
604 1055 647 1095 μή
673 1055 739 1088 ἐστι
758 1054 860 1093 κενόν,
881 1054 960 1096 μηδέ
983 1065 1014 1086 τι
1036 1053 1138 1094 ἧσσον
1158 1055 1197 1086 ἂν
1217 1067 1268 1087 κι-

199 1107 284 1137 νοῖτο
295 1129 304 1143 ,
322 1103 389 1137 ἐπεὶ
414 1104 468 1136 καὶ
483 1102 685 1146 Ἀναξαγόρας
707 1103 743 1136 τὸ
766 1103 842 1145 πρὸς
859 1102 935 1136 αὐτὸ
952 1103 1198 1146 πραγματευθεὶς
1215 1104 1269 1136 καὶ

200 1153 237 1186 οὐ
260 1152 355 1194 μόνον
368 1152 556 1195 ἀποχρῆσαν
566 1151 652 1193 αὐτῷ
669 1151 909 1194 ἀποφήνασθαι,
927 1151 974 1184 ὅτι
989 1151 1048 1184 οὐκ
1063 1150 1162 1191 ἔστιν,
1183 1151 1268 1194 ὅμως

198 1199 351 1233 κινεῖσθαί
369 1211 445 1243 φησι
466 1199 507 1232 τὰ
523 1199 612 1239 ὄντα,
631 1198 690 1232 οὐκ
706 1198 793 1236 ὄντος
811 1202 915 1238 κενοῦ.
959 1198 1092 1232 Initium
1107 1199 1268 1240 integrum

198 1248 262 1280 est.
308 1249 384 1280 Post
401 1246 602 1290 Ἀναξαγόρας
619 1245 826 1288 Spaldingius
851 1246 925 1288 poni
944 1246 1076 1280 volebat
1095 1247 1113 1279 ὀ
1132 1247 1192 1290 πρὸ
1209 1247 1267 1280 αὐ-

197 1299 254 1328 τοῦ
270 1294 530 1338 πραγματευθείς,
548 1294 604 1327 sed
629 1293 710 1327 mihi
728 1303 804 1327 cum
831 1294 966 1336 Bergkio
982 1295 1154 1337 legendum
1174 1295 1263 1328 vide-

198 1345 253 1376 tur
271 1352 280 1374 ε
299 1343 367 1375 ἐπεὶ
387 1341 442 1375 καὶ
460 1341 662 1384 Ἀναξαγόρας
676 1342 694 1375 ό
709 1343 779 1385 περὶ
796 1343 832 1376 τὸ
849 1343 927 1376 αὐτὸ
947 1344 1207 1387 πραγματευθείς,
1225 1347 1267 1382 ὡς

196 1391 234 1423 οὐ
250 1389 346 1436 μόνον
359 1390 546 1434 ἂποχρῆσαν
567 1389 655 1432 αὐτῷ
667 1389 901 1433 ἀποφήνασθαι,
917 1391 964 1425 ὅτι
987 1392 1045 1425 οὐκ
1062 1392 1158 1434 ἔστιν,
1181 1393 1266 1435 ὅμως

195 1438 347 1472 κινεῖσθαί
363 1449 438 1480 φησι
457 1438 498 1471 τὰ
514 1437 601 1474 ὄντα.
617 1438 675 1471 οὐκ
697 1437 784 1476 ὄντος
803 1443 910 1482 κενοῦ,
938 1441 974 1473 ut
991 1440 1121 1473 dicatur
1137 1443 1267 1474 Anaxa·

195 1496 302 1530 goras,
318 1486 468 1529 quamvis
496 1486 528 1519 id
555 1486 665 1528 ipsum
697 1486 798 1527 egerit
816 1488 852 1520 nt
871 1496 935 1520 non
959 1497 1028 1520 esse
1045 1497 1186 1520 vacuum
1213 1487 1266 1520 de·

197 1537 406 1578 monstraret,
433 1538 544 1568 tamen
566 1543 605 1568 eo
628 1543 693 1567 non
711 1538 884 1568 contentus
907 1537 1032 1569 motum
1056 1535 1155 1568 rebus
1175 1536 1265 1568 attri-

194 1587 313 1621 buisse.

237 1639 290 1668 22.
317 1633 457 1677 Ὁμοίως
473 1634 508 1667 δὲ
528 1634 583 1666 καὶ
603 1633 621 1666 ὀ
639 1633 852 1673 Ἐμπεδοκλῆς
868 1636 1022 1667 κινεῖσθαι
1051 1633 1106 1675 μὲν
1126 1634 1174 1667 ἀεί
1191 1646 1265 1675 φησι

194 1684 425 1725 ονγκινοῦμενα
443 1683 497 1716 τὸν
527 1682 652 1715 ἅπαντα
679 1681 847 1725 ἐνδελεχῶς
870 1683 994 1724 χρόνον,
1015 1683 1104 1715 οὐδὲν
1121 1682 1198 1715 εἶναι
1217 1682 1265 1715 λε’-

193 1742 259 1772 γων
276 1732 320 1769 ὡς
340 1733 398 1764 τοῦ
423 1729 560 1771 παντός,
582 1729 654 1763 οὐδὲ
672 1729 798 1764 κενεόν·
823 1730 918 1763 πόθεν
944 1729 999 1764 οὖν
1020 1730 1050 1764 τί
1071 1730 1103 1763 κ’
1121 1731 1264 1771 ἐπέλθοις

196 1780 271 1812 ὅταν
286 1779 320 1812 δὲ
339 1779 382 1817 εἰς
397 1776 471 1820 μίαν
484 1779 604 1822 μορφὴν
618 1780 771 1822 συγκριθῇ
781 1805 792 1820 ,
808 1780 852 1817 ὡς
869 1779 901 1812 ἓν
917 1778 1008 1820 εἶναι,
1026 1779 1118 1813 οὐδέν
1133 1791 1209 1821 φησι
1226 1779 1264 1812 τό

193 1839 231 1870 γε
243 1828 351 1861 κενεὸν
371 1827 458 1860 πέλει
471 1826 545 1860 οὐδὲ
566 1826 730 1869 περισσόν.
774 1828 924 1869 Ineptum
946 1829 996 1860 est
1022 1828 1174 1860 κινεῖσθαι
1188 1841 1263 1871 συγ-

193 1876 381 1919 κινούμενα,
399 1883 503 1915 neque
518 1875 618 1917 magis
636 1884 754 1908 sanum
771 1875 858 1917 quod
873 1875 1041 1909 Bekkerus
1058 1885 1075 1908 e
1098 1875 1265 1911 codicibus

193 1924 279 1958 eruit
293 1923 504 1965 συγκινὸμενα
531 1925 565 1956 et
592 1924 839 1967 συγκοινὸμενα,
875 1924 969 1966 cujus
998 1924 1068 1957 ioco
1090 1924 1265 1965 Lipsiensis

192 1972 316 2014 proebet
335 1971 577 2014 συγκρινόμενα.
623 1973 665 2005 At
686 1980 764 2005 vero
790 1981 895 2014 quum
922 1980 986 2005 non
1006 1971 1113 2005 solum
1130 1973 1186 2006 ubi
1211 1974 1262 2007 di-

190 2027 300 2061 spersa
321 2019 354 2052 in
378 2027 483 2051 unum
511 2019 760 2061 congregantur,
787 2019 844 2052 sed
866 2019 965 2053 etiam
995 2019 1050 2052 ubi
1071 2023 1263 2062 congregata

191 2074 302 2099 rursus
319 2065 565 2108 disperguntur,
583 2067 694 2099 motus
719 2066 868 2107 exsistat,
890 2067 1043 2109 Bergkius
1064 2068 1145 2101 iilud
1160 2078 1261 2102 unum

191 2114 421 2158 συγκρινόμενα
443 2124 509 2149 non
544 2115 695 2149 sufficere
728 2117 832 2154 ratus.
871 2115 1091 2159 διακρινόμενα
1123 2115 1260 2150 addidit.

190 2163 316 2196 Deinde
337 2162 424 2205 qnod
460 2162 609 2205 sequitur
631 2163 707 2196 ὅταν
729 2163 763 2196 δὲ
791 2164 834 2202 εἰς
862 2162 935 2206 μίαν
963 2163 1083 2206 μορφὴν
1110 2166 1261 2208 συγκριθῇ

189 2211 377 2245 testimonio
393 2220 464 2245 esse
485 2211 542 2252 ait,
559 2211 592 2244 in
608 2211 868 2253 praecedentibus
881 2211 980 2245 fuisse
999 2212 1125 2244 dictum
1141 2211 1182 2244 de
1197 2212 1261 2245 dis-

189 2259 348 2301 sipatione
367 2269 477 2293 rerum
493 2260 653 2301 omnium,
668 2260 702 2293 in
715 2269 780 2302 qua
795 2260 876 2293 nibil
892 2269 1000 2302 neque
1018 2269 1133 2302 parum
1154 2270 1261 2303 neque

189 2309 329 2342 nimium
344 2308 618 2349 deprehendatur.
664 2311 700 2342 ln
717 2309 826 2342 verbis
842 2311 885 2346 ὡς
902 2311 960 2342 τοῦ
978 2308 1094 2347 παντός
1111 2310 1259 2351 Spaldin-

189 2356 261 2397 gius
275 2358 318 2394 ὡς
332 2357 420 2390 recte
441 2356 581 2390 mutavit
596 2357 628 2390 in
643 2357 806 2401 περισσόν.
851 2359 953 2391 Porro
966 2357 999 2390 in
1013 2357 1095 2391 libro
1113 2359 1260 2401 Lipsien-

187 2404 216 2437 εἰ
232 2404 334 2438 ὠσθὲν
352 2403 430 2438 εἶναι
454 2404 477 2438 i.
498 2413 527 2438 e.
549 2404 627 2438 ὥσθ’
643 2405 675 2438 ἓν
695 2405 774 2438 εἶναι
797 2405 955 2447 reperitur
976 2414 1034 2447 pro
1055 2406 1098 2443 ὡς
1119 2406 1152 2439 ἓν
1168 2406 1257 2440 εἶναι.

193 2452 276 2490 Quoe
297 2452 407 2485 antem
424 2452 456 2484 in
475 2451 588 2485 eodem
602 2452 714 2486 codice
729 2454 882 2494 corrupta
898 2455 974 2485 sunt
987 2453 1102 2490 παντὸς
1123 2453 1157 2487 δὲ
1169 2454 1258 2488 οὐδέν

188 2509 297 2531 κεν....
317 2498 417 2532 πόθον
437 2498 492 2532 οὖν
521 2510 552 2532 τι
568 2511 605 2532 κε
623 2500 744 2540 πέλθοι,
771 2500 805 2532 in
823 2500 861 2532 iis
889 2499 982 2532 facile
1004 2500 1170 2541 vulgatam
1184 2502 1257 2535 scri·

189 2548 320 2588 pturam
340 2554 508 2588 agnoscas.
554 2547 637 2580 Hinc
654 2547 807 2587 Bergkius
820 2546 934 2587 suasit,
954 2549 990 2579 ut
1006 2547 1100 2581 locus
1116 2549 1164 2581 sic
1183 2558 1256 2582 cor·

190 2596 346 2637 rigeretur
363 2594 524 2636 τὈμοίως
541 2595 575 2628 δὲ
591 2595 645 2627 καὶ
664 2596 682 2627 ὁ
703 2595 918 2636 Ἐμπεδοκλῆς
943 2596 1099 2628 κινεῖσθαι
1127 2596 1182 2637 μὲν
1208 2598 1257 2631 ἀεί

189 2655 266 2687 φησι
280 2642 509 2686 συγκρινόμενά
527 2653 562 2675 τε
576 2643 629 2675 καὶ
647 2641 866 2684 διακρινόμενα
878 2641 932 2674 τὸν
951 2640 1076 2676 ἅπαντα
1089 2642 1256 2685 ἐνδελεχῶς

187 2691 313 2735 χρόνον,
331 2691 407 2724 ὅταν
440 2690 495 2734 μὲν
511 2691 667 2732 διακριθῇ,
685 2689 773 2722 οὐδὲν
792 2687 873 2722 εἶναι
901 2689 1001 2730 λέγων
1028 2689 1179 2731 περισσὸν
1198 2693 1256 2723 τοῦ

186 2739 316 2782 παντός,
334 2738 406 2773 οὐδὲ
417 2738 542 2771 κενεόν·
556 2739 651 2770 πόθεν
664 2737 718 2770 οὖν
733 2737 762 2770 τί
778 2736 808 2769 κ’
825 2737 967 2770 ἐπέλθοι·
985 2737 1060 2771 ὅταν
1073 2737 1107 2771 δὲ
1125 2738 1167 2775 εἷς
1182 2738 1255 2778 μίαν

189 2786 306 2828 μορφὴν
321 2786 486 2829 συγκριθῇ,
503 2785 581 2818 ὥσθ’
595 2785 627 2818 ἓν
644 2785 723 2818 εἶναι
733 2809 742 2825 ,
763 2783 864 2825 οὐδέν,
885 2783 989 2826 φησίν,
1002 2784 1057 2826 ὅγε
1074 2785 1181 2818 κενεὸν
1197 2785 1255 2818 πέ-

187 2835 232 2866 λει
246 2833 318 2867 οὐδὲ
334 2833 498 2878 περισσόν.
545 2833 609 2872 Qui
633 2833 711 2866 mihi
735 2832 769 2865 in
793 2841 833 2866 eo
851 2832 1059 2873 potissimum
1077 2832 1187 2873 lapsus
1207 2832 1255 2865 vi-

187 2881 296 2921 detur,
315 2881 402 2923 quod
422 2881 525 2922 magis
539 2880 696 2914 doctrinae
714 2880 941 2923 Empedocleae
958 2889 1057 2922 quarn
1076 2880 1120 2913 rei
1135 2880 1175 2914 de
1190 2890 1254 2922 qua

189 2927 242 2961 bic
252 2928 437 2971 disputatur
453 2929 612 2962 rationem
633 2928 759 2963 habuit.
804 2929 1011 2964 Aristoteiem
1028 2929 1114 2962 enim
1128 2932 1253 2962 Anaxa·

186 2985 274 3019 gorae
295 2977 461 3010 mentione
479 2976 596 3018 injecta
615 2975 696 3010 iliud
724 2977 800 3011 ante
818 2977 926 3011 omnia
945 2980 1090 3019 spectare
1116 2976 1252 3010 manife-

187 3029 275 3058 stum
293 3027 352 3065 est,
366 3026 403 3059 ut
419 3025 546 3065 doceat,
564 3025 765 3061 etiamsinon
783 3025 824 3059 sit
838 3027 1127 3064 va‘cuum,motum
1144 3027 1253 3058 tamen

188 3082 253 3106 non
275 3073 357 3107 tolli.
403 3073 565 3112 Quamvis
585 3073 697 3106 autem
723 3073 918 3115 Empedocie
936 3075 1068 3106 auctore
1090 3073 1253 3115 σύγκρισις

189 3129 255 3153 non
273 3121 328 3154 fiat
350 3121 412 3154 nisi
431 3120 635 3163 praecedente
653 3120 806 3164 διακρίσει
824 3121 1006 3163 pariterque
1021 3120 1177 3163 διάκρισις
1193 3120 1252 3152 nisi

191 3169 264 3210 post
277 3168 440 3212 σύγκρισιν
459 3177 526 3201 non
551 3168 689 3210 oriatur,
710 3172 817 3202 tamen
844 3168 898 3201 ubi
917 3168 988 3210 quis
1001 3169 1116 3208 dogma
1133 3171 1252 3209 Empe-

189 3215 340 3249 docleum
356 3211 436 3250 nibil
449 3225 520 3250 esse
537 3216 633 3251 inane
645 3218 677 3251 et
692 3226 826 3260 corpora
845 3226 920 3258 quae
933 3217 1097 3259 συγκρίσει
1114 3225 1252 3249 nascun-

191 3263 247 3297 tur
269 3264 427 3306 perpetuo
451 3265 578 3298 moveri
602 3265 695 3298 veiut
722 3265 756 3298 in
783 3265 916 3298 transitu
947 3265 1105 3306 significat
1125 3277 1134 3297 ε
1153 3265 1181 3296 ei
1196 3266 1253 3296 τοῦ

191 3311 368 3355 συγκρίνειν
382 3312 543 3346 vocabulo
560 3313 663 3355 posito
684 3314 824 3347 alterum
840 3314 989 3347 omittere
1008 3313 1095 3353 licet,
1117 3321 1253 3354 praeser-

191 3359 253 3392 tim
267 3359 398 3401 quando
420 3363 511 3393 ortus
535 3363 781 3402 perennitatem,
802 3370 876 3403 quae
895 3360 1074 3394 necessario
1093 3368 1168 3392 cum
1188 3360 1255 3392 δια-

190 3406 449 3450 κρίσειοορυΙοίο
460 3409 493 3441 et
506 3408 679 3449 conjuncta
694 3413 755 3450 est,
773 3409 942 3452 participio
956 3408 1124 3450 praesentis
1138 3409 1253 3449 passivi

192 3456 350 3488 enuntiat.
395 3455 554 3494 Quocirca
566 3456 679 3498 exigua
690 3457 868 3490 mutatione
882 3457 925 3490 ita
941 3456 1106 3489 constituo
1121 3455 1227 3488 iocum
1244 3469 1251 3489 :

192 3501 333 3542 Ὁμοίως
344 3502 376 3535 δὲ
393 3503 447 3536 καὶ
464 3504 480 3536 ὁ
494 3504 710 3546 Ἐμπεδοκλῆς
724 3506 876 3539 κινεῖσθαι
898 3504 952 3547 μὲν
968 3505 1017 3538 ἀεί
1030 3516 1105 3547 φησι
1124 3515 1251 3546 συγκρι-

306 3690 328 3705 5.

1331 962 1447 1003 νόμενα
1460 963 1514 996 τὸν
1531 963 1655 996 ἅπαντα
1669 964 1835 1006 ἐνδελεχῶς
1850 966 1974 1009 χρόνον,
1991 967 2079 999 οὐδὲν
2090 968 2168 1001 εἶναι
2184 971 2282 1009 λέγων
2293 983 2402 1012 περισ-

1331 1011 1387 1043 σὸν
1407 1013 1462 1043 τοῦ
1479 1012 1612 1053 παντός,
1634 1013 1706 1046 οὐδὲ
1722 1014 1840 1047 κενεόν.
1888 1014 1988 1047 Πόθεν
2003 1014 2057 1047 οὖν
2069 1015 2099 1048 τί
2116 1016 2148 1048 κ’
2162 1018 2303 1061 ἐπέλθοις
2326 1021 2402 1053 ὅταν

1330 1058 1390 1099 γὰρ
1401 1059 1442 1095 εἰς
1463 1059 1536 1099 μίαν
1551 1060 1668 1101 μορφὴν
1683 1062 1851 1103 συγκριθῇ,
1869 1062 1946 1094 ὥσθ’
1967 1062 1998 1095 ἓν
2020 1063 2111 1103 εἶναι,
2129 1065 2231 1106 οὐδέν,
2253 1069 2343 1109 φησί,
2363 1069 2402 1101 τό

1331 1117 1367 1146 γε
1381 1106 1486 1138 κενεὸν
1503 1106 1588 1138 πέλει
1604 1106 1676 1139 οὐδὲ
1697 1108 1861 1150 περισσόν.
1907 1111 1943 1141 ln
1965 1119 2031 1151 quo
2053 1111 2133 1144 nibil
2157 1113 2293 1147 sortasse
2309 1115 2402 1150 deest

1332 1156 1450 1194 praeter
1470 1153 1503 1185 δὲ
1520 1153 1607 1194 quod
1632 1155 1825 1194 respondeat
1850 1159 1897 1199 τῷ
1916 1157 1972 1197 μὲν
1998 1159 2102 1198 posito
2133 1163 2207 1201 post
2232 1165 2400 1196 κινεῖσθαι.

1331 1202 1413 1238 Quoe
1432 1210 1482 1234 res
1498 1201 1720 1242 Spaldingium
1743 1202 1892 1243 adduxit,
1913 1207 1947 1236 ιιι
1964 1208 2036 1246 post
2055 1206 2168 1248 χρόνον
2187 1208 2283 1242 inseri
2302 1211 2401 1244 veiiet

1329 1247 1491 1288 γίγνεσθαι
1511 1248 1544 1281 δὲ
1569 1250 1739 1288 μηδέποτε.
1785 1251 1847 1284 Sed
1870 1253 2030 1293 posterius
2059 1256 2243 1288 membrum
2270 1260 2402 1292 constat

1330 1295 1493 1329 interdum
1513 1298 1704 1339 desiderari.
1750 1299 1802 1331 Cf.
1830 1300 1978 1333 Mattbiae
2006 1302 2068 1334 Gr.
2101 1304 2158 1335 Gr.
2182 1303 2200 1345 §
2222 1308 2297 1346 622,
2315 1311 2334 1339 6
2365 1309 2402 1340 et

1328 1343 1409 1376 aiios
1425 1345 1480 1387 qui
1501 1345 1542 1379 de
1556 1346 1722 1388 particulis
1744 1347 1956 1388 scripserunt.

1373 1394 1425 1425 27.
1448 1393 1489 1426 Τί
1504 1394 1564 1437 γὰρ
1586 1395 1703 1428 κωλύει
1730 1396 1773 1431 εἷς
1797 1396 1915 1434 ἄλληλα
1935 1398 2080 1440 φέρεσθαι
2102 1399 2156 1431 καὶ
2181 1400 2402 1441 περιίστασθαι

1328 1439 1395 1481 ἅμα
1416 1442 1545 1475 ὁτουοῦν
1566 1443 1609 1479 εἰς
1625 1443 1714 1482 ἄλλο,
1739 1443 1792 1475 καὶ
1812 1444 1925 1476 τούτου
1948 1445 1990 1481 εἰς
2007 1445 2110 1488 ἕτερον
2128 1446 2181 1479 καὶ
2206 1448 2248 1484 εἰς
2263 1449 2299 1480 τό
2313 1453 2402 1491 πρῶ-

1326 1499 1391 1523 τον,
1406 1489 1501 1522 ἄλλου
1525 1491 1770 1532 μεταὸάλλοντος
1793 1490 1854 1523 ἀεί.
1901 1492 1961 1525 uic
1978 1492 2046 1532 jam
2071 1502 2089 1526 e
2104 1493 2177 1526 cod.
2201 1496 2286 1536 Lips.
2309 1497 2400 1529 ὁτου-

1327 1539 1382 1568 οῦν
1397 1545 1455 1577 pro
1477 1538 1582 1570 ὁτιοῦν
1596 1538 1735 1571 restituit
1762 1538 1939 1581 Bekkerus,
1958 1542 2084 1573 servata
2104 1541 2152 1574 uti
2173 1551 2229 1582 par
2245 1544 2313 1575 erat
2332 1544 2401 1576 vui·

1328 1588 1400 1624 gaia
1418 1585 1556 1618 lectione
1576 1587 1629 1618 καὶ
1645 1587 1687 1623 εἰς
1700 1586 1735 1618 τὸ
1750 1591 1887 1628 πρῶτον,
1907 1587 2002 1629 cujus
2024 1588 2096 1621 loco
2116 1589 2196 1622 iiber
2214 1590 2302 1632 Lips.
2321 1600 2400 1632 prae-

1328 1632 1381 1664 bet
1399 1633 1454 1665 καὶ
1471 1634 1498 1665 εἰ
1516 1634 1552 1665 τὸ
1569 1637 1707 1675 πρῶτον.
1755 1634 1909 1676 Bergkius
1927 1635 2064 1676 conjecit
2077 1646 2085 1668 :
2097 1635 2136 1669 Τί
2149 1636 2211 1680 γὰρ
2224 1639 2339 1670 κωλύει
2357 1640 2400 1676 εἰς

1325 1680 1444 1719 ἄλληλα
1454 1683 1598 1723 φέρεσθαι
1618 1683 1672 1715 καὶ
1692 1683 1911 1727 περιίστασθαι
1937 1683 2031 1717 πάλιν
2047 1683 2111 1726 (vei
2135 1684 2250 1726 πάντα)
2270 1687 2400 1719 ὁτουοῦν

1326 1728 1367 1763 εἰς
1380 1728 1457 1759 ἄλλο
1479 1728 1533 1760 καὶ
1548 1729 1666 1761 ’τούτου
1679 1730 1724 1767 εἷς
1740 1731 1858 1771 ἕτερον,
1879 1730 1942 1763 εἴτε
1957 1731 1994 1764 τὸ
2016 1734 2142 1774 πρῶτον
2160 1732 2222 1765 εἴτε
2239 1734 2292 1765 καὶ
2309 1733 2399 1775 ἄλλο,

1326 1776 1574 1817 μεταὸάλλοντος
1594 1776 1654 1809 ἀεί.
1698 1777 1832 1810 collatis
1849 1778 1933 1811 enim
1953 1778 1990 1811 iis
2003 1787 2078 1820 quae
2091 1778 2184 1812 initio
2198 1780 2296 1822 hujus
2312 1781 2399 1823 capi-

1329 1824 1370 1856 tis
1388 1824 1539 1865 leguntur
1555 1833 1564 1856 ε
1583 1825 1626 1857 Ἢ
1640 1825 1728 1858 οὐδὲν
1745 1826 1860 1859 κωλύει
1878 1828 2037 1867 γεγονέναι
2059 1827 2148 1869 ἕτεροι
2167 1828 2197 1864 ἐξ
2214 1829 2326 1871 ἑτέρων
2345 1831 2399 1862 καὶ

1324 1875 1416 1905 τοῦτο
1429 1873 1471 1909 εἰς
1485 1873 1613 1916 ἄπειρον
1630 1873 1723 1915 ἰέναι,
1736 1875 1755 1914 ἢ
1775 1874 1989 1915 ἀνακάμπτειν
2001 1876 2121 1918 κύκλῳ,
2139 1876 2223 1908 ὥστε
2238 1877 2275 1909 τὸ
2293 1877 2399 1920 ἕτερον

1324 1920 1359 1952 ἐκ
1374 1924 1430 1952 τοῦ
1447 1921 1553 1963 ἑτέρου
1563 1922 1724 1963 γεγονέναι
1737 1922 1963 1964 philosophum
1981 1922 2087 1955 dicere
2098 1923 2264 1957 verissime
2276 1926 2399 1966 monet,

1325 1968 1393 2001 fieri
1415 1977 1520 2010 posse,
1542 1969 1579 2002 ut
1596 1973 1751 2011 perpetua
1770 1969 1842 2002 baec
1858 1970 1899 2003 sit
1918 1971 2071 2011 mutatio,
2090 1972 2127 2004 ut
2149 1973 2400 2015 unumquidque

1324 2016 1424 2049 modo
1450 2016 1535 2054 hanc
1554 2017 1653 2050 modo
1676 2017 1765 2050 illam
1786 2017 1926 2059 speciem
1948 2018 2076 2059 induat,
2102 2021 2134 2052 et
2152 2020 2202 2052 vei
2220 2022 2400 2054 revenaiur

1324 2064 1356 2097 in
1374 2073 1445 2097 eam
1465 2065 1616 2106 sormam,
1636 2074 1701 2107 qua
1728 2066 1870 2107 primum
1898 2066 1994 2098 suerit
2015 2067 2203 2108 praeditum,
2231 2069 2282 2101 vei
2301 2068 2398 2102 aliam

1322 2121 1364 2145 ex
1377 2112 1439 2144 alia
1449 2113 1595 2146 asciscat.
1640 2113 1704 2147 Sed
1718 2114 1804 2147 idem
1811 2123 1926 2148 sensus
1936 2114 1970 2147 in
1983 2114 2115 2155 vulgata
2125 2115 2286 2157 scriptura
2300 2116 2397 2158 inest,

1323 2159 1423 2192 modo
1444 2169 1502 2202 pro
1518 2162 1586 2203 ἅμα
1602 2163 1742 2203 ponatur
1763 2162 1887 2202 πάντα,
1916 2161 2006 2204 quod
2029 2162 2211 2195 Felicianus
2224 2165 2397 2206 expressit,

1321 2210 1354 2241 et
1370 2209 1504 2250 rectius,
1520 2217 1619 2250 quam
1637 2218 1657 2241 a
1673 2209 1737 2242 Bek
1746 2209 1823 2243 kero
1841 2210 1963 2242 facium
1977 2210 2039 2248 est,
2059 2210 2149 2242 iocus
2165 2210 2396 2252 distinguatur.

1320 2256 1373 2289 Sic
1391 2256 1487 2298 igitur
1507 2257 1715 2291 scribendum
1735 2257 1911 2291 existimo:
1929 2257 1968 2290 Τί
1991 2257 2052 2301 γὰρ
2077 2259 2193 2292 κωλύει
2209 2259 2252 2296 εἰς
2275 2259 2394 2298 ἄλληλα

1319 2306 1465 2349 φέρεσθαι
1478 2306 1532 2339 καὶ
1546 2306 1767 2349 περιίστασθαι
1775 2306 1893 2346 πάντα,
1909 2307 2040 2339 ὁτουοῦν
2056 2306 2098 2343 εἰς
2113 2306 2202 2347 ἄλλο,
2212 2307 2266 2339 καὶ
2279 2309 2393 2341 τούτου

1319 2355 1362 2391 εἷς
1379 2354 1495 2396 ἕτερον,
1511 2355 1565 2387 καὶ
1586 2355 1629 2392 εἰς
1642 2355 1679 2388 τὸ
1692 2358 1817 2397 πρῶτον
1833 2355 1928 2387 ἄλλου
1942 2354 2190 2397 μεταὸάὶλοντας
2209 2354 2270 2387 ἀεί.

1363 2405 1414 2434 29.
1429 2401 1499 2435 Ἔτι
1519 2402 1573 2435 καὶ
1585 2402 1642 2442 τήν
1659 2402 1691 2435 ἐν
1710 2405 1757 2444 τῷ
1770 2402 1857 2446 αὐτῷ
1874 2402 2020 2445 μένοντος
2034 2405 2091 2435 τοῦ
2101 2402 2283 2445 πράγματος
2298 2403 2389 2447 τόπῳ

1318 2453 1374 2481 τοῦ
1391 2449 1489 2486 εἴδους
1507 2450 1692 2491 μεταὸολήν,
1708 2450 1747 2489 ἢν
1760 2450 1928 2483 ἀλλοίωσιν
1939 2450 1969 2483 ot
1984 2449 2011 2483 τ’
2026 2450 2116 2483 ἄλλοι
2137 2450 2281 2488 κάκεῖνος
2298 2453 2394 2493 λέγει,

1319 2496 1406 2528 οὐδὲν
1427 2496 1536 2529 ἐκτῶν
1552 2498 1722 2539 εἰρημένων
1745 2498 1832 2541 αὐτῷ
1849 2499 1966 2532 κωλύει
1979 2499 2135 2531 κινεῖσθαι
2154 2498 2195 2531 τὰ
2211 2499 2393 2541 πράγματα,

1317 2544 1392 2576 ὅταν
1411 2544 1446 2576 ἐκ
1459 2545 1570 2577 λευκοῦ
1587 2545 1681 2587 μέλαν
1695 2547 1715 2585 ἢ
1729 2545 1765 2578 ἐκ
1778 2549 1892 2589 πικροῦ
1904 2545 2031 2587 γένηται
2042 2545 2152 2587 γλυκύ.
2175 2545 2263 2579 οὐδὲν
2276 2547 2336 2589 γὰρ
2357 2549 2395 2580 τὸ

1318 2592 1361 2631 μὴ
1380 2592 1459 2624 εἶναι
1481 2592 1571 2625 κενὸν
1591 2594 1611 2632 ἢ
1630 2594 1674 2634 μή
1694 2595 1840 2636 δέχεσθαι
1857 2594 1894 2627 τὸ
1911 2595 2024 2636 πλῆρες
2049 2594 2250 2628 ἀλλοιοῦσθαι
2263 2596 2392 2628 κωλύει.

1318 2639 1488 2672 omittitur
1506 2640 1594 2673 οὐδὲν
1625 2643 1698 2683 post
1714 2642 1858 2680 κάκεῖνος
1884 2643 1967 2684 λέγει
1995 2642 2028 2675 in
2053 2642 2134 2675 cod.
2152 2643 2255 2684 Lips„
2278 2652 2392 2676 verum

1319 2687 1373 2720 iiia
1394 2696 1473 2720 voce
1491 2690 1651 2722 sententia
1669 2698 1781 2723 carere
1802 2699 1866 2724 non
1889 2691 2004 2733 potest.
2052 2690 2175 2724 Deinde
2190 2700 2250 2733 pro
2265 2692 2392 2732 γένηται

1317 2736 1435 2776 legitur
1448 2736 1613 2780 γίγνηται,
1630 2738 1686 2771 sed
1705 2739 1845 2773 alterum
1866 2740 2011 2781 praestat.
2037 2740 2200 2773 caeterum
2219 2742 2392 2782 μεταὸολὴν

1315 2784 1353 2823 ἢν
1367 2784 1537 2819 &maimoni
1549 2785 1615 2826 jam
1645 2796 1686 2820 ex
1712 2787 1828 2821 eodem
1855 2787 1972 2821 Codice
1991 2788 2132 2821 restituit
2151 2788 2314 2822 Bekkerus
2327 2799 2392 2830 pro

1316 2833 1403 2873 vulg.
1433 2833 1607 2874 μεταὸολὴν
1628 2835 1648 2874 ἢ
1678 2834 1748 2868 ἀλλ.
1794 2835 1954 2877 Bergidus
1978 2835 2096 2869 borum
2113 2836 2288 2869 verborum
2315 2838 2392 2871 satis

1316 2880 1508 2922 impeditam
1527 2881 1724 2919 sententiam
1744 2892 1813 2917 esse
1827 2885 1978 2926 opinatus
1999 2884 2210 2917 scribendum
2228 2885 2388 2927 conjecit:

1314 2929 1383 2961 Ἔτι
1397 2930 1450 2961 καὶ
1473 2941 1524 2962 κα
1534 2941 1550 2962 τ
1559 2930 1580 2963 ὰ
1595 2930 1651 2970 τὴν
1668 2929 1701 2963 ἐν
1713 2934 1760 2973 τῷ
1773 2931 1861 2974 αὐτῷ
1873 2931 2016 2973 μένοντος
2036 2935 2092 2964 τοῦ
2106 2932 2287 2974 πράγματος
2300 2932 2388 2974 τόπῳ

1313 2980 1369 3010 τοῦ
1382 2977 1481 3015 εἴδους
1492 2979 1862 3020 μεταὸολὴν-κινεῖσθαι
1872 2979 1911 3012 τὰ
1921 2979 2091 3024 πράγματα
2103 2980 2154 3012 vel
2163 2983 2202 3022 τῇ
2215 2981 2386 3022 μεταὸολῇ.

1314 3027 1355 3060 At
1371 3028 1577 3061 accusativus
1596 3028 1653 3068 τήν
1680 3029 1856 3070 μεταὸολήν
1879 3029 1919 3061 ed
1938 3030 2089 3061 κινεῖσθαι
2114 3028 2232 3061 relatus
2249 3029 2387 3061 aliorum

1314 3074 1462 3108 iocorum
1494 3075 1707 3109 similitudine
1734 3077 1865 3109 abunde
1897 3076 2091 3116 defenditur,
2113 3076 2203 3109 velut
2219 3077 2388 3109 Platonico

1313 3123 1354 3156 de
1368 3126 1462 3166 Lepg.
1477 3125 1523 3165 11,
1541 3128 1603 3158 656
1619 3125 1717 3164 εὴδέα
1730 3125 1790 3167 γὰρ
1800 3125 1918 3157 τούτων
1930 3125 2048 3157 ἕκαστα
2062 3124 2140 3157 εἶναί
2159 3135 2250 3168 φασι,
2265 3125 2387 3166 πονηρὰ

1314 3171 1429 3210 δέ,»καὶ
1443 3171 1581 3205 ἐναντίον
1598 3172 1714 3212 ἄλλων,
1744 3174 1797 3210 οὓς
1818 3173 1935 3205 οἶονται
1956 3176 2088 3216 φρονεῖν,
2105 3172 2307 3214 αἰσχύνονται
2329 3172 2384 3213 μὲν

1316 3215 1473 3252 κινεῖσθαι
1486 3222 1532 3262 τῷ
1548 3219 1675 3262 σώματι
1697 3220 1738 3253 τὰ
1759 3224 1890 3253 τοιαῦτα
1908 3233 1940 3255 κ,
1966 3232 1995 3255 τ.
2006 3221 2035 3253 λ.
2059 3222 2142 3261 Ergo
2157 3219 2236 3252 nihii
2256 3222 2384 3251 mutan-

1317 3266 1416 3307 dum,
1436 3276 1636 3309 quamquam
1655 3277 1720 3300 non
1735 3268 1913 3301 admodum
1930 3267 2100 3301 commoda
2118 3267 2290 3300 verborum
2310 3267 2379 3298 col·

1317 3315 1434 3348 locatio
1447 3318 1506 3348 est.
1553 3318 1617 3349 Bes
1641 3315 1680 3348 de
1703 3325 1767 3357 qua
1784 3316 1992 3358 disceptatur,
2015 3317 2186 3357 exponitur
2205 3324 2224 3347 a
2246 3315 2378 3347 Melisso

1315 3362 1427 3403 fragm.
1445 3366 1492 3396 17.
1507 3363 1557 3396 Cf.
1576 3363 1708 3396 Aristot.
1721 3364 1821 3405 Phys.
1842 3364 1991 3397 Auscult.
2008 3367 2034 3402 1,
2051 3367 2069 3396 3
2092 3376 2100 3397 2
2121 3364 2168 3396 ὅτι
2184 3362 2238 3404 μὲν
2257 3361 2311 3394 οὗν
2325 3374 2383 3395 πα-

1318 3409 1511 3451 ραλογίζεται
1528 3411 1686 3447 Μέλισσος
1700 3411 1803 3449 δῆλον·
1819 3411 1916 3443 οἴεται
1931 3411 1990 3453 γὰρ
2008 3410 2161 3451 εἰληφέναι
2171 3435 2179 3449 ,
2197 3409 2225 3442 εἰ
2239 3409 2276 3442 τὸ
2291 3408 2380 3450 γενό-

1315 3468 1406 3498 μενον
1426 3458 1524 3499 ἀρχὴν
1538 3458 1603 3500 ἔχει
1620 3458 1717 3499 ἅπαν,
1730 3459 1778 3490 ὅτι
1797 3459 1848 3490 καὶ
1864 3459 1900 3490 τὸ
1913 3459 1954 3500 μή
1971 3457 2133 3498 γενόμενον
2145 3456 2202 3489 οὐκ
2216 3456 2280 3496 ἔχει
2292 3467 2299 3474 ·
2314 3456 2382 3488 εἶτα

1314 3505 1367 3537 καὶ
1383 3509 1475 3538 τοῦτο
1496 3506 1627 3547 ἄτοπον,
1649 3506 1685 3539 τὸ
1703 3506 1816 3543 παντὸς
1832 3506 1908 3538 εἶναι
1933 3506 2031 3548 ἀρχὴν
2048 3504 2241 3547 πράγματος,
2254 3503 2309 3536 καὶ
2333 3503 2377 3545 μὴ

2178 3597 2218 3620 19.
