2612 3814
323 246 398 280 818

319 343 368 369 2⁵.
394 327 465 368 Καὶ
479 330 595 381 καλῶς
614 322 713 368 εἶπεν
733 327 965 382 Ἡράκλειτος
982 328 1035 368 ὅτι
1050 330 1086 367 αἱ
1102 328 1214 383 ψυχαὶ
1229 329 1370 379 ὀσμῶν-

399 404 456 427 ται
478 387 558 427 καθ’
577 387 679 442 ᾅδην.

454 446 700 498 (Plutarchus
719 447 767 485 de
788 447 885 486 facie
913 447 953 485 in
974 447 1061 488 orb.
1080 448 1163 486 lun.
1194 459 1281 498 cap.
1304 446 1370 492 28,

399 506 478 545 vol.
497 506 607 551 Xlll,
629 521 669 558 p.
691 506 771 558 93.)

318 579 365 604 20.
394 565 458 604 Διὸ
477 566 536 604 καὶ
553 565 782 619 Ἡράκλειτος
801 564 909 608 οὕτως
926 563 1076 616 εἴρηκεν·
1093 565 1139 608 ὡς
1155 566 1184 603 εἰ
1197 563 1311 603 πάντα
1329 563 1372 601 τὰ

399 624 482 663 ὄντα
502 625 634 668 καπνὸς
654 623 804 675 γένοιτο,
822 627 909 677 ῥῖνες
923 622 964 662 ἂν
981 624 1166 674 διαγνοῖεν.

455 682 696 736 (Aristoteles
714 683 761 721 de
776 685 896 721 Sensu
915 695 1000 734 cap.
1021 682 1042 720 5
1062 695 1152 733 pag.
1172 682 1246 727 443
1265 695 1301 720 a.
1323 682 1372 719 23

399 743 460 781 ed.
484 743 614 794 Bekk.)

318 815 368 844 27.
395 802 540 854 Κόσμον
576 802 634 840 τὸν
668 799 769 839 αὐτὸν
803 799 968 839 ἁπάντων
995 797 1073 838 οὔτε
1101 814 1153 844 τις
1180 801 1265 838 θεῶν
1295 797 1373 837 οὔτε

401 861 591 914 ἀνθρώπων
617 859 792 907 ἐποίησεν·
821 860 899 897 ἀλλ’
919 853 961 907 ἦν
991 859 1045 897 ἀεὶ
1073 859 1133 897 καὶ
1160 858 1281 907 ἔσται,
1304 864 1373 912 πῦρ

400 920 555 971 ἀείζωον,
594 918 789 970 ἁπτόμενον
829 918 946 971 μέτρῳ
980 917 1041 956 καὶ
1070 918 1373 969 ἀποσὸεννῦμενον

402 979 529 1031 μέτρῳ.

454 1038 643 1091 (Clemens
661 1037 806 1076 Sti-om.
824 1035 870 1084 V,
901 1041 944 1081 14
967 1050 1007 1087 p.
1040 1050 1085 1085 71
1098 1050 1112 1074 1

398 1096 585 1148 πέμπομαι
601 1095 662 1136 καὶ
682 1095 741 1135 τὸν
760 1095 1028 1146 Ἐμπεδοκλέα,
1048 1094 1083 1140 ὃς
1097 1097 1252 1149 φυσικῶς
1264 1095 1374 1140 οὕτως

396 1159 459 1205 τῆς
473 1159 544 1196 τῶν
558 1155 698 1196 πάντων
714 1154 921 1208 ἀναλήψεως
938 1154 1129 1207 μέμνηται,
1144 1156 1192 1201 ὡς
1207 1154 1375 1206 ἐσομένης

395 1215 480 1255 ποτὲ
513 1216 560 1260 εἰς
589 1215 652 1262 τὴν
672 1218 733 1254 τοῦ
752 1213 858 1267 πυρὸς
882 1214 1004 1254 οὐσίαν
1023 1213 1234 1265 μεταὸολῆς.
1254 1213 1375 1268 Σαφέ-

398 1289 512 1313 στατα
544 1273 775 1328 Ἡράκλειτος
807 1275 826 1311 ὁ
853 1272 1016 1323 Ἐφέσιος
1045 1272 1176 1321 ταύτης
1207 1274 1281 1313 ἐστὶ
1310 1276 1373 1321 τ’ῆς

397 1332 516 1381 δόξης,
530 1333 590 1372 τὸν
604 1332 667 1384 μέν
684 1347 764 1371 τινα
780 1331 912 1383 κόσμον
931 1331 1039 1370 ἀΐδιον
1057 1325 1146 1370 εἶναι
1163 1331 1373 1383 δοκιμάσας,

396 1391 456 1431 τὸν
476 1392 513 1431 δέ
532 1408 609 1432 τινα
628 1390 866 1446 φθειρόμενον,
879 1391 937 1430 τὸν
952 1390 1043 1431 κατὰ
1057 1391 1121 1439 τὴν
1141 1391 1375 1443 διακόσμησιν

399 1452 497 1496 εἰδὼς
519 1454 585 1506 οὐχ
612 1452 727 1505 ἕτερον
747 1451 831 1491 ὄντα
853 1450 984 1492 ἐκείνου
1011 1467 1086 1497 πως
1114 1452 1274 1505 ἔχοντος·
1293 1454 1374 1493 ἀλλ’

396 1510 449 1550 ὅτι
463 1512 526 1563 μὲν
538 1512 647 1552 ἀΐδιον
662 1511 721 1551 τὸν
737 1511 772 1557 ἐξ
786 1511 928 1559 ἁπάσης
942 1513 1003 1559 τῆς
1016 1511 1134 1556 οὐσίας
1143 1512 1262 1558 ἀΐδίως
1275 1512 1375 1552 ποιὸν

397 1571 531 1622 κόσμον
549 1571 642 1625 ᾔδει,
665 1570 813 1625 φανερὸν
832 1575 925 1611 ποιεῖ
944 1569 1055 1623 λέγων
1073 1570 1201 1615 οὕτως·
1226 1571 1374 1624 Κόσμον

396 1630 456 1668 τὸν
476 1630 580 1670 αὐτὸν
600 1629 696 1684 κτλ.)

314 1700 367 1730 18.
391 1689 507 1742 Πυρὸς
531 1690 658 1743 τροπαὶ
685 1691 824 1743 πρῶτον
854 1689 1038 1738 θάλασσα,
1059 1689 1240 1738 θαλάσσης
1272 1690 1308 1729 δὲ
1335 1690 1376 1730 τὸ

396 1748 460 1800 μὲν
477 1748 590 1800 ἥμισυ
606 1752 650 1801 γῆ
667 1749 708 1789 τὸ
726 1749 762 1790 δὲ
778 1749 890 1801 ἥμισυ
909 1749 1089 1803 πρηστήρ.

451 1808 649 1862 (Clemens
669 1810 782 1850 Alex.
804 1809 833 1849 l.
865 1823 899 1850 c.
920 1808 973 1848 ὅτι
994 1807 1030 1847 δὲ
1052 1809 1112 1847 καὶ
1141 1809 1288 1859 γενητὸν
1313 1810 1374 1849 καὶ

342 1900 346 1905 .
396 1869 546 1922 φθαρτὸν
565 1868 668 1908 αὐτὸν
688 1862 777 1908 εἶναι
802 1868 1045 1920 ἐδογμάτιζεν,
1075 1868 1201 1919 μηνύει
1226 1869 1270 1908 τὰ
1291 1871 1375 1908 ἐπι-

358 1923 363 1933 ’
397 1927 590 1981 φερόμενα·
612 1928 727 1981 Πυρὸς
746 1928 875 1980 τροπαὶ
897 1928 975 1968 κτλ.
1008 1928 1166 1980 Δυνάμει
1187 1928 1255 1981 γὰρ
1282 1929 1375 1981 λέγει

396 1989 450 2026 ὅτι
469 1990 539 2040 π’ὔρ
559 1986 628 2027 ὑπὸ
659 1992 719 2028 τοῦ
752 1988 963 2032 διοικοῦντος
990 1987 1095 2039 λόγου
1127 1988 1187 2026 καὶ
1220 1991 1300 2027 θεοῦ
1330 1988 1376 2028 τὰ

397 2046 588 2097 σύμπαντα
621 2047 665 2086 δι’
699 2047 798 2100 ἀέρος
826 2046 993 2100 τρέπεται
1025 2048 1072 2091 εἷς
1105 2046 1224 2101 ὑγρόν,
1260 2047 1300 2088 τὸ
1329 2050 1376 2093 ὡς

396 2105 539 2159 σπέρμα
556 2108 617 2154 τῆς
633 2105 919 2156 διακοσμήσεως,
938 2105 956 2144 ὃ
972 2107 1074 2144 καλεῖ
1091 2106 1291 2149 θάλασσαν.
1307 2107 1376 2146 Ἐκ

396 2164 432 2204 δὲ
448 2165 570 2205 τούτου
590 2159 689 2212 αὗθις
704 2165 838 2219 γίνεται
858 2167 905 2219 γῆ
926 2165 986 2205 καὶ
1002 2165 1144 2218 οὐρανὸς
1162 2166 1224 2205 καὶ
1242 2166 1288 2206 τὰ
1307 2167 1374 2218 ἐμ-

395 2224 662 2278 περιεχόμενα.)

316 2296 366 2324 29.
393 2284 571 2325 Θάλασσα
592 2283 773 2339 διαχέεται
803 2283 865 2324 καὶ
895 2283 1080 2338 μετρέεται
1108 2286 1156 2328 εἰς
1186 2284 1245 2324 τὸν
1271 2284 1375 2324 αὐτὸν

397 2342 513 2395 λόγον,
534 2346 646 2389 ὁκοῖος
664 2344 813 2399 πρόσθεν
833 2338 875 2392 ἦν
891 2343 914 2391 ἢ
932 2344 1094 2396 γενέσθαι
1110 2347 1172 2397 γῆ.

451 2402 642 2453 (Clemens
658 2404 768 2444 Alex.
787 2404 814 2445 l.
836 2418 871 2445 c.
895 2403 989 2447 ὅπως
1008 2403 1045 2443 δὲ
1070 2404 1178 2444 πάλιν
1208 2404 1377 2455 ἀναλαμ-

400 2461 544 2502 6άνεται
566 2463 627 2502 καὶ
646 2466 879 2517 ἐκπυροῦται,
904 2467 1024 2518 σαφῶς
1042 2462 1098 2502 διὰ
1118 2462 1248 2503 τούτων
1265 2465 1377 2511 δηλοῖ·

399 2521 575 2561 Θάλασσα
595 2524 701 2573 κτλ.)

318 2591 367 2619 30.
396 2581 652 2632 Διαφερόμενον
671 2581 738 2634 γὰρ
759 2581 814 2620 ἀεὶ
835 2580 1049 2636 ξυμφέρεται
1072 2580 1124 2637 [τὸ
1144 2581 1231 2637 ἐόν).

457 2639 687 2687 (Heraclitus
719 2641 823 2691 apud
853 2641 1054 2681 Platonem
1088 2642 1263 2694 Sophist.
1285 2655 1374 2694 pag.

401 2702 477 2741 242
495 2696 552 2748 E.)
1083 2697 1088 2702 “

1149 1051 1159 1074 =
1187 1037 1226 1074 οὗ
1253 1052 1375 1089 παρα-

363 2892 414 2922 25.
438 2890 478 2922 Et
510 2890 660 2930 praeclare
681 2892 863 2925 Heraclitus
890 2893 973 2927 dixit
991 2895 1115 2927 animas
1135 2896 1169 2928 in
1196 2905 1272 2929 orco
1297 2896 1375 2929 odo·

320 2948 394 2981 rari.

362 3010 415 3039 26.
438 3009 644 3051 Quapropter
671 3010 768 3048 etiam
800 3012 980 3045 Heraclitus
1007 3013 1112 3054 dixit,
1128 3015 1155 3047 si
1177 3016 1286 3048 omnia
1302 3024 1376 3057 quae

320 3069 396 3099 sunt
411 3067 444 3099 in
467 3067 593 3101 sumum
613 3069 758 3110 abirent,
778 3070 844 3103 sore
865 3074 900 3102 ut
922 3080 1014 3105 nares
1030 3081 1068 3105 ea
1085 3074 1319 3114 dignoscerent.

362 3131 416 3161 27.
440 3129 598 3162 Mundum
628 3130 766 3164 eundem
808 3133 952 3176 omnium
980 3143 1085 3175 neque
1119 3135 1253 3168 deorum
1286 3136 1375 3178 quis-

319 3194 418 3227 quam
440 3196 544 3229 neque
567 3188 734 3222 hominum
755 3184 952 3232 pro‘creavit,
972 3193 1027 3225 sed
1048 3194 1108 3226 suit
1131 3203 1258 3236 semper
1279 3198 1377 3238 atque

320 3247 369 3277 est
388 3247 420 3278 et
440 3246 500 3279 erit
518 3247 597 3288 ignis
615 3248 824 3291 immortalis,
850 3259 1005 3285 accensus
1030 3261 1181 3286 mensura
1202 3256 1234 3288 et
1254 3257 1375 3288 exstin-

319 3306 403 3337 ctus.

362 3367 414 3396 28.
439 3364 524 3404 Ignis
548 3367 693 3399 mutatur
718 3368 860 3409 primum
885 3369 918 3401 in
947 3378 1054 3410 mare,
1077 3379 1163 3403 mare
1188 3375 1296 3405 antem
1325 3373 1375 3405 di-

321 3421 418 3454 midia
452 3431 492 3456 ex
522 3427 612 3466 parte
645 3425 678 3458 in
709 3427 854 3468 terram,
878 3427 1012 3460 dimidia
1038 3437 1076 3462 ex
1108 3433 1197 3471 parte
1231 3431 1261 3462 in
1298 3440 1370 3473 prc-

320 3482 451 3514 sterent.

1175 237 1455 278 flERACLITI
1485 238 1827 280 FRAGMENTA.

1435 340 1484 366 st.
1507 326 1570 370 Ὡς
1591 326 1824 379 Ἡράκλειτος
1840 328 1957 382 ἔλεγε,
1971 329 2079 382 πυρὸς
2095 329 2242 376 Θάνατος
2258 329 2336 385 ἀέρι
2355 331 2491 385 γένεσις

1515 387 1574 424 καὶ
1593 385 1692 438 ἀέρος
1707 386 1854 432 θάνατος
1867 387 1970 430 ὕδατι
1983 388 2130 443 γίνεσιςό

1573 444 1820 496 (Plutarchus
1838 446 1887 486 de
1908 448 1954 488 Ει
1978 447 2081 502 apud
2114 447 2288 501 Delphos
2315 462 2403 502 cap.
2429 451 2492 503 18,

1515 503 1594 542 vol.
1612 503 1662 542 lx
1682 518 1720 556 p.
1738 507 1846 558 240.)

1434 577 1483 602 32.
1508 562 1613 606 Ὁδὸς
1632 562 1705 601 ἄνω
1727 563 1826 603 κάτω
1847 563 1926 615 μίη.

1571 622 1804 671 (Heraclitus
1823 623 1926 675 apud
1943 624 2220 676 Hippocratem
2237 624 2286 664 de
2301 619 2497 666 alimentis

1513 681 1593 721 vol.
1618 681 1654 719 ll
1676 694 1763 733 pag.
1791 687 1838 727 24
1861 682 1924 723 ed.
1947 683 2077 721 Kiihn.
2104 683 2197 723 Esse
2220 683 2295 723 hoc
2311 684 2495 726 Heracliti

1516 740 1662 779 dictum
1685 749 1847 780 testatur
1865 741 2135 782 Tertullianus
2157 743 2249 783 adv.
2265 742 2384 783 M‘arc.
2402 743 2439 783 lt
2456 758 2494 786 c.

1517 800 1567 837 28
1588 799 1649 838 his
1666 801 1799 839 verbis
1818 814 1828 838 ι
1853 818 1869 835 α
1887 801 1921 839 si
1942 801 2141 851 ignoravit
2162 802 2268 841 Deus
2287 815 2397 842 meus
2412 815 2499 844 esse

1518 859 1637 897 alium
1655 872 1777 911 super
1796 872 1857 908 se,
1873 860 1989 898 etiam
2007 868 2098 899 tuus
2111 860 2275 900 omnino
2288 873 2368 900 non
2381 861 2499 903 scivit

1515 931 1596 957 esse
1613 918 1733 957 alium
1752 919 1855 957 infra
1871 932 1925 959 se.
1945 919 2061 966 Quod
2078 919 2182 959 enim
2200 919 2256 959 ait
2277 920 2499 963 Heraclitus

1484 1006 1488 1010 .
1516 977 1585 1015 ille
1605 971 1835 1016 tenebrosus
1851 981 1984 1017 eadem
1998 983 2068 1018 via
2076 993 2218 1017 sursum
2234 982 2465 1021 etdeorsum.
2479 997 2498 1016 ι

1516 1035 1573 1074 Cf.
1596 1035 1734 1086 fragm.
1753 1037 1837 1088 91.)

1435 1108 1486 1135 33.
1514 1095 1605 1148 Περὶ
1625 1092 1660 1133 δὲ
1681 1094 1739 1133 τὸν
1757 1094 1856 1144 ἥλιον
1878 1095 2047 1136 ἀδύνατον
2067 1100 2170 1137 τοῦτο
2185 1096 2404 1148 συμὸαίνσιν·
2420 1097 2498 1139 ἐπεὶ

1515 1154 1727 1207 τρεφομένου
1758 1170 1799 1207 γε
1829 1154 1888 1194 τὸν
1924 1155 2025 1194 αὐτὸν
2054 1156 2201 1210 τρόπον,
2223 1155 2345 1209 ὥσπερ
2373 1157 2499 1198 ἐκεῖνοί

1517 1229 1622 1267 φασι,
1654 1214 1758 1261 δῆλον
1779 1214 1831 1253 ὅτι
1862 1214 1962 1255 καὶὸ
1978 1215 2078 1261 ἥλιος
2107 1217 2144 1255 οὗ
2172 1214 2276 1268 μόνον
2300 1215 2461 1270 καθάπερ
2480 1218 2502 1256 ὁ

1517 1272 1749 1327 Ἡράκλειτός
1768 1289 1878 1328 φησι,
1898 1274 1974 1319 νέος
1994 1274 2047 1328 ἐφ’
2062 1275 2181 1329 ἡμέρῃ
2210 1274 2321 1327 ἐστίν,
2343 1275 2423 1314 ἀλλ’
2443 1275 2500 1315 ἀεὶ

1515 1333 1590 1377 νέος
1614 1335 1785 1386 συνεχῶς.

1573 1394 1814 1443 (Aristoteles
1836 1393 2042 1435 Meteorol.
2065 1395 2119 1445 11,
2143 1408 2166 1433 2
2195 1409 2238 1448 p.
2272 1395 2349 1435 355
2379 1407 2403 1434 a
2432 1394 2496 1436 ed.

1517 1453 1635 1493 Bekk.
1658 1453 1771 1493 Conf.
1799 1453 1910 1493 Plato
1934 1453 1982 1492 de
2003 1453 2169 1507 Republ.
2187 1453 2262 1494 lib.
2283 1453 2335 1493 vl
2356 1467 2397 1506 p.
2421 1455 2500 1505 498

1516 1512 1547 1550 Β
1569 1526 1578 1550 :
1596 1510 1683 1564 πρὸς
1703 1511 1740 1552 δὲ
1756 1510 1797 1551 τὸ
1818 1515 1930 1565 γῆρας
1949 1513 2047 1558 ἐκτὸς
2066 1512 2108 1561 δή
2127 1527 2230 1551 τινων
2257 1512 2383 1566 ὀλίγων
2410 1514 2500 1552 ἀπο-

1518 1570 1726 1610 σὸέννυνται
1746 1570 1835 1610 πολὺ
1856 1573 1989 1623 μᾶλλον
2005 1575 2065 1611 τοῦ
2087 1570 2353 1623 Ἡρακλειτείου
2372 1571 2473 1620 ἡλίου
2485 1601 2499 1625 ,

1516 1628 1596 1670 ὅσον
1631 1624 1728 1674 αὖθις
1758 1631 1822 1669 οὐκ
1865 1631 2089 1676 ἐξάπτονται.
2129 1630 2245 1670 Recte
2276 1630 2502 1670 Alexander

1517 1689 1840 1741 Aphrodisiensis
1854 1690 1895 1728 in
1908 1690 2108 1731 Meteorol.
2120 1690 2185 1729 fol.
2201 1691 2252 1741 93
2267 1703 2310 1729 a:
2323 1691 2362 1730 οὖ
2379 1689 2499 1742 μόνον,

1518 1749 1565 1792 ὡς
1583 1746 1816 1801 Ἡράκλειτός
1841 1764 1949 1801 φησι,
1965 1748 2043 1794 νέος
2067 1751 2120 1803 ἐφ’
2135 1749 2252 1802 ἡμέρῃ
2273 1747 2315 1788 ἂν
2343 1743 2401 1799 ἦν,
2420 1752 2501 1790 καθ’

1516 1807 1672 1856 ἑκάστην
1688 1809 1825 1862 ἡμέραν
1844 1809 1948 1853 ἄλλος
1967 1808 2200 1861 ἐξαπτόμενος
2217 1813 2279 1850 τοῦ
2296 1807 2439 1864 πρώτου
2458 1810 2495 1849 ἐν

1515 1870 1559 1920 τῇ
1580 1866 1677 1906 δύσει
1707 1867 1958 1920 σὸεννυμένου,
1989 1869 2067 1908 ἀλλ’
2087 1869 2158 1909 αἰεί
2184 1884 2223 1909 τε
2254 1867 2317 1909 καὶ
2346 1869 2502 1923 συνεχῶς

1516 1927 1592 1971 νέος
1619 1943 1657 1966 τε
1680 1926 1741 1966 καὶ
1765 1928 1890 1966 ἄλλοτε
1912 1928 2018 1972 ἄλλος
2047 1927 2205 1978 ἐγένετο,
2230 1927 2351 1982 ὥσπερ
2379 1929 2441 1968 καὶ
2463 1930 2502 1968 αἱ

1517 1986 1640 2041 φλόγες
1662 1988 1697 2025 ἐν
1719 1989 1771 2042 τῷ
1792 1985 1948 2038 γίνεσθαι
1973 1987 2014 2026 τὸ
2045 1980 2134 2027 εἶναι
2164 1988 2269 2042 ἔχων.
2287 1987 2499 2041 perperam

1517 2048 1800 2099 interpretatur
1826 2046 1992 2086 Proclus
2013 2047 2234 2089 Comment.
2254 2047 2297 2087 in
2321 2046 2428 2088 Tim.
2456 2061 2500 2101 p·

1480 2107 1482 2109 ’
1520 2108 1596 2152 334
1620 2108 1675 2158 (p.
1696 2107 1771 2145 813
1794 2106 1859 2146 ed.
1875 2106 2073 2159 Schneid.)
2097 2120 2109 2146 ε
2127 2110 2146 2147 ὁ
2161 2106 2230 2161 γὰρ
2246 2105 2333 2152 Ζεὺς
2351 2107 2502 2160 βασιλέα

1515 2165 1652 2214 τίθησιν
1684 2165 1790 2205 αὐτὸν
1820 2165 1987 2205 ἁπάντων
2011 2168 2080 2204 τῶν
2103 2166 2301 2219 ἐγκοσμίων
2322 2167 2410 2206 Θεῶν
2438 2165 2502 2206 καὶ

1516 2225 1718 2279 πρωτίστας
1751 2226 1848 2279 αὐτῷ
1878 2225 1978 2276 νέμει
2008 2225 2282 2277 τιμάς,καίπερ
2315 2225 2407 2266 ἐόντι
2431 2224 2503 2281 νέῳ

1517 2284 1577 2324 καὶ
1613 2284 1729 2339 νηπίῳ
1761 2285 2012 2338 εἷλαπιναστῇ·
2046 2285 2104 2324 διὰ
2135 2283 2178 2332 δὴ
2212 2287 2315 2325 τοῦτο
2346 2284 2408 2324 καὶ
2441 2286 2502 2325 τὸν

1516 2344 1644 2385 Ἥλιον
1661 2345 1737 2383 νέον
1754 2345 1829 2384 θεὸν
1852 2343 2015 2384 εἰώθασιν
2039 2345 2245 2384 ἀποκαλεῖν·
2269 2343 2332 2383 καὶ
2349 2343 2425 2390 νέος
2442 2346 2498 2399 ἐφ’

1517 2403 1636 2458 ἡμέρῃ
1654 2403 1799 2453 Ἥλιος,
1815 2405 1920 2458 φησὶν
1933 2404 2166 2458 Ἡράκλειτος
2178 2434 2188 2452 ,
2207 2407 2254 2449 ὡς
2268 2407 2503 2454 Διονυσιακῆς

1519 2462 1714 2517 μετέχοντα
1726 2463 1920 2516 δυνάμεως.
1935 2464 2168 2504 Plutarchus
2178 2464 2227 2504 de
2237 2464 2344 2506 Plac.
2354 2464 2500 2518 philos.

1519 2523 1589 2564 lib.
1605 2523 1642 2562 11
1657 2538 1742 2574 cap.
1764 2538 1810 2562 21
1828 2524 1876 2563 de
1894 2525 1988 2563 solis
2009 2524 2280 2575 magnitudine
2297 2525 2499 2564 variorum

1520 2583 1849 2635 philosophorum
1881 2584 2093 2623 sententias
2128 2597 2365 2623 enumerans
2396 2584 2463 2623 ait.
2486 2596 2498 2623 z

1518 2640 1750 2695 Ἡράκλειτος
1760 2635 1858 2693 εὖρος
1873 2642 1979 2687 ποδὸς
1992 2642 2223 2697 ἀνθρωπείου.
2237 2642 2300 2683 Cf.
2316 2642 2500 2683 Theodo-

1520 2702 1736 2741 ret.G1·aec.
1757 2701 1824 2741 aff.
1842 2715 1925 2740 cur.
1948 2702 2051 2754 disp.
2076 2702 2128 2754 1.)

1481 2900 1533 2931 29.
1558 2898 1647 2929 Mare
1662 2896 1857 2930 diffunditur
1872 2896 2007 2939 ejusque
2025 2906 2175 2930 mensura
2193 2897 2299 2939 agitur
2313 2906 2372 2940 pro
2385 2897 2498 2931 eadem

1439 2939 1585 2998 portione
1601 2964 1676 2997 quae
1696 2956 1786 2997 prius
1807 2955 1867 2989 suit
1883 2965 1980 2997 quam
1997 2957 2084 2989 terra
2099 2957 2198 2989 esset.

1479 3018 1533 3049 30.
1557 3014 1726 3048 Dissidens
1741 3015 1827 3048 enim
1843 3023 1969 3056 semper
1985 3015 2133 3056 congruit
2152 3015 2248 3058 [ens.]

1480 3078 1534 3108 31.
1560 3076 1604 3108 Ut
1620 3075 1806 3108 Heraclitus
1821 3075 1971 3115 dicebat,
1990 3075 2072 3116 ignis
2089 3083 2176 3108 mors
2190 3075 2255 3108 aeri
2272 3075 2322 3108 est
2341 3076 2452 3118 ortus,
2465 3077 2498 3110 et

1437 3135 1521 3168 aeris
1543 3143 1632 3167 mors
1650 3142 1746 3176 aquae
1761 3135 1863 3167 ortus.

1479 3198 1533 3228 32.
1557 3194 1619 3227 Via
1636 3203 1767 3227 sursum
1786 3194 1818 3227 et
1835 3192 1986 3226 deorsum
2002 3202 2078 3225 una.

1479 3257 1530 3287 33.
1555 3256 1625 3288 Hoc
1650 3256 1758 3286 autem
1784 3253 1843 3285 soli
1872 3252 2018 3285 accidere
2047 3261 2111 3285 uon
2134 3254 2262 3294 potest,
2292 3253 2446 3295 quoniam
2462 3253 2492 3285 si

1438 3313 1569 3354 perinde
1584 3313 1745 3346 nutriatur
1766 3313 1863 3354 atque
1882 3311 1927 3344 illi
1948 3311 2051 3352 ajunt,
2077 3321 2140 3344 non
2161 3314 2308 3352 tantum,
2330 3314 2366 3344 ut
2386 3312 2495 3353 patet,

1436 3371 1468 3404 in
1483 3371 1563 3412 dies,
1579 3371 1855 3414 quemadmodum
1873 3370 2054 3404 Heraclitus
2072 3370 2249 3408 contendit,
2268 3369 2323 3404 sed
2337 3369 2494 3404 continuo

1437 3440 1562 3473 semper
1580 3439 1686 3464 novus
1708 3430 1779 3464 erit.

2593 2062 2606 2112 ἐ

2589 2114 2606 2163 53

2589 2174 2606 2194 f}

2590 2196 2605 2223 ἐ,

2598 2956 2599 2959 ¹
2610 2910 2612 2945 l
