2612 3814
173 350 221 395 εἰς
234 348 332 400 ὁμόν,
353 347 424 387 οὔτ’
445 346 499 387 ἐόν
518 347 609 386 ἐστιν
625 347 720 390 ὅπως
738 344 792 392 εἴη
809 361 868 385 κεν
888 345 1002 391 ἐόντος

172 411 216 462 τῇ
227 409 376 461 μᾶλλον,
391 410 435 461 τῇ
450 408 479 445 δ’
495 400 624 455 ἧσσον,
646 405 721 444 ἐπεὶ
740 411 811 444 πᾶν
830 406 923 445 ἐστιν
945 406 1089 447 ἄσυλον.

170 461 222 507 ἶἨ
237 467 305 520 γὰρ
318 466 487 506 πάντοθεν
500 457 580 504 ’ἴσον
594 467 690 516 ὁμῶς
710 467 744 505 ἐν
759 464 904 518 πείρασι
920 472 1030 520 κυρεῖ.

171 526 232 566 Ἐν
253 529 303 578 τῷ
323 541 376 564 σοι
386 523 491 563 παύω
511 524 636 563 πιστὸν
658 523 760 575 λόγον
783 525 845 572 ἠδὲ
862 525 982 576 νόημα
1020 526 1038 566 ί
1051 553 1054 557 -
1068 524 1105 557 ς’
1120 514 1174 551 ⁴³⁴⁸*

171 585 279 640 ἀμφὶς
297 584 478 632 ἀληθείης·
500 583 599 629 δόξας
618 584 650 623 δ’
668 584 738 622 ἀπὸ
758 586 857 624 τοῦδε
884 585 1043 638 βροτείας

170 645 338 697 μάνθανε,
349 643 480 696 κόσμον
499 645 593 696 ἐμῶν
612 643 723 683 ἐπέων
742 646 924 693 ἀπατηλὸν
942 645 1092 686 ἀκούων.

546 704 604 743 Τὰ
623 702 710 755 πρὸς
726 702 843 748 δόξαν.

170 761 319 816 Μορφὰς
338 761 406 815 γὰρ
432 762 621 801 κατέθεντο
638 762 699 801 δύο
713 762 855 816 γνώμης
871 763 1054 814 ὀνομάζειν
1068 778 1076 785 ·

140 890 188 927 V.
220 901 307 936 107.
327 889 530 938 Vulgatam
550 889 755 926 lectionem
773 887 890 926 κενεὸν
911 886 1048 939 ἐόντος,
1070 900 1146 937 pro

88 960 166 998 qua
183 948 404 984 Brandisius
423 956 547 998 poetae
567 948 680 997 hujus
705 948 868 985 dictioni
884 960 1023 997 parum
1044 959 1147 983 con-

91 1008 290 1044 venienter
312 1008 481 1045 exaravit
505 1006 602 1045 κενὸν
636 1005 734 1049 ὄντος
761 1008 968 1044 Karstenio
989 1013 1147 1043 auctore

89 1067 263 1104 converti
281 1067 321 1103 in
342 1081 400 1104 κεν
420 1064 557 1114 ἐόντος,
578 1067 646 1115 qui
668 1073 798 1102 tamen
820 1079 901 1102 non
918 1070 1011 1104 bene
1025 1066 1148 1102 inter-

89 1133 261 1175 pretatur
280 1139 345 1163 ens
363 1134 448 1163 ente
466 1139 536 1163 nec
551 1128 800 1175 praestantius
820 1139 888 1162 nec
903 1127 1065 1162 deterius
1079 1138 1149 1174 po-

90 1192 162 1221 test
176 1198 269 1224 esse.
287 1185 530 1222 Brandisium
548 1186 733 1222 miramur
756 1186 953 1222 locutione
977 1185 1040 1222 οὐκ
1056 1183 1149 1222 ἔστιν

89 1240 183 1286 ὅπως
198 1244 247 1281 de
267 1257 345 1293 qua
372 1244 453 1292 jam
480 1246 640 1295 Vigerus
660 1253 763 1282 recte
790 1245 977 1294 praecepit
1002 1257 1044 1294 p.
1071 1243 1147 1281 235

40 1325 42 1327 >
89 1303 153 1342 ed.
178 1306 310 1343 Herm.
331 1305 520 1342 offensum
543 1301 564 1342 ὅ
585 1319 659 1348 πως
679 1307 887 1356 scripsisse.

141 1364 188 1401 V.
213 1376 300 1401 110.
322 1363 514 1401 Absoluta
539 1365 610 1401 hac
641 1366 773 1415 priore
806 1366 984 1402 carminis
1018 1373 1149 1414 parte,

90 1435 165 1471 qua
187 1422 235 1460 de
255 1436 348 1460 vero
369 1424 580 1473 disputavit
599 1424 866 1472 Parmenides,
885 1433 961 1462 tres
978 1426 1149 1474 interpo-

89 1482 146 1518 nit
161 1495 290 1519 versus
308 1496 354 1520 ea
369 1491 498 1521 mente
521 1492 563 1521 ut
583 1484 657 1521 sibi
680 1486 782 1521 viam
803 1486 951 1521 muniat
980 1484 1029 1521 ad
1049 1497 1152 1520 mor-

93 1541 223 1578 talium
234 1543 437 1592 opiniones
446 1545 662 1593 posteriore
675 1551 787 1593 parte
799 1543 1059 1594 explicandas.
1071 1545 1151 1580 Has

90 1607 217 1638 autem
231 1610 361 1651 partes
382 1604 569 1640 continuo
591 1604 726 1641 ordine
745 1604 937 1641 cohaerere
958 1616 978 1640 e
998 1602 1153 1652 Simpli-

91 1661 142 1697 cii
159 1662 383 1699 testimoniis
405 1675 489 1711 quae
506 1663 546 1699 in
567 1663 738 1700 medium
753 1663 995 1713 proferemus
1019 1676 1150 1700 neces-

38 1770 42 1773 ,
89 1721 189 1758 sario
202 1722 411 1772 colligitur.
424 1723 522 1759 Nam
539 1723 578 1758 in
594 1723 710 1774 Phys.
728 1723 797 1762 fol.
816 1736 853 1770 7,
874 1723 915 1768 b,
930 1723 999 1767 ubi
1015 1724 1155 1759 excitat

88 1792 219 1818 versus
251 1794 462 1832 110-119
499 1782 554 1832 (ἐν
585 1783 635 1834 τῷ
658 1781 715 1820 σοὶ
737 1797 776 1821 π.
806 1804 861 1811 --
882 1780 1046 1833 ἐμὸριθές
1074 1787 1152 1830 τε),

90 1838 279 1877 Μετελθὼν
295 1840 332 1878 δέ
345 1870 356 1891 ,
370 1841 516 1890 inquit,
535 1839 605 1879 ἀπὸ
625 1843 694 1879 τῶν
715 1843 850 1888 νοητῶν
866 1840 924 1880 ἐπὶ
939 1839 984 1878 τὰ
1004 1842 1155 1888 αἰσθητὰ

90 1899 109 1936 ὁ
130 1898 375 1950 Παρμενίδης,
398 1899 478 1947 ἤτοι
508 1899 577 1939 ἀπὸ
606 1900 789 1948 ἀληθείας,
811 1902 857 1945 ὡς
892 1899 994 1944 αὐτός
1028 1915 1155 1954 φησιν,

54 1967 57 1969 ’
91 1957 150 1996 ἐπὶ
169 1957 271 2004 δόξαν
293 1987 302 1998 .
324 1988 333 1998 .
357 1989 366 1999 .
391 1988 401 1999 .
424 1961 492 1997 τῶν
514 1959 579 2011 μὲν
598 1962 753 2011 γενητῶν
769 1959 880 2013 ἀρχὰς
901 1959 1014 2008 ἔθετο,
1036 1988 1048 2001 .

31 2067 34 2070 ἦ
92 2017 203 2068 λέγων
235 2018 358 2072 ἐφεξῆς
398 2024 469 2063 τοῖς
510 2019 694 2072 προτέροις
728 2018 1005 2074 παρακειμένοις
1043 2020 1154 2059 ἔπεσι·

93 2077 241 2130 Μορφὰς
267 2077 335 2131 γὰρ
354 2078 554 2120 κατέθεντο.
580 2081 689 2118 Idem
709 2082 759 2118 ad
790 2082 948 2120 Aristot.
978 2082 1025 2118 de
1051 2082 1156 2119 Coelo

94 2137 151 2177 111
170 2139 197 2177 f.
221 2138 311 2187 138,
343 2152 366 2177 a
387 2140 450 2179 ed.
473 2140 563 2177 Ald.
589 2140 674 2193 (ap.
698 2142 862 2190 Peyron.
897 2154 939 2191 p.
972 2139 1048 2193 55)
1070 2154 1155 2178 ver·

94 2210 156 2237 sus
180 2211 196 2235 1
209 2211 390 2236 10-112
408 2197 466 2253 (ἐν
491 2200 543 2251 τῷ
565 2213 620 2238 σοι
644 2215 686 2238 π.
704 2221 760 2229 -
778 2197 939 2251 ἀκούων)
969 2201 1128 2237 laudans
1146 2213 1155 2236 :

95 2254 370 2309 Συμπληρώσας
383 2286 392 2304 ,
418 2259 557 2308 inquit,
582 2257 642 2296 τὸν
659 2257 748 2311 περὶ
766 2262 827 2297 τοῦ
850 2257 948 2302 ὄντος
976 2258 1078 2310 λόγον
1098 2258 1159 2297 καὶ

96 2315 234 2366 μέλλων
251 2315 328 2370 περὶ
342 2314 415 2354 τῶν
427 2318 602 2365 αἰσθητῶν
617 2317 794 2356 διδάσκειν
817 2318 995 2370 ἐπήγαγεν
1009 2334 1018 2343 ·
1030 2318 1091 2359 Ἐν
1109 2321 1159 2373 τῷ

97 2389 151 2414 σοι
167 2374 272 2414 παύω
291 2391 328 2416 κ.
343 2390 378 2415 τ.
393 2376 428 2416 λ.
443 2378 665 2415 Notandum
680 2387 866 2429 praeterea
883 2392 1011 2416 versus
1032 2394 1046 2416 1
1059 2393 1159 2416 10—-

102 2450 172 2474 121
195 2437 252 2485 (ἐν
269 2437 320 2489 τῷ
346 2451 400 2476 σοι
420 2435 524 2474 παύω
542 2459 598 2467 -
625 2437 858 2490 παρελάσσῃ)
886 2447 1034 2476 exstare
1055 2440 1160 2489 apud

99 2496 276 2534 eumdem
295 2497 444 2534 Comm.
468 2498 506 2533 in
527 2498 640 2547 Phys,
664 2498 691 2536 f.
719 2511 758 2547 9,
779 2511 815 2544 a,
839 2506 876 2535 et
894 2512 994 2535 vers.
1018 2500 1090 2536 113
1109 2522 1160 2528 -

104 2569 179 2605 119
198 2554 210 2605 (
226 2553 579 2608 μορφὰς-ἕμὸριθές
604 2556 667 2603 τε)
690 2557 855 2593 inveniri
885 2557 1029 2595 ibidem
1058 2559 1084 2598 f.
1111 2559 1160 2596 38

100 2628 182 2664 seq.
204 2614 283 2652 Pro
300 2614 404 2653 παύω
425 2616 643 2652 Aristotelis
659 2617 849 2666 interpres
869 2617 917 2654 de
943 2618 1048 2655 Coelo
1074 2619 1102 2657 1.
1124 2631 1159 2656 e.

100 2676 246 2726 praebet
265 2672 406 2714 παύσω.

156 2737 204 2773 V.
231 2747 321 2773 111.
359 2732 517 2785 βροτείας
541 2736 740 2784 posuimus
766 2748 840 2785 pro
872 2748 919 2772 eo
940 2735 1048 2784 quod
1068 2743 1106 2774 et
1127 2737 1164 2772 i-

102 2808 215 2846 psum
234 2796 274 2832 in
287 2795 405 2833 codd.
422 2796 562 2845 legitur
581 2794 771 2847 βροτείους,
790 2796 885 2833 illud
901 2796 954 2833 ob
972 2796 1163 2846 frequen-

93 2863 183 2898 tem
202 2862 408 2904 poetarum
429 2868 539 2892 usum
557 2855 814 2905 praeferenteS.
842 2857 1029 2894 Caeterum
1048 2858 1164 2894 verba

105 2914 141 2953 ἐν
163 2915 214 2967 τῷ
231 2928 285 2952 σοι
308 2912 413 2952 παύω
439 2929 475 2954 κ.
495 2930 529 2954 τ.
559 2914 592 2952 λ.
616 2916 734 2965 ipsius
758 2917 847 2953 Deae
884 2929 971 2953 esse·
992 2915 1163 2965 putanda

105 2980 193 3011 sunt
206 3004 216 3023 ,
265 2987 349 3023 quae
385 2975 417 3011 si
463 2975 725 3012 narrationem
774 2977 961 3025 poematis
1001 2976 1164 3013 exordio

108 3033 375 3071 adumbratam
394 3035 592 3084 sequimur
615 3036 848 3086 philosopho
871 3036 952 3085 jam
981 3037 1166 3075 traditura

108 3100 164 3131 est
183 3093 411 3130 mortalium'
422 3095 499 3131 visa
518 3101 556 3131 et
574 3096 788 3144 opiniones.

162 3155 208 3191 V.
237 3152 327 3191 113.
345 3153 442 3191 Inde
468 3153 516 3190 ab
537 3154 613 3191 hoc
629 3167 742 3192 versu
760 3162 876 3205 poeta
900 3157 1035 3194 mundi
1056 3169 1167 3207 aspe-

112 3211 262 3249 ctabilis
279 3213 456 3250 ordinem
475 3220 590 3262 atque
613 3222 794 3251 ornatum
816 3215 956 3252 docere
987 3216 1164 3254 instituit.

112 3272 201 3308 Duo
217 3274 344 3308 autem
359 3273 473 3322 ponit
491 3285 622 3309 rerum
640 3285 781 3323 genera
797 3275 858 3312 vel
873 3274 1016 3311 formas
1037 3273 1050 3325 (
1065 3272 1141 3321 εἴδη
1156 3305 1167 3322 ,

115 3328 281 3382 μορφάς)
305 3343 326 3368 e
348 3331 489 3381 quibus
517 3333 648 3370 omnia
677 3341 766 3371 nata
785 3335 886 3383 sint,
915 3341 959 3370 ut
980 3347 1070 3371 vere
1091 3336 1168 3371 ele—

115 3397 245 3426 menta
265 3389 343 3427 dici
363 3398 517 3439 queant.
541 3393 714 3440 Quorum
744 3394 904 3431 alterum
935 3394 1043 3442 lucis,
1075 3395 1171 3443 ignis

118 3454 156 3485 et
173 3448 309 3496 calidi,
338 3450 500 3487 alterum
528 3452 653 3488 noctis
669 3479 680 3498 ,
703 3453 949 3489 tenebrarum
984 3461 1021 3489 et
1042 3453 1171 3503 frigidi

119 3508 274 3545 nomine
294 3518 464 3547 vocatur.
487 3513 635 3548 Horum
655 3512 932 3549 elementorum
954 3513 1122 3549 motibus
1135 3521 1172 3550 et

869 256 1154 297 CARMINUM
1183 257 1468 305 RELlQUlAE.
2196 267 2271 300 125

1211 336 1250 383 ad
1265 351 1412 393 aequale,
1425 359 1531 392 neque
1545 350 1613 384 fieri
1633 352 1753 394 potest,
1771 356 1878 387 utens
1890 354 1932 387 sit
1944 355 2026 388 entis
2040 355 2085 397 (in
2097 356 2274 399 potestate)

1210 410 1286 443 alibi
1302 411 1423 451 magis,
1444 410 1520 442 alibi
1535 409 1653 451 minus,
1671 410 1747 452 quia
1762 412 1867 443 totum
1886 413 1935 444 est
1951 412 2125 446 incolume.

1211 473 1293 504 Nam
1314 469 1473 511 aequabile
1489 479 1566 502 sane
1588 469 1732 511 undique
1747 470 1841 502 simul
1857 470 1889 502 in
1904 472 2053 504 terminis
2069 474 2179 506 haeret.

1214 531 1272 562 Hic
1291 528 1351 562 tibi
1365 528 1431 569 jam
1449 528 1527 560 finio
1543 528 1606 560 fida
1623 528 1712 561 dicta
1729 530 1761 561 et
1777 529 1915 571 cogitata

1211 589 1251 622 de
1265 589 1400 621 veritate
1416 600 1424 620 z
1441 588 1510 620 visa
1525 587 1642 620 dehinc
1665 588 1812 620 mortalia

1210 655 1385 688 cognosce,
1404 646 1553 679 fallacem
1573 647 1748 680 verborum
1771 656 1919 680 meorum
1937 651 2091 680 ornatum
2111 648 2261 681 audiens.

1653 709 1701 739 De
1718 706 1795 739 visis
1809 708 1841 739 et
1859 707 2076 748 opinionibus.

1215 769 1301 798 Duas
1322 765 1409 799 enim
1434 775 1542 798 rerum
1572 766 1692 798 formas
1714 766 1878 799 mentibus
1900 768 2086 799 statuerunt
2112 767 2276 808 appellare

1210 887 1524 936 copulationibus
1546 894 1590 923 ut
1613 888 1741 923 omnia
1758 888 1967 930 orirentur,
1986 899 2122 923 eorum
2138 900 2278 936 praeses

1210 946 1283 982 dea
1297 944 1432 984 effecit.
1448 948 1539 994 Quae
1554 955 1759 995 postquam
1771 959 1817 983 ex
1827 959 1904 983 sese
1918 947 2087 996 primum
2104 948 2276 982 omnium

1209 1007 1341 1055 genuit
1362 1008 1546 1044 Amorem
1572 1014 1806 1055 caeterosque
1834 1007 1926 1043 deos
1946 1007 2204 1053 immortales,
2228 1008 2276 1044 ad

1211 1066 1357 1114 reliqua
1378 1067 1622 1115 procreanda
1657 1067 1829 1102 animum
1861 1066 2013 1114 adjecit.
2045 1069 2095 1103 At
2126 1067 2278 1115 reliqua

1211 1125 1275 1161 illa
1295 1139 1374 1162 non
1393 1134 1481 1162 sunt
1499 1125 1573 1163 nisi
1600 1127 1775 1163 mortalia
1797 1134 1835 1162 et
1856 1126 2023 1173 caduca,
2047 1139 2131 1175 quae
2154 1134 2194 1162 ut
2214 1139 2277 1163 ex·

1209 1185 1399 1231 stiterunt,
1416 1187 1469 1222 ita
1486 1193 1682 1223 mutentur
1693 1193 1809 1234 atque
1824 1186 2014 1223 intereant
2033 1198 2186 1222 necesse
2205 1194 2274 1224 est.

1212 1244 1267 1279 Eo
1286 1244 1416 1280 valent
1430 1257 1509 1281 non
1525 1246 1650 1281 solum
1662 1245 1781 1281 verba
1792 1242 1924 1294 κόσμον
1946 1245 2040 1294 ἐμῶν
2054 1242 2166 1281 ἐπέων
2182 1247 2278 1283 ἀπα·

1211 1301 1333 1350 τηλὸν,
1345 1304 1412 1341 sed
1427 1306 1540 1341 etiam
1550 1306 1688 1342 tresilli
1702 1316 1844 1349 versus,
1857 1306 1999 1353 quosin
2008 1303 2083 1341 fine
2091 1306 2280 1354 poematis

1213 1363 1420 1400 collocavit
1435 1365 1682 1402 Parmenides
1694 1393 1704 1410 ,
1723 1363 1864 1412 quibus
1877 1363 2066 1414 siguificat
2083 1377 2126 1400 ea
2146 1377 2184 1401 se
2201 1377 2280 1410 esse

1212 1431 1472 1471 persecutum,
1494 1438 1579 1474 quae
1599 1437 1719 1474 quum
1741 1423 1942 1460 hominum
1964 1424 2148 1473 opinione
2167 1425 2281 1461 exsti-

1214 1483 1342 1518 tissent
1355 1482 1515 1533 jamque
1536 1492 1680 1530 essent,
1703 1491 1832 1522 tamen
1856 1484 2118 1520 maturitatem
2140 1483 2280 1533 adepta

1212 1543 1464 1590 postmodum
1486 1544 1687 1581 interitura
1707 1553 1839 1584 essent.
1859 1543 1937 1581 Sed
1961 1545 2145 1593 quoniam
2165 1546 2280 1582 ambo

1214 1603 1403 1639 elementa
1425 1603 1474 1640 ad
1496 1616 1556 1640 res
1576 1604 1816 1653 generandas
1835 1605 1889 1641 ita
1907 1605 2119 1641 necessaria
2131 1612 2221 1647 sunt
2238 1614 2281 1642 ut

1214 1662 1280 1698 illa
1296 1663 1432 1699 mundi
1455 1664 1585 1713 opifex
1606 1663 1678 1701 dea
1695 1666 1868 1703 neutrius
1889 1676 1963 1713 ope
1982 1664 2102 1713 possit
2123 1677 2252 1702 carere
2269 1678 2278 1702 ε

1215 1734 1293 1757 non
1313 1722 1525 1770 probamus
1547 1721 1738 1772 Stagiritae
1761 1723 1811 1760 de
1827 1722 2083 1760 Parmenidea
2104 1722 2282 1761 doctrina

1211 1780 1420 1827 judicium,
1444 1783 1512 1831 qui
1544 1783 1714 1832 Metaph.
1745 1784 1779 1828 Ι,
1812 1781 1833 1818 5
1866 1783 2031 1819 alterum
2051 1783 2282 1820 elementum

1216 1842 1318 1889 enti,
1346 1843 1527 1878 non-enti
1547 1843 1709 1879 alterum
1730 1849 1944 1892 comparat.
1973 1841 2036 1879 Sic
2059 1843 2163 1879 enim
2189 1844 2242 1880 ait
2270 1857 2278 1879 :

1219 1899 1324 1952 Παρὰ
1343 1899 1411 1952 γὰρ
1428 1900 1467 1939 τὸ
1486 1899 1523 1939 ὂν
1541 1900 1580 1939 τὸ
1597 1901 1648 1951 μὴ
1665 1900 1702 1939 ὂν
1725 1899 1823 1939 οὐθὲν
1843 1900 1947 1945 ἀξιῶν
1969 1892 2060 1939 εἶναι
2074 1929 2084 1948 ,
2107 1899 2142 1945 ἐξ
2166 1900 2281 1953 ἀνοίγ-

1216 1975 1280 2008 κης
1301 1958 1338 1999 ἓν
1360 1959 1449 2012 ᾤετο
1469 1954 1559 2000 εἶναι
1585 1960 1624 1999 τὸ
1645 1960 1705 2008 ὄν,
1727 1960 1788 1999 καὶ
1810 1960 1897 1999 ἄλλο
1917 1959 2086 2000 emim...
2109 1959 2282 2012 Ἀναγκα-

1217 2019 1360 2068 ζόμενος
1386 2018 1416 2058 δ’
1448 2021 1651 2059 ἀκολουθεῖν
1689 2025 1761 2063 τοῖς
1782 2018 2027 2073 φαινομένοις,
2062 2019 2122 2058 καὶ
2154 2019 2192 2059 ἓν
2219 2019 2283 2072 μὲν

1218 2077 1311 2117 κατὰ
1332 2077 1435 2131 λόγον
1448 2109 1458 2128 ,
1477 2079 1589 2118 πλείω
1610 2079 1648 2118 δὲ
1673 2079 1766 2119 κατὰ
1786 2079 1851 2127 τὴν
1871 2078 2035 2127 αἴσθησιν
2064 2079 2283 2131 ὕπολαμὸοί-

1218 2154 1286 2176 νων
1303 2132 1415 2189 εἶναι,
1438 2138 1501 2179 δύο
1520 2138 1582 2184 τὰς
1603 2139 1718 2185 αἰτίας
1739 2139 1800 2178 καὶ
1822 2139 1883 2178 δύο
1899 2138 1962 2184 τὰς
1977 2138 2091 2193 ἀρχὰς
2105 2140 2212 2179 πάλιν
2234 2140 2283 2178 τί-

1219 2201 1320 2245 θησι,
1354 2197 1480 2251 θερμὸν
1505 2198 1566 2237 καὶ
1586 2199 1742 2252 ψυχρόν,
1777 2193 1849 2237 οἷον
1878 2202 1949 2251 πῦρ
1971 2198 2033 2237 καὶ
2062 2200 2129 2250 γ’ῆν
2157 2196 2283 2249 λέγων·

1219 2258 1351 2296 τούτων
1374 2258 1409 2297 δὲ
1432 2258 1526 2296 κατὰ
1557 2258 1621 2309 μὲν
1650 2259 1690 2299 τὸ
1708 2257 1746 2297 ὂν
1769 2257 1809 2297 τὸ
1828 2257 1954 2310 θερμὸν
1976 2257 2118 2305 τάττει,
2140 2257 2283 2310 θάτερον

1220 2315 1255 2354 δὲ
1272 2317 1363 2355 κατὰ
1380 2315 1483 2367 τὸμὴ
1499 2315 1551 2356 ὅν.
1564 2319 1698 2368 Neque
1712 2319 1822 2356 aliter
1834 2321 1892 2356 De
1905 2331 1991 2368 gen.
2008 2325 2047 2355 et
2062 2330 2161 2355 corr.
2181 2319 2213 2364 Ι,
2235 2318 2255 2355 3
2273 2331 2281 2354 :

1220 2374 1360 2428 ὥσπερ,
1382 2377 1783 2439 ἰῐιςιιίῐ,ηΠαρμενίδης
1802 2377 1899 2429 λέγει
1918 2376 1979 2416 δύο
2001 2377 2221 2429 (στοιχεῖα),
2245 2376 2285 2415 τὸ

1220 2433 1257 2473 ὂν
1275 2435 1335 2474 καὶ
1351 2434 1391 2474 τὸ
1403 2435 1452 2487 μὴ
1467 2434 1504 2475 ὂν
1521 2439 1610 2475 εἶναι
1626 2436 1784 2490 φάσκων,
1801 2440 1871 2491 πῦρ
1888 2436 1949 2476 καὶ
1959 2439 2040 2488 γῆν.
2058 2438 2155 2477 Nam
2165 2451 2285 2488 quum
2341 2455 2347 2462 ·

1221 2497 1450 2534 Parmenide
1470 2496 1604 2545 judice
1633 2496 1729 2534 nihil
1758 2499 1806 2534 sit
1827 2505 1970 2548 praeter
1999 2510 2086 2545 ens,
2116 2510 2286 2535 non—ens

1222 2565 1349 2595 autem
1379 2570 1539 2607 prorsus
1570 2570 1652 2593 non
1670 2557 1739 2604 sit,
1770 2570 1906 2595 eorum
1935 2558 2226 2605 elementorum,
2264 2572 2287 2596 a

1223 2616 1364 2666 quibus
1380 2618 1569 2667 originem
1584 2617 1742 2654 trahunt
1755 2629 2009 2666 quaecumque
2025 2617 2073 2654 de
2082 2617 2286 2655 hominum

1221 2678 1405 2714 sententia
1424 2676 1543 2714 modo
1559 2677 1739 2714 oriuntur
1749 2677 1868 2714 modo
1886 2676 2086 2727 occidunt,
2105 2685 2286 2715 neutrum

1222 2736 1411 2784 ejusmodi
1432 2743 1486 2773 est
1512 2736 1622 2785 quod
1645 2750 1733 2774 cum
1759 2738 1856 2774 entis
1879 2738 2089 2781 aeternitate
2119 2751 2281 2787 compo-

1223 2808 1315 2832 nere
1347 2797 1473 2833 liceat.
1496 2798 1583 2833 Huc
1606 2796 1755 2833 accedit
1788 2796 1898 2846 quod
1925 2797 1988 2834 vel
2013 2803 2143 2846 aperte
2172 2797 2286 2834 fabu-

1224 2856 1318 2900 losa,
1346 2863 1391 2892 ut
1407 2856 1569 2893 deorum
1587 2857 1784 2906 generatio
1801 2869 1821 2893 e
1836 2863 2042 2906 poetarum
2062 2858 2288 2894 commentis

1225 2916 1360 2964 ducta,
1382 2916 1444 2953 vel
1464 2928 1508 2954 ea
1537 2929 1622 2966 quae
1651 2929 1733 2953 non
1766 2924 1908 2964 essent,
1928 2916 1996 2954 sed
2023 2929 2102 2954 esse
2138 2923 2288 2954 tantum

1225 2975 1519 3019 viderenturin
1546 2977 1619 3014 hac
1642 2977 1824 3014 carminis
1854 2984 1966 3026 parte
1987 2977 2159 3013 versibus
2187 2978 2289 3014 cele-

1226 3034 1337 3072 brata
1357 3043 1479 3074 erant.
1511 3037 1648 3086 Itaque
1669 3036 1767 3073 illud
1794 3036 2010 3073 Aristotelis
2024 3035 2228 3084 judicium‘
2240 3049 2287 3073 eo

1226 3095 1347 3146 magis
1383 3096 1497 3133 nobis
1528 3096 1831 3146 improbandum
1865 3104 1943 3143 est,
1978 3097 2086 3146 quod
2117 3096 2289 3133 videmus

1227 3168 1311 3192 eum
1331 3156 1438 3205 quasi
1451 3157 1646 3194 intellecto
1662 3168 1793 3193 errore
1808 3155 1857 3193 de
1871 3157 1963 3193 Coel.
1983 3158 2057 3202 111,
2078 3169 2093 3192 1
2115 3156 2289 3193 eamdem

1227 3228 1308 3252 rem
1326 3216 1462 3253 melius
1480 3217 1692 3254 aestimasse.
1717 3216 1778 3253 Ibi
1794 3223 1924 3253 autem
1951 3216 1990 3252 in
2002 3216 2106 3253 hunc
2127 3216 2289 3253 modum

1228 3277 1462 3324 pronunciat
1484 3290 1492 3313 ε
1519 3276 1566 3315 Οἱ
1588 3274 1653 3325 μὲν
1681 3273 1749 3327 γὰρ
1772 3275 1887 3313 αὐτῶν
1913 3276 2049 3314 ἀνεῖλον
2081 3274 2171 3318 ὅλως
2190 3274 2289 3325 γένε-

1230 3349 1283 3372 σιν
1304 3333 1365 3373 καὶ
1385 3334 1536 3388 φθοράν·
1560 3333 1658 3373 οὐδὲν
1675 3333 1744 3386 γὰρ
1761 3331 1841 3373 οὔτε
1860 3332 2043 3386 γίγνεσθαί
2061 3349 2187 3388 φασιν,
2210 3332 2289 3372 οὔτε

1230 3392 1432 3447 φθείρεσθαι
1462 3396 1531 3433 τῶν
1553 3393 1662 3433 ὄντων
1675 3423 1685 3440 ,
1708 3393 1801 3432 ἀλλὰ
1821 3392 1926 3444 μόνον
1954 3394 2066 3432 δοκεῖν
2086 3396 2183 3441 ἡμῖν.
2201 3395 2286 3430 Jam

1231 3454 1279 3490 ad
1297 3455 1444 3504 singula
1463 3462 1708 3492 transeamus.
1734 3452 1882 3506 Μορφή,
1907 3457 2075 3503 corporis·
2100 3451 2243 3496 forma,
2269 3463 2290 3487 a

1230 3515 1364 3563 priscis
1382 3515 1436 3551 ita
1452 3514 1645 3551 interdum
1661 3520 1882 3563 usurpatur,
1902 3520 1945 3549 ut
1962 3513 2010 3549 ab
2027 3513 2108 3561 ipso
2126 3522 2291 3560 corpore
