2612 3814
994 254 1479 294 APOPHTHEGMATA.
1826 300 1829 303 ³
2250 263 2324 298 227

282 340 499 394 (Diogenes
520 338 697 377 Laertius
717 338 786 376 lib.
807 338 846 386 1,
878 339 942 378 35.
964 338 1026 377 Vs.
1050 345 1071 384 4
1103 339 1203 378 κλεί-

334 416 405 444 σεις
424 399 595 451 conjecit
618 398 938 438 Schneidewinus
954 414 1026 452 pro
1046 401 1204 451 vulgato

331 459 485 510 λύσεις.)

167 545 201 572 3.
232 530 280 571 Τί
314 528 579 583 πρεσὸύτατον;
610 528 703 572 θεός·
732 528 818 583 (ἔφη
841 530 987 582 Θαλῆς)
1017 530 1204 583 ἀγέννητον

223 589 291 643 γοίρ
315 590 402 629 ἐστι.
425 588 474 628 Τί
505 588 689 640 μέγιστον;
719 587 846 634 τόπος·
866 589 980 628 τᾶλλα
1004 589 1067 640 μὲν
1099 589 1167 641 γὰρ
1187 592 1204 628 ὁ

224 649 378 700 κόσμος,
408 648 467 688 τὸν
488 648 522 686 δὲ
548 647 680 699 κόσμον
700 644 798 692 οὗτος
814 649 987 702 περιέχει.
1018 648 1066 688 Τί
1085 650 1206 687 κάλλι-

225 722 332 760 στον;
355 708 505 754 κόσμος·
523 714 595 747 πᾶν
614 707 683 761 γὰρ
703 708 742 747 τὸ
762 709 856 747 κατὰ
871 709 966 754 τάξιν
984 709 1105 748 τούτου
1134 709 1206 760 μέ-

228 784 284 822 ρος
315 767 403 807 ἐστί.
427 767 474 808 Τί
495 766 718 822 σοφώτατον;
736 767 876 821 χρόνον
906 769 951 807 τὰ
974 767 1037 818 μὲν
1060 768 1127 821 γὰρ
1149 767 1204 805 εὔ·

227 843 332 881 ρηκεν
353 821 450 872 οὗτος
466 827 535 876 ἤδη
550 856 560 874 ,
581 827 627 867 τὰ
657 826 692 867 δὲ
727 826 881 879 εὑρήσει.
911 827 956 867 Τί
976 828 1176 866 κοινότατον
1193 842 1203 875 ;

224 887 341 932 ἐλπίς·
360 887 421 926 καὶ
440 888 509 941 γὰρ
528 882 577 932 οἷς
597 887 686 926 ἄλλο
706 887 814 938 μηθέν
830 917 840 936 ,
859 886 948 935 αὕτη
976 886 1139 940 πάρεστι.
1159 887 1207 927 Τι’

223 947 523 1001 ὠφελιμώτατονς
545 946 671 1000 ἀρετή·
684 946 746 985 καὶ
762 946 830 1000 γὰρ
852 946 968 985 τᾶλλα
983 950 1033 999 τῷ
1053 949 1207 999 χρῆσθαι

227 1008 347 1051 καλῶς
373 1007 539 1060 ὠφέλιμα
558 1011 662 1045 ποιεῖ.
689 1006 737 1046 Τί
766 1004 1056 1058 βλαὸερώτατονς
1076 1005 1205 1045 κακία·

223 1066 284 1104 καὶ
312 1065 382 1120 γὰρ
412 1065 457 1105 τὰ
490 1066 643 1104 πλεῖστα
669 1064 819 1116 βλάπτει
851 1065 1136 1117 παραγενομένη.
1161 1067 1207 1107 Τί

225 1125 480 1179 ἶσχυρότατον;
497 1124 634 1176 ἀνάγκη
646 1140 655 1147 ·
674 1124 780 1175 μόνον
798 1123 867 1178 γὰρ
888 1123 1066 1171 ἀνίκητον.
1087 1123 1133 1164 Τί
1151 1127 1209 1177 ῥᾷ-

223 1201 326 1234 στον;
340 1185 379 1223 τὸ
398 1184 491 1223 κατὰ
510 1184 631 1238 φύσιν·
656 1183 732 1223 ἐπεὶ
751 1183 839 1237 πρὸς
860 1183 988 1231 ἡδονάς
1007 1199 1048 1236 γε
1069 1184 1207 1224 πολλοί-

225 1260 278 1289 κις
299 1243 594 1298 ἀπαγορεύουσιν.
850 1241 854 1248 ’

280 1314 538 1368 (Plutarchus
561 1314 729 1357 Conviv.
754 1313 823 1352 VII
853 1313 1026 1367 Sapient.
1058 1327 1144 1366 cap.
1182 1329 1206 1365 9

334 1388 424 1426 pag.
448 1374 537 1425 αα.)

168 1459 200 1487 ⁴.
220 1447 286 1486 Δεῖ
302 1446 346 1484 τὰ
367 1444 430 1496 μὲν
449 1443 566 1483 εἷκότα
588 1443 702 1496 λέγειν
715 1475 726 1492 ,
745 1443 790 1483 τὰ
809 1443 845 1482 δὲ
863 1443 1035 1497 ἀμήχανα
1053 1450 1204 1498 σιωπᾷν.

286 1516 543 1569 (Plutarchus
568 1516 736 1555 Conviv.
762 1515 832 1553 VII
854 1515 1028 1568 Sapient.
1046 1529 1132 1568 cap.
1161 1530 1203 1564 17

333 1591 374 1629 P·
394 1582 459 1622 42·
479 1579 490 1627 )

169 1659 204 1685 δ.
224 1647 288 1685 Δεῖ
314 1651 386 1690 τοῖς
405 1647 541 1700 ἐχθροῖς
569 1645 631 1685 καὶ
650 1645 733 1699 περὶ
767 1647 836 1684 τῶν
858 1647 993 1684 πιστῶν
1022 1646 1207 1695 ἀπιστεῖν,

223 1710 295 1749 τοῖς
316 1704 352 1743 δὲ
367 1707 478 1759 φίλοις
491 1705 551 1744 καὶ
571 1704 617 1744 τὰ
636 1705 772 1745 ἄπιστα
792 1705 986 1746 πιστεύειν.

280 1769 531 1830 (Plutarchus
548 1777 716 1818 Conviv.
738 1776 810 1815 VII
838 1777 1014 1830 Sapient.
1042 1791 1130 1830 cap.
1157 1792 1170 1816 1
1187 1793 1206 1826 7

335 1850 374 1889 p.
388 1837 472 1889 42.)

167 1921 202 1948 6.
224 1908 302 1954 Τῆς
322 1906 455 1959 μητρὸς
477 1906 744 1958 ἀναγκαζούσης
767 1906 872 1946 αὐτὸν
893 1909 1008 1959 γῆμαι
1022 1938 1032 1955 ,
1053 1905 1095 1952 νὴ
1116 1906 1205 1959 Δία,

224 1960 363 2011 ἔλεγεν,
389 1960 526 2000 οὐδέπω
552 1960 688 2014 καιρός.
713 1955 806 2001 Εἶτα
835 1961 956 2008 ἐπειδὴ
976 1960 1205 2015 παρήὸησεν,

223 2019 427 2072 ἐγκειμένης
447 2013 546 2059 εἶπε·
567 2021 684 2060 οὐκέτι
701 2021 831 2073 καιρός.

278 2085 492 2140 (Diogenes
514 2085 691 2125 Laertius
711 2085 783 2125 lib.
809 2086 842 2133 1,
865 2086 952 2136 26.)

224 2155 236 2170 ³
414 2156 422 2170 e
591 2156 600 2170 l
640 2157 651 2171 ο
719 2156 750 2179 Ιγ
847 2156 858 2170 ³
911 2159 922 2172 υ
1086 2155 1094 2168 ¹

166 2170 203 2197 7.
237 2157 455 2211 Ερωτηθεις,
486 2156 544 2196 διὰ
564 2172 599 2195 τι
632 2172 799 2207 ακμα,ων
825 2172 887 2195 ουκ
906 2156 1202 2206 επαιδοποιησεν,

186 2290 217 2320 3.
237 2286 323 2326 Quid
339 2289 390 2320 est
410 2286 696 2327 antiquissimum?
711 2287 800 2319 Deus
816 2287 945 2327 (inquit
960 2287 1118 2327 Thales);
1135 2291 1209 2320 ortu
1238 2286 1247 2317 Ι

148 2346 237 2379 enirn
264 2348 365 2379 caret.
397 2345 485 2384 Quid
517 2346 722 2379 maximum?
755 2346 902 2388 spatium
926 2356 936 2379 ι
969 2347 1094 2389 reliqua
1122 2348 1209 2380 enim

146 2405 290 2439 mundus
317 2406 488 2438 continens
513 2404 577 2438 hoc
604 2406 799 2439 continetur.
825 2406 912 2446 Quid
933 2407 1210 2448 pulcherrimum?

146 2464 292 2500 Mundus
309 2473 318 2493 ε
336 2464 446 2497 omnia
463 2464 549 2498 enim
569 2464 682 2498 ordine
701 2464 861 2507 disposita
880 2465 978 2507 hujus
993 2467 1101 2507 partes
1121 2469 1208 2499 sunt.

148 2523 236 2563 Quid
253 2523 555 2565 sapientissimum?
572 2525 714 2566 Tempus
733 2537 742 2557 ι
765 2524 798 2557 id
814 2525 903 2557 enim
916 2525 978 2558 alia
989 2525 1114 2559 invenit
1128 2525 1208 2568 Jam,

144 2581 210 2614 alia
228 2581 383 2615 inveniet.
405 2581 490 2621 Quid
507 2582 811 2616 communissimum
822 2585 837 2615 ἐ’
854 2586 933 2625 Spes
953 2593 963 2616 t
987 2583 1106 2625 quibus
1122 2584 1209 2616 enim

148 2640 274 2683 reliqua
286 2641 396 2674 omnia
413 2640 548 2682 desunt,
567 2641 636 2674 haec
654 2641 755 2674 adest.
776 2642 864 2681 Quid
890 2642 1122 2675 utilissimum?
1138 2643 1209 2675 Vir-

148 2701 203 2746 tus
220 2709 228 2732 :
250 2700 322 2733 liaec
341 2700 430 2734 enim
456 2703 572 2735 caetera
585 2701 684 2734 etiam
707 2703 796 2734 recto
822 2711 883 2734 usu
902 2701 993 2735 utilia
1014 2702 1102 2735 tacit.
1123 2703 1208 2741 Quid

144 2760 483 2802 perniciosissimum?
497 2760 622 2793 Vitium
643 2774 650 2793 :
672 2761 736 2793 hoc
749 2761 834 2794 enim
849 2765 1038 2803 surrepente
1055 2762 1207 2805 pleraque

149 2822 419 2862 corrumpuntur.
451 2820 537 2858 Quid
555 2820 813 2854 validissimum?
837 2822 1020 2855 Necessitas
1039 2831 1047 2854 ε
1066 2830 1104 2854 ea
1124 2823 1210 2854 enim

143 2878 215 2911 sola
233 2882 281 2912 est
297 2879 428 2912 invicta.
447 2879 533 2918 Quid
556 2880 769 2913 facillimum?
783 2880 877 2920 Quod
898 2883 1023 2914 naturae
1040 2885 1210 2914 consenta-

142 2946 243 2971 neum
260 2940 327 2981 est,
344 2939 420 2981 quia
446 2939 670 2981 voluptatibus
689 2940 786 2973 etiam
815 2940 963 2974 homines
985 2950 1073 2983 saepe
1096 2941 1210 2974 derati-

147 3001 276 3038 gantur.

189 3061 222 3092 4.
243 3058 386 3092 Dicenda
402 3059 479 3091 sunt
499 3058 698 3100 probabilia,
723 3059 859 3092 tacenda
877 3068 954 3092 vero
978 3069 1053 3101 quae
1069 3059 1140 3093 lieri
1152 3068 1209 3093 ne-

141 3119 283 3159 queunt.

192 3181 223 3210 5.
241 3176 384 3210 inimicis
402 3178 501 3212 etiam
516 3178 574 3211 ubi
592 3177 759 3211 credibilia
775 3180 907 3211 narrant
927 3178 1024 3211 tidem
1038 3178 1207 3221 derogare,

143 3236 262 3269 amicis
277 3238 375 3270 etiam
389 3247 466 3280 quae
485 3239 582 3272 fidem
601 3239 765 3272 excedunt
777 3239 908 3272 credere
923 3239 1092 3272 debemus.

190 3299 222 3329 6.
242 3297 351 3335 Quum
373 3298 478 3330 mater
495 3306 570 3331 eum
592 3298 791 3340 impelleret,
826 3300 862 3331 ut
886 3308 1019 3331 uxorem
1046 3299 1180 3332 duceret
1200 3311 1207 3329 ι

146 3356 209 3387 Per
229 3356 365 3396 Jovem,
388 3356 515 3398 inquit,
534 3358 678 3390 nondum
696 3360 824 3400 tempus
842 3360 901 3391 est.
922 3358 1047 3391 Deinde
1065 3359 1121 3391 illa
1142 3359 1206 3393 ite-

149 3423 223 3447 rum
243 3415 405 3456 instante,
422 3425 523 3458 quum
540 3418 636 3451 aetate
653 3419 825 3460 provectus
840 3421 944 3451 esset:
963 3420 1032 3451 Non
1054 3419 1205 3461 amplius,

147 3474 273 3516 inquit,
285 3476 414 3518 tempus
429 3469 505 3509 est-⁴

191 3535 224 3567 7.
236 3535 463 3577 interrogatus,
473 3544 532 3569 eur
542 3537 575 3570 in
588 3538 691 3571 aetatis
699 3538 774 3571 flore
784 3538 902 3571 liberos
919 3547 984 3570 non
997 3539 1205 3580 procreasset,

1349 338 1585 392 ἀπεκρίνατο·
1615 339 1704 379 διότι
1724 339 1764 378 τὸ
1791 343 1852 387 ζῆν
1884 342 1946 380 οὐκ
1977 341 2173 393 ἐὸουλόμην
2205 342 2331 382 λύπαῖ”

1348 399 1566 451 αὐθαιρέτοις
1583 402 1838 451 κατεγγυῆσαι.

1405 469 1539 522 (Stob.
1560 470 1663 510 Flor.
1686 470 1859 518 LXVIII,
1883 470 1970 523 34.)

1296 555 1326 581 8.
1352 541 1571 593 Βουλόμενος
1598 541 1707 587 δεῖξαι
1741 542 1858 595 ῥᾴδιον
1891 535 1979 581 εἶναι
2009 544 2190 595 πλουτεῖν,
2226 550 2333 597 φορᾶς

1349 601 1546 652 μελλούσης
1566 602 1693 640 ἐλαιῶν
1710 601 1874 652 ἔσεσθαι,
1892 601 2091 655 προνοήσας
2110 603 2333 654 ἐμισθώσατο

1347 660 1392 698 τὰ
1409 662 1629 713 ἐλαιουργεῖα
1641 694 1652 711 ‚
1670 661 1729 699 καὶ
1744 661 1978 713 πάμπλειστα
1995 665 2132 701 συνεῖλε
2145 663 2331 716 χρήματα.

1405 730 1619 785 (Diogenes
1639 730 1820 771 Laertius
1841 731 1912 772 lib.
1932 732 1966 781 1,
1994 733 2059 771 26.
2078 732 2088 785 )

1296 815 1327 842 9.
1348 799 1515 854 Ἔφασκε
1532 805 1639 853 τριῶν
1660 801 1792 840 τούτων
1814 801 1915 842 ἕνεκα
1935 802 2041 856 χάριν
2059 802 2151 855 ἔχειν
2168 806 2210 855 τῇ
2228 802 2334 855 τύχῃ,

1349 864 1489 911 πρῶτον
1515 862 1577 912 μὲν
1600 860 1653 900 ὅτι
1683 861 1864 916 ἄνθρωπος
1885 862 2021 915 ἐγένετο
2042 863 2101 901 καὶ
2132 863 2171 901 οὐ
2196 862 2332 916 θηρίον,

1344 913 1426 959 ἐἶτα
1450 921 1503 960 ὅτι
1531 920 1620 974 ἀνὴρ
1634 921 1694 960 καὶ
1715 922 1754 961 οὗ
1783 921 1870 973 γυνή
1887 951 1897 970 ,
1919 921 2034 976 τρίτον
2055 921 2109 961 ὅτι
2125 921 2261 970 ςΈλλην
2275 923 2336 961 καὶ

1351 981 1388 1019 οὐ
1408 979 1599 1034 βάρὸαρος.

1405 1052 1625 1103 (Diogenes
1643 1051 1823 1092 Laertius
1843 1053 1915 1094 lib.
1931 1052 1962 1100 Ι,
1985 1054 2048 1094 33.
2071 1051 2081 1106 )

1271 1137 1320 1162 ιο.
1350 1121 1464 1161 Οὐδὲν
1483 1120 1550 1176 ἔφη
1567 1122 1624 1160 τὸν
1646 1122 1796 1162 θάνατον
1818 1123 1995 1176 διαφέρειν
2011 1129 2071 1164 τοῦ
2091 1126 2166 1171 ζῆν.
2185 1124 2237 1164 Σὺ
2257 1118 2333 1172 οῧν,

1352 1182 1417 1235 ἔφη
1441 1198 1512 1230 τις,
1546 1181 1603 1219 διὰ
1631 1182 1666 1221 τί
1700 1185 1762 1221 οὐκ
1800 1184 2052 1233 ἀποθνήσκεις
2086 1182 2174 1224 αΟτι
2194 1215 2205 1235 ,
2243 1185 2308 1238 ἔφη
2323 1215 2335 1236 ,

1351 1242 1448 1281 οὐδὲν
1471 1241 1639 1295 διαφέρει.

1407 1306 1624 1357 (Diogenes
1646 1305 1824 1346 Laertius
1844 1306 1916 1345 lib.
1934 1306 1969 1358 1,
1990 1309 2056 1348 35.
2077 1310 2088 1359 )

1272 1393 1320 1418 11.
1351 1377 1451 1430 Πρὸς
1472 1377 1529 1416 τὸν
1550 1378 1767 1427 πυθόμενον,
1784 1377 1815 1416 τί
1846 1378 2015 1431 πρότερον
2034 1379 2208 1432 ἐγεγόνει,
2228 1378 2287 1425 νὺξ
2313 1377 2337 1427 ἢ

1351 1435 1487 1489 ἡμέρα·
1508 1439 1531 1484 ἡ
1551 1435 1608 1481 νὺξ
1620 1467 1630 1487 ,
1651 1436 1736 1491 ἔφη,
1753 1443 1818 1491 μιᾷ
1834 1437 1952 1492 ἡμέρα
1965 1438 2147 1493 πρότερον.

1409 1509 1629 1560 (Diogenes
1649 1508 1826 1548 Laertius
1845 1510 1917 1551 lib.
1942 1510 1974 1559 1,
1992 1511 2079 1563 36.)

1275 1595 1320 1619 12.
1359 1579 1547 1632 Ἠρώτησέ
1562 1595 1614 1624 τις
1633 1580 1759 1628 αὐτόν,
1779 1582 1808 1620 εἷ
1827 1582 1928 1628 λήθοι
1947 1581 2044 1626 θεοὺς
2060 1582 2242 1636 ἄνθρωπος
2261 1584 2340 1622 ἀδι-

1353 1639 1443 1677 κῶν·
1465 1640 1542 1677 ἀλλ’
1569 1639 1647 1679 οὐδὲ
1669 1640 1934 1692 διανοούμενος,
1965 1641 2044 1694 ἔφη.

1410 1710 1628 1762 (Diogenes
1642 1709 1818 1750 Laertius
1832 1710 1904 1749 lib.
1922 1711 1955 1759 I,
1978 1710 2068 1765 36.)

1274 1795 1321 1822 1³.
1356 1780 1452 1833 Πρὸς
1466 1780 1523 1819 τὸν
1546 1780 1671 1833 μοιχὸν
1690 1779 1855 1834 ἐρόμενον
1870 1812 1880 1830 ‚
1900 1783 1930 1820 εἷ
1945 1781 2067 1833 ὀμόσει
2082 1780 2132 1833 μὴ
2150 1797 2341 1836 μεμοιχευ-

1352 1839 1475 1879 κέναι·
1496 1840 1550 1880 Οὗ
1571 1842 1710 1893 χεῖρον,
1732 1839 1817 1894 ἔφη,
1836 1839 1997 1894 μοιχείας
2018 1840 2202 1896 ἐπιορκίας

1411 1911 1632 1962 (Diogenes
1647 1910 1828 1949 Laertius
1850 1909 1923 1950 lib.
1945 1910 1980 1961 1,
2002 1910 2092 1963 36.)

1275 1990 1321 2017 14.
1354 1975 1573 2028 Ἐρωτηθείς
1585 2004 1595 2022 ,
1611 1975 1646 2014 τί
1666 1975 1834 2015 δύσκολον
1848 2005 1859 2024 ,
1881 1974 1947 2031 ἔφη
1961 1991 1970 2000 ·
1987 1975 2027 2014 τὸ
2047 1976 2171 2016 ἑαυτὸν
2192 1978 2338 2027 γνῶναι.

1353 2036 1387 2074 τί
1414 2035 1450 2074 δὲ
1471 2035 1634 2084 εὕκολον;
1656 2035 1695 2074 τὸ
1729 2035 1828 2089 ἄλλῳ
1859 2035 2098 2075 ὑποτίθεσθαι.
2122 2034 2155 2074 τί
2174 2035 2338 2087 ἥδιστον;

1353 2095 1393 2134 τὸ
1414 2095 1673 2148 ἐπιτυγχάνειν.
1703 2094 1735 2133 τί
1766 2094 1810 2147 το
1823 2097 1935 2144 θεῖον;
1957 2094 1996 2134 τὸ
2011 2095 2102 2146 μήτε
2124 2094 2238 2148 ἀρχὴν
2259 2095 2339 2149 ἔχον

1355 2155 1446 2205 μήτε
1478 2151 1660 2202 τελευτήν.
1676 2153 1711 2193 τί
1733 2154 1938 2208 δυσεύρετον
1959 2153 2014 2202 εἴη
2033 2155 2262 2206 τεθεαμένος;
2283 2155 2339 2207 γέ-

1278 2287 1445 2321 resuondit
1471 2287 1582 2325 :Quia
1607 2286 1698 2319 nolui
1726 2286 1829 2319 vitam
1852 2289 1967 2328 sponte
1993 2286 2155 2327 susceptis
2183 2286 2339 2319 molestiis

1274 2347 1367 2388 quasi
1388 2346 1600 2388 despondere.

1316 2410 1347 2439 8.
1365 2408 1475 2444 Quum
1493 2406 1590 2438 vellet
1605 2405 1793 2445 ostendere,
1816 2405 1910 2438 facile
1924 2413 1993 2438 esse
2008 2405 2184 2446 ditescere,
2200 2405 2339 2447 praevisa

1277 2466 1386 2499 futura
1410 2465 1555 2498 olearum
1585 2464 1735 2498 ubertate
1764 2464 1867 2497 molas
1902 2464 2039 2497 olearias
2060 2464 2216 2497 conduxit
2238 2465 2338 2505 pluri-

1274 2534 1431 2567 mumque
1447 2524 1593 2566 pecuniae
1615 2524 1701 2556 tecit.

1315 2590 1348 2618 9.
1366 2585 1481 2626 Ajebat
1493 2593 1527 2617 se
1541 2585 1639 2616 trium
1657 2592 1766 2617 rerum
1784 2592 1879 2616 causa
1897 2583 2030 2624 gratiam
2049 2583 2168 2616 habere
2184 2584 2337 2623 fortunae,

1274 2645 1415 2687 primum
1436 2643 1524 2686 quod
1543 2644 1639 2676 homo
1660 2647 1758 2676 natus
1767 2645 1868 2684 esset,
1889 2652 1954 2676 non
1975 2643 2095 2683 bestia3
2110 2642 2227 2676 deinde
2250 2642 2338 2685 quod

1277 2704 1338 2745 vir,
1358 2712 1423 2736 non
1443 2702 1580 2743 mulien
1596 2702 1691 2735 tertio
1714 2701 1801 2743 quod
1825 2703 1958 2735 Graecus
1972 2726 1981 2743 ,
2002 2710 2066 2734 non
2086 2701 2252 2734 barbarus.

1319 2767 1368 2795 ιο.
1392 2762 1531 2794 Mortem
1553 2760 1634 2793 nihil
1651 2769 1670 2793 a
1696 2760 1766 2793 vita
1788 2760 1921 2793 differre
1946 2760 2086 2792 dicebat.
2108 2759 2259 2797 Quodam
2281 2768 2338 2790 au-

1279 2825 1345 2854 tem
1364 2820 1538 2862 obiiciente
1557 2829 1565 2852 :
1581 2822 1649 2854 Cur
1665 2820 1761 2860 igitur
1783 2829 1848 2852 non
1869 2819 2024 2852 moreris?
2043 2819 2094 2852 Ob
2122 2819 2185 2851 hoc
2208 2819 2335 2860 ipsum,

1270 2881 1375 2923 inquit
1387 2905 1397 2922 ,
1408 2880 1486 2922 quia
1503 2879 1582 2913 nihil
1599 2880 1743 2913 interest.

1317 2945 1370 2974 11.
1398 2940 1540 2974 cuidam
1558 2940 1757 2979 sciscitanti,
1777 2943 1887 2972 utrum
1907 2939 1993 2980 prior
2013 2939 2188 2972 exstitisset
2207 2946 2272 2971 nox
2295 2946 2338 2971 an

1270 3000 1340 3034 dies
1362 3009 1370 3030 ε
1385 3002 1472 3041 Nox,
1490 3000 1600 3042 inquit
1613 3025 1622 3041 ,
1642 3009 1708 3033 uno
1724 2999 1775 3033 die
1791 3000 1890 3040 prior.

1319 3064 1368 3094 12.
1388 3063 1498 3100 Quum
1516 3060 1730 3102 interrogaret
1746 3068 1822 3093 eum
1837 3059 2018 3101 quispiam,
2043 3059 2233 3100 fugeremne
2255 3057 2333 3091 deos

1273 3121 1360 3154 mala
1384 3120 1555 3153 hominum
1585 3120 1727 3153 facinora
1759 3129 1767 3149 :
1795 3121 1843 3154 Ne
1868 3119 2078 3161 cogitationes
2109 3117 2260 3159 quidem,
2285 3118 2336 3150 in-

1269 3182 1353 3224 quit.

1315 3245 1364 3274 13.
1401 3241 1611 3274 percontanti
1639 3240 1807 3281 adultero,
1831 3249 1910 3272 num
1940 3240 2048 3281 jurare
2079 3238 2232 3276 deberet,
2267 3245 2333 3269 non

1271 3300 1471 3332 commisisse
1490 3309 1524 3333 se
1542 3300 1737 3333 adulterium
1753 3308 1761 3328 t
1780 3301 1895 3333 Nonne
1910 3300 1976 3340 est,
2001 3297 2126 3340 inquit,
2156 3295 2332 3338 perjurium

1269 3359 1430 3392 adulterio
1441 3359 1601 3392 deterius?

1315 3423 1364 3453 14.
1382 3423 1622 3462 Interrogatus,
1634 3420 1713 3462 quid
1729 3421 1815 3453 esset
1831 3418 1986 3452 difficile?
2003 3420 2044 3451 Se
2062 3416 2170 3459 ipsum
2184 3441 2192 3455 ‚
2210 3415 2326 3456 inquit,

1269 3488 1413 3512 noscere.
1433 3479 1516 3518 Quid
1541 3481 1655 3512 contra
1680 3479 1796 3511 facile?
1811 3477 1910 3510 Alteri
1929 3476 2006 3508 dare
2033 3474 2218 3508 consilium,
2242 3468 2333 3511 Quid-

1268 3537 1564 3578 jucundissimum?
1585 3538 1662 3571 voti
1681 3540 1863 3579 compotem
1883 3537 1962 3568 lieri.
1983 3534 2068 3571 Ouid
2096 3542 2216 3566 numen
2242 3533 2327 3565 divi-

2086 3622 2092 3626 .
2146 3599 2190 3630 (ὅ,
