2612 3814
313 246 335 279 4
1106 231 1214 270 ΕΜΙἸ
1222 228 1527 268 ΕΔΟΚΛΕΟΥΣ
1559 228 1624 266 ΕΠ
1633 228 1679 268 Η.

336 340 387 366 120
415 322 733 378 Ἂλλ’ἅγι,τῶνδ’ὀᾶ
738 338 805 376 ρων
814 321 992 375 προτέρων
1003 319 1224 373 ἕπιμάρτυρα
1234 318 1270 358 δέ
1275 334 1355 372 ρκευ

417 385 500 424 εἴτι
520 383 580 423 καὶ
601 385 635 422 ἓν
649 382 848 435 προτέροισι
869 379 1054 426 λιπόξυλον
1075 378 1199 418 ἔπλετο
1220 380 1352 432 μορφῇ,

413 444 531 492 ἠέλιον
549 443 612 495 μὲν
628 441 795 495 λαμπρὸν
815 443 898 495 δρᾷν
915 439 976 478 καὶ
993 438 1119 492 θερμὸν
1141 437 1300 485 ἁπάντη,

415 503 581 558 ἄμὸροτα
596 501 717 542 δ’ὅσσα
732 501 831 541 πέλει
844 515 881 538 τε
892 499 952 538 καὶ
964 498 1086 552 ἀργέτι
1100 497 1237 536 δεύεται
1247 498 1353 548 αὐγῇ,

416 561 547 614 ὅμὸρον
571 562 600 600 δ’
621 562 656 599 ἐν
676 566 764 598 πᾶσι
795 557 980 611 δνοφόεντά
996 573 1035 596 τε
1055 558 1220 609 ῥιγαλέον
1242 568 1295 594 τε·

341 637 389 663 125
419 624 458 662 ἔκ
478 623 507 660 δ’
526 620 603 669 αἴης
623 619 805 673 προρέουσ’
832 616 1004 668 ἐθέλυμνά
1021 632 1056 655 τε
1075 616 1134 655 καὶ
1153 614 1352 666 στερεωπά.

415 681 475 721 Ἐν
485 680 521 719 δὲ
536 678 627 732 κότῳ
642 678 819 731 διᾶμορφα
827 675 887 715 καὶ
902 675 1030 728 ἄνδιχα
1044 674 1161 713 πάντα
1170 675 1352 721 πέλονται,

417 739 477 779 σὺν
498 741 527 779 δ’
546 739 608 786 ἔὸη
626 739 660 776 ἐν
678 737 836 790 φιλότητι
855 736 914 775 καὶ
936 733 1122 781 ἀλλήλοισι
1145 737 1320 773 ποθεῖται.

406 803 462 836 Ἐκ
474 806 536 836 τῶν
547 801 636 834 πάνθ’
649 801 711 834 ὅσα
723 800 751 834 τ’
766 798 803 838 ἦν
818 800 878 832 ὅσα
887 799 914 831 τ’
923 797 989 831 ἔσθ’
1002 798 1064 830 ὅσα
1072 799 1100 830 τ’
1112 797 1203 830 ἔσται
1215 797 1355 836 ὀπίσσω,

416 855 558 910 δένδρεά
575 855 604 894 τ’
619 854 815 902 ἐὸλᾶστησε
831 853 890 891 καὶ
905 852 1022 903 ἀνέρες
1041 851 1103 900 ἠδὲ
1125 854 1298 902 γυναῖκες,

335 930 388 958 1³0
417 917 516 969 θῆρές
532 918 563 953 τ’
577 914 692 953 οἰωνοί
709 929 746 952 τε
770 912 830 951 καὶ
859 911 1158 964 ὑδατοθρέμμονες
1179 913 1276 963 ἰχθῦς

415 975 475 1014 καί
493 991 528 1013 τε
550 974 618 1013 Οεοὶ
635 972 878 1025 δολιχαίωνες,
893 974 1017 1023 τιμῇσι
1036 971 1207 1024 φέριστοι.

414 1033 503 1073 αὐτὰ
519 1032 587 1086 γὰρ
607 1032 700 1070 ἔστιν
719 1035 850 1078 ταῦτα,
871 1031 915 1069 δι’
939 1028 1104 1076 ἀλλήλων
1125 1027 1158 1067 δὲ
1180 1029 1301 1067 θέοντα

411 1093 565 1145 γίγνεται
586 1089 789 1131 ἀλλοιωποί·
805 1088 984 1134 διάπτυξις
1003 1087 1071 1141 γὰρ
1090 1087 1245 1139 ἀμείὸει.

570 1197 591 1218 4
859 1194 878 1215 4
1147 1193 1167 1214 4

414 1268 477 1312 ‘stc
489 1267 517 1306 δ’
535 1266 664 1306 ὁπόταν
683 1264 832 1321 γραφέες
849 1263 1060 1316 ἀναθήματα
1086 1263 1326 1312 ποικίλλωσιν,

334 1342 385 1368 135
415 1328 531 1380 ἀνέρες
544 1326 633 1377 ἀμφὶ
646 1325 770 1378 τέχνης
789 1324 856 1363 ὑπὸ
876 1324 999 1375 μήτιος
1019 1317 1057 1362 εὖ
1072 1323 1220 1362 δεδαῶτε
1233 1353 1243 1371 ,

412 1387 477 1427 οἵτ’
487 1386 561 1426 ἐπεὶ
578 1379 818 1439 οῧνμᾶρψωσι
829 1384 1008 1437 πολύχροα
1024 1385 1195 1437 φάρμακα
1211 1382 1349 1437 χερσίν,

412 1445 560 1499 ἇρμονίῃ
579 1444 722 1495 μίξαντε
743 1443 788 1483 τὰ
813 1443 875 1494 μὲν
897 1442 997 1482 πλέω
1012 1474 1023 1492 ,
1046 1443 1137 1482 ἄλλα
1155 1442 1184 1481 δ’
1200 1443 1352 1491 ἐλάσσω,

415 1507 455 1544 ἐκ
473 1506 544 1543 τῶν
561 1503 655 1543 εἴδεα
674 1510 782 1542 πᾶσιν
803 1502 945 1556 ἀλίγκια
965 1501 1194 1556 πορσύνουσιν
1206 1531 1216 1550 ,

413 1563 554 1616 δένδρεά
570 1579 608 1601 τε
627 1562 782 1607 κτίζοντε
802 1562 864 1600 καὶ
885 1562 1011 1615 ἀνέρας
1027 1561 1089 1609 ἠδὲ
1109 1562 1275 1613 γυναῖκας
1287 1592 1299 1612 ‚

302 1667 304 1671 v
334 1637 385 1663 1⁴0
413 1623 520 1676 θ’ῆρᾶς
537 1623 570 1661 τ’
590 1621 730 1666 οἰωνούς
749 1637 786 1660 τε
803 1621 863 1660 καὶ
883 1621 1189 1674 ὖδατοθρέμμονας
1210 1622 1328 1673 ἰχθῦς,

413 1682 475 1720 καί
491 1696 529 1719 τε
552 1680 648 1725 θεοὺς
667 1679 900 1732 δολιχαίωνας
917 1683 1041 1733 τιμῇσι
1057 1679 1258 1734 φερίστους·

411 1740 502 1779 οὕτω
517 1739 567 1791 μή
583 1741 614 1779 σ’
634 1738 752 1778 ἀπάτα
766 1739 908 1792 φρένας,
919 1738 965 1784 ὥς
979 1738 1017 1777 νύ
1031 1754 1090 1778 κεν
1105 1739 1250 1778 ἄλλοθεν
1265 1731 1354 1777 εἶναι

410 1800 565 1847 θνητῶν,
585 1797 673 1838 ὅσσα
689 1813 728 1850 γε
747 1799 838 1850 φῦλα
859 1803 1003 1849 γεγᾶσιν
1023 1797 1203 1849 ἀᾶσπετα,
1215 1798 1351 1849 πηγήν,

413 1858 504 1897 ἀλλὰ
515 1859 621 1910 τορῶς
637 1858 730 1896 τοῦτ’
743 1857 828 1906 ἴσθι,
843 1860 920 1897 θεοῦ
942 1856 1038 1910 πάρα
1061 1860 1168 1909 μῦθον
1183 1857 1351 1902 ἀκούσας.

569 1964 589 1984 ’1-
855 1963 875 1983 4
1143 1963 1165 1984 4

333 2048 383 2074 145
413 2034 487 2074 Καὶ
505 2034 573 2087 γὰρ
592 2033 653 2072 καὶ
667 2034 778 2086 πάρος
795 2027 837 2081 ἦν
857 2049 894 2072 τε
914 2033 975 2072 καὶ
995 2033 1151 2080 ἔσσεται,
1172 2032 1255 2073 οὐδέ
1272 2034 1351 2073 ποτ’

409 2093 538 2134 τούτων
552 2091 757 2148 ἀμφοτέρων
767 2091 971 2134 κεινώσεται
984 2096 1136 2138 ἄσπετος
1156 2091 1264 2153 αἰών..
1275 2092 1354 2148 [οἴω

568 2199 586 2216 ί*
859 2199 876 2216 ⁴oe
1146 2199 1163 2214 ἡ

410 2270 472 2309 Ἐν
503 2268 539 2308 δὲ
569 2268 668 2322 μέρει
686 2269 873 2323 κρατέουσι
895 2270 1167 2322 περιπλομένοιο
1187 2271 1351 2322 κύκλοιο,

410 2327 470 2366 καὶ
486 2326 598 2381 φθίνει
616 2329 664 2371 εἷς
679 2328 817 2376 ἄλληλα
831 2327 892 2367 καὶ
907 2328 1048 2374 αὔξεται
1068 2331 1103 2368 ἐν
1122 2330 1220 2382 μέρει
1236 2330 1352 2380 αἴσης.

408 2386 509 2426 Αὗτὰ
528 2387 594 2439 γὰρ
618 2387 712 2426 ἔστιν
727 2391 855 2436 ταῦτα,
871 2389 915 2426 δι’
937 2388 1103 2436 ἀλλήλων
1119 2388 1155 2428 δὲ
1172 2390 1296 2428 θέοντα

334 2459 385 2486 150
411 2445 560 2496 γίγνοντ’
579 2445 753 2499 ἄνθρωποί
776 2463 814 2485 τε
830 2446 893 2486 καὶ
908 2446 1025 2486 ἄλλων
1046 2447 1281 2501 ἔθνεαθηρῶν
1294 2480 1305 2498 ‚

414 2503 540 2542 ἄλλοτε
561 2503 623 2554 μὲν
644 2505 804 2558 φιλότητι
819 2505 1046 2559 συνερχόμεν’
1070 2508 1116 2551 εἷς
1130 2505 1190 2545 ἕνα
1205 2507 1350 2557 κόσμον,

412 2561 536 2600 ἄλλοτε
553 2562 584 2601 δ’
601 2558 644 2600 αὖ
662 2563 730 2616 δίχ’
742 2563 873 2602 ἕκαστα
893 2565 1088 2618 φορεύμενα
1105 2565 1232 2611 νείκεος
1246 2566 1352 2620 ἔχθει,

413 2619 545 2659 εἰσόκεν
565 2619 607 2658 ἂν
629 2621 810 2675 συμφύντα
832 2622 871 2661 τὸ
890 2630 958 2662 πᾶν
972 2624 1135 2677 ὑπένερθε
1148 2625 1307 2677 γένηται.

415 2678 538 2723 Οὕτως
557 2674 581 2732 ᾗ
602 2679 664 2730 μὲν
683 2679 716 2718 ἓν
738 2683 775 2719 ἐκ
795 2683 949 2721 πλεόνων
972 2685 1157 2735 μεμάθηκε
1178 2684 1351 2738 φύεσθαι,

335 2751 386 2777 155
413 2737 476 2785 ἠδὲ
493 2738 600 2776 πάλιν
621 2738 803 2791 διαφύντος
817 2741 888 2785 ἑνὸς
900 2742 1016 2781 πλέον’
1036 2744 1269 2796 ἓκτελέθουσι,

413 2799 457 2850 τῇ
476 2796 538 2845 μὲν
554 2796 733 2851 γίγνονταί
752 2814 789 2837 τε
805 2799 866 2838 καὶ
889 2799 928 2840 οὔ
945 2817 1062 2854 σφισιν
1084 2802 1233 2853 ἔμπεδος
1253 2804 1351 2843 αἰών·

414 2848 439 2905 ἦ
459 2854 495 2894 δὲ
515 2855 591 2895 τάδ’
607 2856 831 2896 ἀλλάσσοντα
856 2860 1044 2913 διαμπερὲς
1061 2863 1200 2912 οὐδαμὰ
1227 2864 1351 2916 λήγει,

412 2914 523 2966 ταύτῃ
538 2915 568 2953 δ’
585 2913 657 2954 αἰὲν
677 2915 773 2954 ἔασιν
791 2917 952 2966 ἀκίνητον
971 2921 1061 2959 κατὰ
1075 2921 1217 2963 κύκλον.

576 3023 592 3038 t
862 3023 877 3038 ί
985 3044 987 3046 ‚
1147 3028 1164 3046 ἡ,

415 3090 584 3144 Τέσσαρα
601 3091 671 3144 γὰρ
694 3093 835 3132 πάντων
854 3095 1034 3150 ῥιζώματα
1054 3100 1191 3151 πρῶτον
1205 3099 1298 3141 ἔασι·

339 3161 390 3187 160
418 3148 503 3193 Ζεὺς
519 3150 629 3202 ἀργὴς
646 3149 746 3204 ἽΙρη
769 3168 806 3190 τε
823 3154 1006 3206 φερέσὸιος
1024 3157 1081 3203 ἠδ’
1096 3156 1276 3204 Ἀϊδωνεὺς

416 3209 550 3255 ’Νῆστίς
570 3211 600 3268 θζ
619 3209 641 3258 ἢ
659 3210 820 3265 δακρύων
837 3212 952 3265 τέγγει
972 3215 1162 3268 κρούνωμα
1184 3218 1352 3271 βρότειον.

417 3268 449 3305 Τ
452 3269 499 3305 ῶν
517 3267 552 3306 δὲ
568 3269 831 3322 συνερχομένων
847 3270 881 3317 ἐξ
898 3271 1047 3326 ἔσχατον
1062 3273 1185 3314 ἵστατο
1202 3282 1326 3322 νεῖκος.

575 3372 593 3390 *
861 3376 879 3395 ἡ
1148 3379 1164 3395 st

421 3441 541 3495 Αὐτὰρ
561 3441 637 3482 ἐπεὶ
654 3449 764 3488 νεῖκος
784 3443 846 3496 μὲν
867 3445 1047 3499 ε’νέρτατον
1063 3447 1160 3489 ἵκετο
1182 3449 1303 3503 βένθος

1416 319 1481 356 Age
1497 325 1574 348 vero
1588 316 1678 358 prius
1697 316 1855 350 dictorum
1876 318 2062 351 testimonia
2079 328 2192 360 cerne,

1416 375 1443 408 si
1467 374 1548 416 quid
1574 375 1606 408 in
1627 375 1885 417 praecedentibus
1903 378 2011 420 specie
2023 378 2188 413 infirmum
2210 381 2292 420 fnit,

1415 435 1514 467 solem
1533 436 1663 476 aspectu
1681 435 1885 477 splendidum
1900 440 1933 470 et
1951 439 2040 471 omni
2061 448 2098 472 ex
2117 442 2207 482 parte
2222 440 2364 474 calidum
2377 465 2387 482 ‚

1415 502 1630 535 quaecumque
1646 493 1840 528 immortalia
1849 497 1928 529 sunt
1942 499 1975 530 et
1994 498 2144 532 candenti
2156 499 2270 540 jubare
2286 500 2473 543 irrigantur,

1415 553 1553 586 imbrem
1572 562 1650 586 vero
1668 557 1743 587 ante
1757 555 1865 588 omnia
1883 556 2058 590 obscurum
2075 561 2174 600 atque
2189 560 2354 601 frigidum.

1417 615 1442 647 E
1456 614 1541 646 terra
1561 615 1669 646 autem
1685 613 1851 655 profluunt
1869 615 1972 657 spissa
1990 626 2130 660 quaeque
2145 619 2179 652 et
2202 619 2312 652 densa.

1416 674 1456 704 At
1473 681 1529 713 per
1548 672 1638 705 litem
1653 672 1810 705 deformia
1827 674 1861 706 et
1877 674 1980 708 divisa
1994 676 2104 709 omnia
2123 679 2221 718 sunt,

1417 733 1534 765 coeunt
1551 740 1626 764 vero
1647 740 1703 773 per
1721 732 1896 766 amicitiam
1910 735 1944 766 et
1959 743 1993 767 se
2009 735 2149 769 invicem
2166 739 2334 778 exoptant.

1414 794 1464 824 Ex
1482 792 1531 825 liis
1542 792 1650 825 omnia
1658 799 1732 833 quae
1747 791 1848 829 fuere,
1858 798 1934 832 quas
1945 792 2022 823 sunt
2035 799 2177 832 quaeque
2187 792 2284 824 erunt
2299 791 2487 835 aliquando,

1412 851 1445 884 et
1459 851 1590 883 arbores
1608 850 1769 891 pullulant
1786 850 1818 882 et
1835 857 1944 882 mares
1959 848 2175 891 semitamque,

1414 912 1488 944 ferae
1504 913 1536 945 et
1552 911 1705 944 volucres
1721 914 1754 944 et
1768 910 1930 952 aquatiles
1949 909 2059 951 pisces

1411 974 1510 1013 atque
1526 973 1621 1005 etiam
1645 972 1696 1004 Dii
1715 969 1853 1012 longaevi
1869 970 2006 1003 summis
2019 969 2127 1002 ornati
2147 969 2341 1005 honoribus.

1412 1034 1486 1074 lpsa
1504 1032 1590 1065 enim
1610 1035 1687 1064 sunt
1702 1031 1776 1074 illa,
1794 1030 2014 1065 commeantia
2035 1032 2147 1065 autem
2169 1031 2254 1064 inter
2272 1039 2344 1064 sese

1412 1093 1507 1125 aliam
1525 1091 1665 1125 induunt
1681 1092 1819 1124 sormam
1837 1104 1846 1125 z
1866 1091 2004 1125 secretio
2023 1091 2110 1125 enim
2128 1100 2167 1125 ea
2182 1091 2304 1125 mutat.

1646 1190 1662 1206 t
1935 1190 1953 1208 ἡ·
2226 1192 2245 1210 t
2292 1182 2295 1184 ’

1721 1206 1734 1238 ι’

1414 1268 1458 1300 Ut
1479 1276 1583 1309 quum
1606 1268 1741 1309 pictores
1762 1268 1886 1305 tabulas
1898 1268 1960 1302 diis
1978 1278 2086 1303 sacras
2107 1270 2205 1303 variis
2218 1269 2382 1304 coloribus
2403 1271 2474 1304 dis·

1415 1327 1562 1360 homines
1579 1330 1682 1360 artem
1697 1328 1821 1360 sollerti
1833 1330 1942 1362 mente
1963 1329 2093 1370 penitus
2109 1330 2238 1370 edocti,
2296 1330 2447 1372 tinguunt

1415 1386 1470 1428 qui
1490 1386 1661 1420 ubimulta
1683 1388 1846 1428 pigmenta
1863 1388 2014 1421 manibus
2033 1391 2243 1430 sumpserunt

1414 1448 1488 1488 apte
1505 1447 1670 1480 miscendo
1693 1447 1768 1480 hinc
1782 1447 1893 1489 plura,
1908 1448 1995 1481 illinc
2015 1448 2188 1491 pauciora,

1414 1513 1452 1536 ex
1472 1504 1521 1537 liis
1541 1504 1658 1545 figuras
1671 1504 1825 1538 omnibus
1842 1515 1917 1547 quoe
1927 1507 2056 1538 exstant
2070 1507 2166 1539 rebus
2178 1507 2300 1541 similes
2315 1507 2474 1546 efficiunt,

1414 1564 1545 1597 arbusta
1567 1564 1799 1598 adumbrantes
1817 1567 1850 1599 et
1867 1566 1955 1599 viros
1971 1569 2004 1600 et
2024 1567 2159 1600 reminas
2171 1592 2181 1609 ,

1415 1624 1562 1666 ferasque
1577 1625 1610 1657 et
1633 1625 1784 1658 volucres
1805 1615 1903 1668 atque
1920 1627 2081 1668 aquatiles
2098 1627 2222 1669 pisces,

1416 1693 1454 1717 ac
1471 1683 1550 1716 deos
1569 1684 1734 1726 longaevos
1749 1684 1905 1726 dignitate
1921 1686 2045 1718 cunctis
2062 1688 2256 1727 praestantes
2275 1701 2283 1721 ε

1416 1744 1462 1776 sic
1482 1743 1599 1776 mentis
1618 1753 1726 1777 errore
1749 1744 1867 1777 ductus
1885 1753 1924 1777 ne
1941 1745 2109 1779 existimes
2123 1746 2219 1791 aliam
2237 1755 2309 1780 esse

1416 1803 1700 1846 mortalium‚quot
1712 1812 1829 1845 genera
1838 1804 2037 1838 exstiterunt
2047 1805 2476 1849 innumerabilia‚originem,

1415 1862 1470 1895 sed
1491 1864 1580 1896 certo
1599 1862 1679 1896 illud
1698 1865 1807 1896 teneto
1820 1888 1829 1904 ,
1846 1864 1882 1896 ut
1899 1872 1919 1896 a
1939 1863 2000 1896 deo
2021 1864 2080 1897 tibi
2098 1865 2266 1898 traditum.

1646 1964 1664 1982 *st
1939 1965 1959 1983 *
2231 1965 2250 1985 ὑ

1415 2041 1541 2074 Etenim
1554 2043 1587 2075 et
1605 2042 1691 2083 prius
1703 2042 1797 2075 erant
1813 2043 1912 2084 atque
1925 2044 2040 2084 erunt,
2051 2052 2160 2085 neque
2178 2053 2337 2086 unquam,
2347 2045 2476 2087 opinor,

1415 2101 1466 2134 his
1488 2101 1648 2134 ambobus
1663 2100 1829 2134 infinitum
1849 2103 1978 2143 tempus
1992 2102 2130 2135 vacabit.

1646 2202 1664 2220 ἡ
1939 2202 1957 2220 ⁴*
2230 2204 2248 2222 t

1414 2280 1477 2312 Per
1500 2278 1587 2311 vices
1608 2288 1684 2311 vero
1705 2280 1839 2319 regnant
1852 2303 1861 2319 ,
1875 2280 2074 2312 circumacto
2090 2281 2245 2322 temporis
2261 2276 2359 2320 orbe,

1414 2340 1447 2371 ct
1470 2331 1648 2371 vanescunt
1661 2338 1692 2370 in
1712 2347 1747 2370 se
1760 2340 1876 2371 mutuo
1892 2340 1925 2371 et
1945 2342 2095 2371 crescunt
2109 2338 2260 2372 fatalibus
2271 2339 2410 2373 vicibus.

1413 2399 1489 2439 Ipsa
1503 2396 1589 2429 enim
1606 2399 1681 2430 sunt
1694 2398 1750 2430 illa
1762 2422 1771 2438 ,
1786 2398 2001 2430 commeantia
2016 2399 2125 2430 autem
2139 2398 2223 2431 inter
2238 2407 2310 2432 sese

1416 2457 1502 2489 flunt
1519 2457 1669 2489 homines
1689 2459 1720 2489 et
1743 2457 1878 2489 aliarum
1900 2466 2017 2498 genera
2030 2456 2263 2499 animantium,

1416 2516 1514 2548 modo
1531 2525 1589 2558 per
1604 2516 1783 2548 amicitiam
1799 2516 1830 2548 in
1856 2525 1954 2548 unam
1973 2525 2082 2548 rerum
2102 2525 2292 2559 compagem
2306 2517 2476 2557 coeuntia.

1416 2575 1513 2608 modo
1530 2584 1642 2608 rursus
1655 2574 1809 2607 distracta
1831 2575 1957 2616 singula
1974 2576 2039 2608 litis
2055 2577 2282 2617 contentione,

1415 2635 1519 2667 donec
1538 2643 1613 2676 quae
1629 2638 1778 2667 concreta
1796 2636 1926 2667 suerunt
1943 2635 2073 2677 penitus
2092 2635 2336 2669 succubuerint.

1414 2695 1463 2728 Ita
1478 2695 1640 2736 quatenus
1661 2702 1763 2726 unum
1777 2703 1795 2726 e
1813 2694 1959 2735 pluribus
1971 2694 2126 2727 exsistere
2139 2695 2329 2735 consuevit,

1416 2762 1592 2795 rursusque
1602 2777 1612 2795 ‚
1625 2762 1689 2786 uno
1700 2754 1830 2795 dirupto
1843 2778 1852 2794 ,
1867 2753 1961 2795 plura
1975 2753 2181 2795 exoriuntur,

1415 2813 1549 2845 eatenus
1567 2815 1598 2844 et
1614 2814 1792 2844 nascuntur
1805 2815 1841 2845 et
1856 2812 1978 2844 caduco
1993 2813 2071 2845 sunt
2087 2821 2179 2854 «τινος

1415 2874 1573 2914 quatenus
1588 2880 1665 2904 vero
1685 2881 1722 2905 ea
1737 2874 1894 2913 perpetuo
1920 2872 2041 2904 mutari
2058 2881 2121 2904 non
2137 2872 2307 2915 desinunt,

1414 2935 1548 2964 eatenus
1564 2939 1692 2972 semper
1709 2930 1880 2963 immotum
1896 2930 2078 2964 consistunt
2091 2939 2147 2973 per
2162 2931 2286 2964 orbem.

1644 3032 1662 3051 ἡ
1936 3032 1954 3051 *⁸
2186 3014 2189 3016 v
2227 3033 2246 3051 ἡ

1417 3111 1577 3149 Quattuor
1590 3109 1676 3143 enim
1694 3110 1840 3144 omnium
1859 3110 1980 3144 radices
1995 3111 2134 3152 primum
2149 3111 2227 3143 sunt
2243 3122 2251 3143 ε

1415 3170 1544 3212 Jupiter
1566 3170 1708 3203 candens
1730 3173 1762 3203 et
1781 3172 1870 3203 Juno
1892 3169 2001 3203 vitalis
2016 3174 2113 3212 atque
2131 3172 2237 3203 Orcus

1416 3231 1449 3263 et
1468 3229 1573 3263 Nestis
1592 3238 1665 3272 quae
1681 3230 1873 3263 mortalibus
1890 3230 2097 3263 lacrimarum
2114 3230 2234 3262 sontem
2251 3229 2432 3264 humectat.

1416 3289 1473 3322 His
1491 3290 1601 3322 autem
1615 3289 1810 3322 coeuntibus
1828 3288 1913 3332 (ad)
1930 3291 2075 3322 extrema
2093 3289 2228 3322 recessit
2252 3288 2432 3323 Discordia.

1646 3388 1666 3408 ί*
1937 3388 1955 3408 ἡ
2228 3390 2244 3410 Ὠ

1420 3465 1481 3498 Sed
1505 3467 1677 3508 postquam
1698 3465 1866 3499 Discordia
1882 3467 1920 3499 ad
1939 3467 2003 3499 ima
2023 3467 2190 3500 descendit
