2612 3814
291 250 365 285 352

366 332 496 381 ἀγῶνος
526 329 657 380 μεστὴν
679 329 740 368 καὶ
768 328 944 383 φροντίδος
981 329 1148 377 κέκτηται
1204 329 1267 377 τὴν
1295 329 1330 368 δὲ

368 389 562 441 ἀποτυχίην
585 389 813 442 ἀνυπέρθετον
833 388 952 441 ἑτέρην
975 388 1114 436 ὀδύνην.

418 447 552 498 (Stub.
576 447 681 488 Flor.
707 446 872 495 LXXVI,
897 448 979 497 13.)

290 520 354 548 158.
371 504 490 559 ’Ότεῳ
514 505 687 558 χρήματά
703 507 799 556 ἐστι,
819 507 930 544 παῖδα
951 504 1168 553 ποιήσασθαι
1195 505 1232 543 ἐκ
1264 505 1331 541 τῶν

366 564 475 618 φίλων
496 566 573 616 ἐμοὶ
591 564 703 604 δοκέει
730 564 870 615 ἄμεινον
897 558 996 602 εἶναι·
1017 563 1077 601 καὶ
1095 565 1143 615 τῷ
1168 562 1231 613 μὲν
1251 565 1333 606 παῖς

365 622 463 663 ἔσται
477 627 643 672 τοιοῦτος,
660 618 730 663 οἷον
746 622 788 661 ἂν
812 623 992 675 βούληται·
1013 622 1085 660 ἔστι
1107 622 1174 674 γὰρ
1195 621 1335 666 ἐκλέξα-

366 685 447 721 σθαι
466 676 534 720 οἶον
557 682 685 731 ἐθέλει,
704 682 764 721 καὶ
789 682 823 725 ὃς
849 682 889 719 ἂν
908 680 1009 734 δοκέῃ
1034 680 1226 726 ἐπιτήδειος
1246 674 1334 718 εἶναι

368 741 428 780 καὶ
445 741 599 792 μάλιστα
620 740 711 779 κατὰ
726 740 827 794 φύσιν
845 738 986 787 ἕπηται.
1011 739 1083 778 Καὶ
1098 743 1198 778 τοῦτο
1213 741 1336 777 τοσοῦ-

367 816 426 838 τον
447 800 621 853 διαφέρει,
637 798 716 838 ὅσον
730 802 876 838 ἐνταῦθα
897 799 960 850 μὲν
982 797 1055 838 ἔστι
1075 798 1132 837 τὸν
1147 798 1257 837 παῖδα
1271 801 1336 838 λα-

370 858 461 902 ὅέειν
476 858 689 909 καταθύμιον
710 861 749 898 ἐκ
764 859 902 897 πολλῶν
924 860 991 896 τῶν
1010 856 1050 895 ἂν
1070 857 1143 910 δέῃ·
1163 856 1203 904 ἢν
1225 857 1261 896 δέ
1281 873 1334 902 τις

367 917 528 964 ποιέηται
547 917 616 956 ἀπὸ
633 919 772 965 ἑωυτοῦ,
785 916 908 955 πολλοὶ
928 915 1032 955 ἔνεισι
1047 916 1212 956 κίνδυνοι·
1226 917 1335 969 ἀνάγ-

366 993 410 1025 κη
429 977 509 1030 γάρ,
531 976 566 1021 ὃς
580 976 622 1015 ἂν
637 977 798 1028 γένηται,
813 976 924 1030 τούτῳ
943 976 1121 1030 χρέεσθαι.

423 1035 557 1089 (5101).
582 1035 872 1086 F101·.1.xxvt‚
894 1035 974 1087 16.)

504 1151 608 1213 Περὶ
633 1151 765 1213 νόμιον
793 1151 862 1196 καὶ
887 1150 1117 1204 πολιτηΐης.

291 1279 355 1306 189.
372 1266 484 1318 Νόμῳ
501 1265 561 1304 καὶ
583 1265 727 1318 ἄρχοντι
755 1266 815 1305 καὶ
840 1266 1027 1321 σοφωτέρῳ
1047 1266 1151 1306 εἴκειν
1172 1267 1334 1319 κόσμιον.

423 1323 553 1377 (Stob.
574 1324 676 1364 Flor.
699 1324 745 1373 V,
765 1325 851 1378 23.)

292 1397 355 1423 190.
377 1385 536 1436 Τελευτᾷ
557 1382 624 1436 γὰρ
648 1384 694 1427 εἷς
714 1383 918 1431 κακοδοξίην
939 1384 1051 1432 κακὴν
1068 1387 1086 1423 ὃ
1102 1385 1332 1438 παρεκτεινό-

369 1458 468 1492 μενος
483 1445 533 1494 τῷ
553 1444 725 1495 κρέσσονι.

423 1502 558 1555 (Stob.
577 1501 679 1540 Flor.
699 1501 825 1550 XXII,
846 1508 910 1548 42.
929 1503 940 1555 )

292 1574 356 1600 1οη
376 1560 471 1600 Φύσι
488 1560 526 1598 τὸ
546 1559 665 1613 ἄρχειν
679 1561 810 1609 οἷκήῖον
831 1563 882 1614 τῷ
899 1560 1071 1613 κρέσσονι.

424 1619 556 1673 (Stob.
576 1620 678 1658 Flor.
695 1620 850 1668 XLVII,
879 1621 967 1672 19.)

290 1693 352 1718 192.
375 1679 539 1719 Χαλεπὸν
561 1679 730 1733 ἄρχεσθαι
754 1680 822 1719 ὑπὸ
834 1679 1020 1732 χερείονος.

419 1738 692 1788 (Democrates
707 1750 766 1790 ap.
790 1737 910 1776 Orell.
929 1751 968 1778 n.
995 1738 1056 1777 15.
1074 1737 1084 1790 )

287 1809 352 1835 19-3.
374 1798 401 1835 Κ
410 1796 529 1849 ρέσσον
549 1797 719 1849 ἄρχεσθαι
741 1797 830 1835 τοῖσι
850 1796 1048 1844 ἀνοήτοισι,
1069 1797 1092 1845 ἢ
1113 1796 1251 1851 ἄρχειν.

419 1854 546 1908 (Stob.
567 1855 671 1894 Flor.
688 1855 822 1904 XLIV,
849 1857 930 1906 14.)

284 1927 348 1954 191,
367 1913 475 1961 Δίκης
496 1913 557 1952 καὶ
571 1915 696 1967 ἀρετῆς
713 1914 881 1967 μεγίστην
903 1914 1043 1968 μετέχει
1063 1921 1187 1970 μοῖραν
1205 1916 1336 1968 ὃτιμὰς

366 1971 462 2017 ἀξίας
479 1972 636 2022 τάμνων.

419 2030 547 2083 (Stob.
569 2030 673 2069 Flor.
697 2030 830 2080 XLVI,
855 2031 945 2084 45.)

289 2103 353 2129 195.
374 2088 473 2128 Ἀλλ’
491 2087 563 2142 οἶγε
583 2090 669 2142 πρὸς
689 2090 829 2129 ἔπαινον
849 2091 907 2129 καὶ
929 2090 1027 2136 δόξαν
1054 2091 1161 2135 οὕτως
1183 2091 1335 2145 ἔχοντες,

286 2237 398 2278 cedat,
417 2238 553 2270 multum
568 2247 724 2271 aerumnae
739 2241 771 2272 et
795 2248 945 2271 curarum
965 2239 1082 2281 habet,
1097 2240 1123 2272 si
1138 2241 1235 2281 male,
1256 2240 1336 2273 alios

277 2296 412 2330 ,dotores
431 2296 630 2330 inevitabiles
646 2297 740 2339 parit.

330 2358 399 2389 188.
418 2355 482 2394 Qui
502 2355 622 2388 divitiis
635 2356 750 2397 affluit,
769 2357 796 2389 is
809 2357 925 2390 melius
938 2357 1016 2390 mihi
1035 2357 1164 2390 videtur
1182 2357 1336 2399 facturus,

286 2414 312 2446 si
335 2414 428 2447 amici
447 2413 582 2455 alicujus
599 2414 702 2448 filium
713 2415 772 2448 sibi
789 2415 932 2457 adoptat.
953 2417 1060 2458 Atque
1075 2416 1150 2449 huic
1166 2418 1237 2449 tum
1249 2416 1336 2450 filius

287 2473 358 2512 erit,
376 2473 504 2513 qualem
518 2473 666 2507 voluerit.
682 2474 772 2507 Licet
790 2474 875 2507 enim
892 2475 1020 2516 eligere,
1036 2475 1165 2517 qualem
1178 2464 1338 2511 desideret

287 2534 319 2563 et
338 2531 395 2572 qui
411 2531 543 2564 idoneus
564 2532 770 2574 maximeque
785 2534 901 2566 natura
914 2533 956 2566 ad
971 2533 1185 2567 obedientiam
1201 2543 1337 2576 propen-

286 2596 342 2620 sus
363 2588 519 2622 videatur.
545 2591 721 2624 Discrimen
738 2595 846 2625 autem
868 2592 899 2625 iu
922 2593 984 2625 hoc
999 2594 1141 2634 positum
1158 2596 1227 2634 est,
1247 2594 1336 2636 quod

286 2646 451 2688 adoptanti
472 2647 548 2681 licet
567 2648 668 2682 filium
688 2658 726 2683 ex
740 2650 807 2692 illa,
823 2660 888 2693 qua
912 2651 963 2693 (ad
981 2651 1177 2695 eligendum)
1192 2662 1273 2694 opus
1285 2654 1334 2687 est

287 2705 504 2748 multitudine,
525 2716 566 2739 ex
592 2707 691 2740 animi
717 2709 873 2742 sententia
901 2719 1041 2752 sumere,
1062 2711 1204 2752 gignenti
1231 2711 1335 2745 multa

287 2764 457 2798 imminent
471 2759 621 2808 pericula,
647 2777 749 2809 quum
767 2769 876 2811 talem,
894 2770 998 2812 qualis
1022 2774 1117 2804 natus
1136 2771 1194 2813 sit,
1213 2771 1332 2805 habere

287 2831 416 2856 necesse
429 2824 482 2857 sit.

493 2938 552 2980 De
571 2936 749 2994 legibus
779 2953 831 2984 ac
855 2939 912 2984 de
939 2941 1134 2986 civitate.

330 3064 401 3096 189.
423 3064 522 3097 Decet
538 3073 597 3098 nos
610 3065 669 3108 legi
682 3067 716 3101 et
727 3066 898 3110 imperanti
917 3070 950 3103 et
966 3070 1151 3112 sapientiori
1167 3070 1293 3104 cedere.

331 3124 403 3155 190.
423 3123 516 3156 Subit
533 3124 697 3159 infamiam
714 3127 770 3169 qui
789 3137 864 3162 cum
880 3130 1046 3171 superiore
1062 3130 1240 3163 contendit.

333 3183 402 3213 191,
423 3182 584 3222 Imperare
600 3186 713 3217 natura
729 3187 893 3228 proprium
911 3189 960 3221 est
976 3188 1204 3230 praestantiori.

331 3240 403 3270 192.
426 3239 582 3273 Deteriori
604 3251 714 3283 parere
727 3244 844 3278 durum
866 3250 928 3279 est.

330 3299 400 3329 193.
419 3298 610 3338 Insipientes
627 3300 696 3334 aliis
715 3311 824 3344 parere
841 3305 989 3346 praestat,
1008 3314 1105 3346 quam
1123 3304 1293 3346 imperare.

331 3357 399 3389 194.
415 3356 556 3390 Justitioe
581 3360 614 3392 et
643 3360 771 3395 virtutis
801 3364 974 3396 maximam
1003 3365 1126 3405 partem
1151 3363 1250 3397 habet
1279 3364 1335 3406 qui

287 3412 421 3447 honores
439 3415 553 3448 tribuit
569 3416 689 3450 honore
705 3418 818 3460 dignis.

330 3476 398 3505 195.
422 3475 583 3507 Caeterum
597 3476 652 3517 qui
667 3476 728 3510 hoc
742 3477 836 3511 modo
844 3480 920 3512 sunt
932 3489 1006 3521 erga
1019 3480 1147 3514 laudem
1158 3481 1190 3513 et
1199 3479 1331 3522 gloriam

1038 241 1317 281 DEMOCRlTl
1349 238 1689 280 FRAGMENTA.

1477 322 1531 380 ἆρ’
1551 328 1617 380 οὐχ
1640 328 1847 377 ὁμολογοῦσι
1866 326 2022 378 μεγάλας
2042 327 2167 375 ἡδονὰς
2186 323 2381 381 προΐεσθαι,
2398 329 2444 367 δι’

1477 385 1656 425 ἀσθένειαν
1669 383 1692 432 ἢ
1711 384 1888 435 μαλακίαν
1904 385 2087 439 φεύγοντες
2102 386 2212 439 ἀρχὰς
2226 386 2250 434 ἢ
2269 387 2446 432 πολιτείας

1474 447 1534 484 καὶ
1550 444 1665 497 φιλίας
1688 443 1878 496 βασιλέων,
1906 447 1964 499 ἀφ’
1985 439 2033 484 ὧν
2053 445 2097 484 τὰ
2126 446 2266 499 μεγάλα
2287 446 2381 486 καλὰ
2397 448 2446 491 εἰς

1473 505 1530 544 τὸν
1548 503 1621 556 βίον
1640 502 1795 555 γίνεσθαι
1811 502 1876 557 ἔφη
1897 504 2132 557 Δημόκριτος.

1531 562 1754 612 (Plutarch.
1777 575 1871 614 opp.
1895 563 2036 602 moral.
2060 577 2099 616 p.
2138 577 2264 615 1100,
2295 564 2380 603 vol.
2411 564 2445 604 X

1474 637 1513 674 p.
1536 622 1610 660 525
1631 621 1691 660 ed.
1715 620 1870 673 Reisk.)

1401 695 1463 720 tor».
1483 681 1561 720 Οὐκ
1578 679 1620 718 ἂν
1640 679 1790 718 ἐκώλυον
1810 681 1842 718 οἱ
1863 679 1964 730 νόμοι
1988 682 2049 733 ζῇν
2079 679 2227 720 ἕκαστον
2253 682 2333 720 κατ’
2352 681 2443 728 ἰδίην

1477 738 1648 787 ἐξουσίην,
1671 740 1700 777 εἷ
1733 737 1782 788 μὴ
1810 737 1925 792 ἕτερος
1944 738 2060 790 ἕτερον
2076 741 2291 792 ἐλυμαίνετο·
2323 741 2444 792 φθόνος

1475 799 1542 854 γὰρ
1562 798 1703 840 στάσιος
1726 795 1838 849 ἀρχὴν
1859 796 2106 849 ἀπεργάζεται.

1541 855 1671 907 (Stob.
1693 855 1792 894 Flor.
1806 854 2018 904 XXXVIII,
2036 857 2104 905 57.
2127 857 2271 896 Anton.
2287 866 2324 896 et
2339 857 2443 900 Max.

1475 928 1516 966 p.
1537 914 1644 967 408.)

1400 986 1464 1013 197.
1482 974 1528 1014 ‘0
1558 974 1660 1025 νόμος
1681 974 1842 1026 βούλεται
1871 972 1934 1023 μὲν
1956 973 2163 1025 εὐεργετέειν
2203 975 2277 1027 βίον
2308 973 2449 1027 ἀνθρώ-

1477 1048 1565 1071 πων·
1586 1033 1731 1072 δύναται
1753 1030 1809 1080 δέ,
1825 1030 1908 1070 ὅταν
1941 1032 2040 1071 αὗτοὶ
2066 1032 2258 1084 βούλωνται
2282 1032 2447 1086 πάσχειν·

1478 1095 1569 1132 τοῖσι
1608 1093 1675 1145 γὰρ
1704 1091 1941 1143 πειθομένοισι
1967 1091 2031 1140 τὴν
2060 1091 2151 1141 ἰδίην
2189 1091 2315 1145 ἀρετὴν
2344 1093 2450 1132 ἐνδεί-

1477 1167 1613 1192 κνυται.

1535 1210 1671 1261 (Stob.
1694 1211 1797 1250 Flor.
1818 1210 1962 1261 XLIII,
1987 1211 2070 1261 33.)

1401 1284 1465 1310 198.
1483 1270 1574 1314 Ταῖς
1594 1272 1661 1308 τῶν
1682 1273 1813 1323 καιρῶν
1838 1269 2051 1321 μεταὸολαῖς
2070 1269 2129 1308 καὶ
2144 1271 2175 1309 οἱ
2192 1270 2325 1325 σφόδρα
2345 1270 2448 1309 δυνα-

1476 1327 1529 1366 τοὶ
1550 1330 1617 1367 τῶν
1639 1327 1893 1381 ἀσθενεστέρων
1914 1327 2036 1371 ἐνδεεῖς
2055 1327 2222 1379 γίνονται.

1533 1386 1700 1440 (Anton.
1719 1396 1756 1426 et
1770 1387 1873 1426 Max.
1897 1401 1934 1439 p.
1952 1387 2071 1438 806.)
2238 1432 2241 1435 ,

1402 1459 1464 1485 199.
1487 1445 1572 1485 Ἀπὸ
1584 1445 1746 1497 ὁμονοίης
1757 1445 1801 1484 τὰ
1818 1447 1956 1498 μεγάλα
1969 1445 2054 1498 ἔργα
2071 1445 2131 1484 καὶ
2141 1448 2224 1499 τῇσι
2239 1445 2358 1486 πόλισι
2371 1444 2449 1490 τοὺς

1478 1504 1654 1556 πολέμους
1677 1504 1822 1544 δυνατὸν
1844 1504 2133 1558 κατεργάζεσθαι,
2153 1505 2267 1549 ἄλλως
2284 1506 2316 1544 δ’
2335 1505 2390 1546 οὗ.

1531 1563 1666 1612 (Stob.
1686 1563 1790 1604 Flor.
1807 1563 1951 1612 XLIII,
1972 1564 2065 1615 4ο.)

1397 1634 1463 1660 200.
1485 1621 1617 1665 Στάσις
1647 1621 1811 1676 ἐμφύλιος
1837 1624 1871 1666 ἐς
1897 1622 2048 1676 ἑκάτερα
2077 1620 2199 1661 κακόν·
2225 1622 2288 1662 καὶ
2312 1621 2380 1676 γὰρ
2396 1638 2450 1662 νι-

1480 1679 1599 1719 κέουσι
1618 1681 1679 1719 καὶ
1698 1680 1936 1732 ἡσσωμένοισι
1953 1680 2056 1731 ὁμοίη
2076 1679 2202 1735 φθορή.

1536 1740 1673 1793 (Stob.
1693 1741 1800 1782 Flor.
1818 1740 1959 1793 XLIII,
1981 1739 2069 1793 34.)

1397 1812 1465 1838 201.
1487 1798 1683 1852 Φρονήσιος
1702 1798 1816 1853 ἔργον,
1840 1800 2036 1850 μέλλουσαν
2058 1798 2196 1847 ἀδικίην
2215 1797 2447 1852 φυλάξασθαι,

1478 1858 1695 1911 ἀναλγησίης
1715 1859 1775 1911 δέ,
1793 1859 1856 1907 τὴν
1878 1858 2068 1912 γενομένην
2086 1857 2136 1911 μὴ
2154 1859 2368 1910 ἀμύνασθαι.

1533 1917 1665 1969 (Stob.
1689 1918 1792 1958 Flor.
1811 1918 1885 1970 III,
1909 1917 2001 1972 51.)
2382 1922 2390 1925 ’

1397 1989 1463 2016 202.
1481 1976 1751 2028 Ἀδικεομένοισι
1785 1975 1971 2030 τιμωρέειν
2001 1975 2094 2016 κατὰ
2126 1975 2274 2028 δύναμιν
2298 1975 2369 2029 χρὴ
2391 1975 2450 2014 καὶ

1477 2034 1527 2086 μὴ
1548 2035 1724 2087 παριέναι·
1736 2035 1776 2074 τὸ
1793 2036 1856 2087 μὲν
1869 2035 1937 2090 γὰρ
1956 2039 2108 2075 τοιοῦτον
2134 2035 2265 2074 δίκαιον
2284 2035 2344 2074 καὶ
2363 2036 2449 2085 ἀγα-

1479 2093 1535 2132 θόν
1548 2124 1557 2141 ,
1580 2095 1620 2133 τὸ
1639 2094 1675 2133 δὲ
1698 2094 1748 2145 μὴ
1769 2099 1920 2135 τοιοῦτον
1941 2095 2059 2134 ἄδικον
2080 2093 2142 2134 καὶ
2163 2093 2287 2133 κακόν.

1398 2242 1518 2281 affecti,
1544 2252 1649 2276 nonne
1677 2243 1817 2276 fatentur
1846 2252 1882 2275 se
1907 2252 2039 2284 magnas
2055 2243 2217 2275 dimittere
2242 2242 2450 2283 voluptates,

1397 2302 1476 2334 dum
1495 2302 1537 2334 ob
1558 2302 1808 2335 imbecillitatem
1828 2302 1876 2335 vel
1897 2302 2064 2334 mollitiem
2083 2302 2209 2342 rugiunt
2231 2300 2449 2342 magistratus,
2496 2324 2498 2326 v

1399 2361 1582 2403 reipublicae
1614 2361 1890 2403 gubernationem,
1920 2361 2080 2394 amicitias
2113 2370 2224 2402 regum
2252 2369 2262 2393 t
2294 2359 2453 2402 aquibus

1398 2420 1494 2453 rebus
1522 2429 1635 2461 magna
1660 2421 1744 2453 bona
1770 2421 1802 2454 in
1837 2421 1938 2453 vitam
1959 2420 2134 2454 humanam
2160 2418 2341 2453 redundare
2365 2418 2451 2452 dixit

1399 2479 1613 2512 Democritus.

1441 2543 1512 2573 196.
1534 2541 1632 2580 Leges
1657 2549 1719 2573 non
1746 2539 1950 2582 prohiberent
1973 2539 2116 2581 singulos
2146 2549 2205 2582 pro
2229 2540 2366 2574 arbitrio
2392 2549 2452 2574 sno

1398 2600 1524 2638 vivere,
1551 2599 1613 2632 nisi
1643 2599 1722 2632 alter
1753 2599 1792 2631 ad
1819 2599 1969 2640 injuriam
2001 2599 2093 2632 alteri
2129 2598 2329 2632 inferendam
2365 2602 2451 2633 esset

1396 2657 1557 2698 proclivis.
1579 2657 1705 2690 Etenim
1720 2657 1840 2690 invidia
1854 2657 2020 2690 seditionis
2033 2657 2117 2699 parit
2140 2657 2283 2690 initium.

1440 2717 1511 2748 197.
1527 2717 1593 2748 Lex
1614 2715 1782 2748 hominum
1800 2715 1898 2748 vitam
1917 2714 2080 2748 beneficiis
2092 2723 2208 2748 ornare
2223 2714 2314 2755 vult,
2335 2713 2369 2747 id
2391 2722 2451 2746 au·

1397 2775 1462 2807 tem
1483 2776 1634 2816 praestare
1650 2775 1773 2816 potest,
1792 2774 1818 2807 si
1841 2774 1900 2815 ipsi
1924 2783 1962 2807 ea
1981 2773 2127 2815 accipere
2148 2773 2309 2806 voluerint
2332 2782 2341 2803 ε
2369 2772 2450 2806 obe·

1397 2833 1560 2866 dientibus
1577 2833 1662 2866 enim
1681 2834 1747 2866 vim
1767 2835 1799 2866 et
1816 2834 1967 2866 virtutem
1980 2841 2071 2865 suam
2084 2831 2235 2865 ostendit.

1441 2895 1511 2925 198.
1533 2894 1728 2933 'temporum
1743 2891 1974 2924 mutationibus
1987 2890 2040 2931 tit,
2066 2893 2103 2922 ut
2116 2890 2212 2923 etiam
2227 2889 2321 2922 valde
2336 2891 2450 2931 poten-

1395 2952 1445 2985 tes
1460 2950 1672 2983 infirmiorum
1689 2950 1808 2982 auxilio
1820 2950 1998 2990 indigeant.

1441 3014 1511 3044 199.
1538 3009 1718 3043 Concordia
1731 3017 1805 3041 cum
1829 3009 1901 3041 aliae
1917 3017 1969 3041 res
1989 3016 2114 3049 magnae
2130 3007 2212 3048 geri,
2231 3008 2303 3040 tum
2327 3016 2345 3039 a
2369 3007 2451 3039 civi-

1397 3068 1515 3102 tatibus
1531 3069 1613 3102 bella
1627 3067 1739 3100 confici
1762 3068 1895 3110 possunt
1909 3079 1919 3108 ;
1940 3075 2033 3100 secus
2045 3091 2055 3107 ,
2078 3066 2341 3107 haudquaquam.

1439 3132 1511 3161 200.
1537 3127 1658 3162 seditio
1669 3127 1846 3160 domestica
1860 3126 1988 3167 utrique
2006 3126 2089 3167 parti
2111 3127 2204 3158 nocet
2216 3136 2226 3166 ;
2240 3133 2313 3157 nam
2328 3127 2361 3158 et
2381 3125 2450 3156 vin·

1396 3189 1505 3219 centes
1518 3188 1551 3219 et
1564 3186 1666 3218 victos
1683 3185 1794 3218 eadem
1816 3184 1991 3225 pessundat
2012 3183 2179 3224 pernicies.

1440 3248 1513 3278 201.
1537 3244 1721 3278 Prudentiae
1741 3245 1789 3276 est
1804 3243 1943 3275 futuram
1961 3241 2112 3283 injuriam
2133 3249 2328 3283 praecavere,
2354 3239 2447 3272 indu-

1397 3304 1502 3337 lentiae
1515 3312 1592 3337 vero
1607 3303 1728 3336 illatam
1749 3311 1811 3335 non
1825 3302 1948 3334 ulcisci.

1440 3365 1514 3395 202.
1537 3361 1693 3403 Iniuriam
1714 3360 1870 3402 patientes
1893 3369 1950 3401 pro
1967 3356 2089 3392 vii-ibus
2112 3362 2187 3391 sunt
2209 3356 2400 3392 defendendi
2417 3359 2449 3390 et

1397 3421 1528 3454 minime
1550 3419 1751 3462 negligendi:
1767 3419 1829 3451 hoc
1844 3419 1929 3452 enim
1947 3419 2073 3460 justum
2097 3422 2128 3451 et
2142 3419 2262 3451 bonum
2283 3420 2353 3457 est,
2368 3424 2445 3449 con-

1397 3480 1530 3514 trarium
1554 3489 1630 3513 vero
1645 3478 1799 3520 injustum
1817 3479 1848 3511 et
1862 3478 1994 3510 malum.
