2612 3814
948 257 1006 296 IN
1039 256 1270 297 AUREUM
1307 257 1541 298 CARMEN.

150 348 326 404 ὄρθοδοξία
345 365 396 393 τις
421 346 603 400 ἐνυπάρχῃ
633 348 678 398 τῇ
695 347 821 399 λογικῇ
841 345 956 398 οὐσίᾳ.
1013 343 1107 385 Οὔτε
1138 343 1206 398 γὰρ

149 415 220 455 τοῖς
237 407 435 463 κρείττοσιν
455 406 600 446 ἕπεσθαι
623 406 788 452 δύναται,
809 407 855 448 ὡς
876 404 1072 458 κρείττοσιν
1087 434 1097 452 ,
1114 404 1207 442 ἀλλὰ

150 470 198 513 ὡς
226 467 294 507 ὑπὸ
316 467 494 520 τυράννων
519 464 720 518 βιαζόμενος
747 463 1012 511 ὃιατεθήσεται·
1033 462 1111 502 οὔτε
1138 465 1206 502 τῶν

151 526 334 574 συζώντων
346 524 448 576 λόγον
465 523 544 563 τινὰ
563 522 772 571 ποιήσεται,
787 522 866 562 οὔτε
883 522 1064 575 σώματος,
1080 521 1208 575 ἢχρη·

152 585 274 636 μάτων
294 582 356 631 τὴν
388 583 533 636 ἀρίστην
564 581 766 634 οἰκονομίαν
791 580 988 635 ἐξευρήσει,
1017 581 1210 634 ἀλογίστως

151 643 245 697 ἔχειν
265 642 387 682 ἑαυτὸν
402 640 531 686 ἐθίσας,
587 639 685 694 “Ope
706 640 773 693 γὰρ
788 639 841 679 ὅτι
855 642 886 679 οἱ
906 639 940 686 ἐξ
958 640 1111 685 ἅπαντος
1132 640 1210 693 φεύ-

150 718 267 755 γοντες
286 701 343 740 τὸν
365 701 532 749 θάνατον,
560 700 582 748 ἢ
604 699 650 739 τὰ
666 701 840 753 χρήματα
862 707 981 754 τηρεῖν
1001 703 1210 753 ἐπιθυμοῦν-

149 777 227 811 τες,
247 762 395 805 πολλαῖς
415 760 449 806 ἐξ
473 761 630 814 ἀνάγκης
658 760 808 804 ἀδικίαις
819 760 1015 814 χρήσονται
1034 760 1095 800 καὶ
1112 762 1206 812 βλα-

151 820 342 874 σφημίαις,
370 819 544 873 ἀρώμενοι
573 819 636 870 μὲν
658 817 753 858 κατὰ
778 821 865 858 θεῶν
895 817 1042 869 ἀνόσια,
1064 819 1125 857 καὶ
1156 818 1206 869 μὴ

150 883 374 933 προνοεῖσθαι
396 878 614 932 φάσκοντες,
638 876 779 916 ἐπειδὰν
800 877 1039 931 περιπέσωσιν
1060 872 1109 922 οἷς
1130 879 1209 916 ἀνο·

147 938 244 988 ήτως
263 938 408 992 ἔφευγον
421 968 431 986 ,
454 939 608 990 ἀφειδῶς
623 936 658 976 δὲ
672 937 751 982 τοὺς
773 937 901 983 ἄλλους
921 938 1117 981 ἀδικοῦντες
1128 969 1137 985 ,
1151 937 1211 976 καὶ

150 997 196 1037 τὰ
212 996 355 1037 πάντων
377 997 546 1050 ἀθροίζειν
566 996 778 1049 πειρώμενοι
796 995 883 1049 πρὸς
898 995 937 1035 τὸ
960 998 1094 1040 ἑαυτοῖς
1113 997 1212 1035 λυσι«

151 1056 270 1107 τελές,
289 1058 334 1102 ὡς
353 1057 499 1097 οἴονται,
561 1056 633 1096 Καὶ
652 1056 762 1100 οὕτως
782 1055 937 1111 ἐκφανὴς
960 1058 984 1103 ἡ
1003 1058 1066 1102 τῆς
1085 1057 1210 1109 ψευδο·

152 1115 267 1162 δοξίας
296 1117 331 1154 ἐν
352 1117 466 1161 αὐτοῖς
490 1116 623 1168 γίνεται
651 1115 793 1168 βλάὸη,
819 1117 867 1160 ὥς
892 1115 938 1154 τὰ
959 1114 1110 1167 μέγιστα
1141 1117 1211 1153 τῶν

151 1177 271 1216 κακῶν
297 1174 547 1214 ἓκὸλαστάνειν
559 1190 568 1200 ·
605 1174 745 1214 ἀδικίαν
764 1174 828 1226 μὲν
847 1174 936 1229 πρὸς
955 1173 1035 1218 τοὺς
1054 1173 1211 1224 ὁμοίους,

153 1233 366 1281 ἀνοσιότητα
397 1233 434 1272 δὲ
454 1234 539 1287 πρὸς
566 1233 646 1277 τοὺς
674 1233 891 1289 κρείττονας.
949 1226 1021 1272 ’Ὧν
1041 1234 1215 1286 καθαρεύ-

152 1308 242 1333 σειεν
263 1291 303 1332 ἂν
325 1295 343 1331 ὁ
362 1299 434 1336 τοῖς
463 1291 706 1345 προκειμένοις
726 1292 860 1345 στίχοις
877 1290 1102 1343 πειθόμενος,
1125 1293 1143 1330 ὁ
1169 1295 1213 1345 τῇ

151 1352 343 1406 εὐλογίστῳ
362 1351 476 1406 κρίσει
494 1351 554 1391 τὸν
574 1351 723 1391 θάνατον
736 1351 903 1404 γενναίως
923 1351 1107 1403 ὑπομένων
1121 1381 1132 1400 ,
1152 1351 1212 1390 καὶ

150 1411 215 1461 τὴν
233 1414 304 1452 τῶν
323 1412 519 1466 χρημάτων
533 1410 714 1460 ἀποὸολὴν
729 1413 792 1452 οὐκ
806 1411 981 1465 ἀφόρητον
1001 1411 1210 1463 ἡγούμενος.

152 1471 216 1519 Ἐξ
230 1465 279 1512 ὧν
300 1471 361 1512 καὶ
390 1471 477 1524 πρὸς
506 1470 730 1519 δικαιοσύνην
752 1470 916 1526 ἀφορμὰς
941 1470 1141 1523 λαμὸάνει,
1167 1472 1214 1511 ὡς

153 1531 224 1572 δέοι
245 1535 314 1571 τῶν
336 1530 532 1585 ἀλλοτρίων
554 1530 775 1584 ἀπέχεσθαι,
794 1530 856 1570 καὶ
876 1531 1046 1584 βλάπτειν
1067 1530 1213 1581 μηδένα,

154 1590 245 1645 μηδὲ
264 1590 437 1644 ὠφέλειαν
456 1593 583 1630 ἑαυτοῦ
608 1591 672 1635 τὰς
689 1592 759 1629 τῶν
785 1590 901 1629 ἄλλων
922 1591 1098 1629 ποιεῖσθαι
1120 1605 1214 1642 συμ-

2249 267 2329 301 435

1271 345 1393 399 φοράς.
1452 345 1603 386 Τούτων
1643 346 1679 385 δὲ
1712 346 1810 385 οὒδὲν
1829 348 1983 400 τηρῆσαι
2013 346 2155 392 δυνατὸς
2186 347 2288 386 ἔσται
2314 349 2333 386 ὁ

1271 405 1398 453 θνητὴν
1416 405 1679 457 ὓπολαμὸάνων
1696 399 1784 445 εἶναι
1799 405 1862 452 τὴν
1881 408 2005 444 ἑαυτοῦ
2020 406 2139 459 ψυχήν
2150 437 2161 456 ,
2176 407 2236 445 καὶ
2252 409 2332 447 ἀλο-

1270 463 1399 516 γίστως
1427 462 1520 517 ἔχειν
1550 463 1672 503 ἑαυτὸν
1702 463 1839 515 ἐθίσας,
1864 464 1898 503 τί
1919 463 1982 515 μέν
2016 466 2089 502 ἐστι
2116 465 2155 503 τὸ
2178 467 2333 513 ἀποθνῆ-

1273 538 1355 562 σκον
1371 525 1473 574 ἡμῶν
1489 524 1663 574 μηδαμῶς
1676 523 1908 575 λογιζόμενος,
1928 522 2035 562 καὶτὸ
2048 527 2118 562 τῶν
2137 525 2335 576 χρημάτων

1274 583 1435 633 δεόμενον
1447 614 1460 634 ,
1479 582 1513 621 τί
1532 583 1567 622 δὲ
1585 581 1624 621 τὸ
1645 584 1774 621 ἀσκοῦν
1792 581 1856 630 τὴν
1875 581 2001 635 ἀρετήν
2016 611 2027 632 ,
2048 582 2108 621 καὶ
2128 582 2167 621 τὸ
2191 584 2229 621 ἐκ
2248 584 2333 623 ταύ-

1273 659 1333 690 της
1367 642 1625 696 ὠφελούμενον.
1685 643 1788 690 Μόνη
1825 641 1893 694 γὰρ
1935 645 1956 688 ἦ
1995 641 2129 680 τούτων
2161 642 2334 695 διάκρισις

1273 702 1471 756 προθυμίαν
1497 705 1544 747 εἷς
1567 705 1691 756 ἀρετῆς
1712 701 1861 748 ἄσκησιν
1883 700 1924 739 ἂν
1951 703 2154 754 παράσχοι,
2169 701 2229 740 καὶ
2248 703 2335 754 πρὸς

1273 763 1337 810 τὴν
1359 766 1429 802 τῶν
1467 764 1586 802 καλῶν
1607 766 1732 810 κτῆσιν
1758 760 1967 814 ἐπεγείρειεν
2000 766 2023 810 ἡ
2054 763 2094 800 ἐκ
2113 764 2174 799 τοῦ
2194 763 2338 812 γνῶθι

1275 823 1470 863 σεαυτὸν
1507 823 1567 862 καὶ
1606 821 1821 875 αἷσχύνεο
1861 821 2023 861 σαυτὸν
2075 823 2187 865 ἔνθεος
2222 823 2330 874 ὁρμή.

1276 883 1371 935 Πρὸς
1390 882 1459 935 γὰρ
1482 882 1547 930 τὴν
1574 882 1750 934 ἡμετέραν
1773 881 1873 927 ἀξίαν
1892 881 1952 920 καὶ
1971 880 2017 920 τὰ
2036 882 2105 919 τῶν
2131 880 2249 920 ἄλλων
2271 897 2339 919 κα-

1276 942 1436 989 θήκοντα
1462 944 1767 996 παραμετρεῖσθαι
1788 942 1840 980 δεῖ
1859 942 1893 980 ἓν
1915 942 2026 993 ἔργοις
2049 945 2087 978 τε
2121 939 2182 979 καὶ
2207 939 2338 993 λόγοις.

1277 1000 1322 1040 Ἣ
1343 1000 1379 1040 δὲ
1396 1003 1465 1040 τῶν
1480 1000 1706 1048 καθηκόντων
1722 999 1869 1053 τήρησις
1884 998 2116 1051 ἀπαράὸατος
2133 998 2338 1045 δικαιοσύνη

1275 1059 1316 1098 ἂν
1338 1060 1410 1108 εἴη·
1433 1059 1484 1098 διὸ
1514 1062 1574 1099 καὶ
1593 1059 1830 1113 προτέτακται
1858 1061 1927 1098 τῶν
1949 1058 2066 1097 ἄλλων
2095 1060 2229 1111 ἀρετῶν
2246 1087 2258 1108 ,
2280 1056 2340 1096 ἵνα

1275 1121 1343 1157 τῶν
1376 1118 1603 1166 καθηκόντων
1634 1118 1782 1170 γένηται
1811 1117 1953 1170 μέτρον.
2030 1116 2341 1163 Δικαιοσύνην

1274 1178 1357 1230 γάρ,
1379 1193 1506 1231 φησιν,
1537 1177 1666 1217 ἄσκει
1688 1176 1805 1231 ἔργῳ
1824 1193 1868 1216 τε
1904 1176 2025 1229 λόγῳ
2055 1191 2115 1216 τε.
2172 1178 2252 1215 Οὔκ
2281 1171 2341 1215 οὖν

1276 1237 1374 1277 οὐδὲν
1415 1237 1625 1290 βλάσφημον
1662 1237 1750 1288 ἐρεῖς
1775 1237 1810 1274 ἐν
1845 1236 2037 1280 ἀπωλείαις
2069 1235 2269 1288 χρημάτων
2283 1265 2294 1284 ,
2317 1235 2341 1283 ἢ

1277 1295 1388 1334 νόσων
1410 1295 1622 1347 ἀλγηδόσιν,
1645 1294 1703 1333 ἵνα
1726 1294 1775 1346 μὴ
1807 1296 1929 1346 ἀδικῇς
1957 1296 1992 1333 ἐν
2013 1294 2107 1347 λόγῳ
2121 1310 2129 1319 ·
2151 1296 2229 1333 ἀλλ’
2264 1295 2342 1335 οὐδὲ

1278 1353 1323 1392 τὰ
1345 1356 1416 1392 τῶν
1435 1353 1586 1402 πλησίον
1617 1353 1809 1407 ἁρπάσεις,
1833 1353 1911 1393 οὐδὲ
1942 1353 2135 1407 μηχανήσῃ
2156 1353 2345 1407 δυστυχίας

1279 1411 1496 1465 ἀνθρώποις,
1516 1411 1573 1452 ἵνα
1597 1412 1646 1464 μὴ
1663 1413 1785 1466 ἀδικῇς
1804 1413 1839 1451 ἐν
1860 1412 1966 1467 ἔργῳ.
2025 1411 2263 1460 Δικαιοσύνης.
2276 1412 2344 1465 γὰρ

1279 1472 1342 1519 τὴν
1363 1471 1482 1526 ψυχὴν
1503 1472 1739 1526 φρουρούσης,
1754 1473 1799 1511 τὰ
1820 1472 2047 1525 προσήκοντα
2068 1471 2108 1510 ἂν
2126 1471 2345 1525 πράττοιμεν

1278 1531 1340 1571 καὶ
1356 1532 1438 1584 περὶ
1462 1531 1663 1586 ἀνθρώπους
1677 1561 1687 1580 ,
1710 1531 1770 1571 καὶ
1790 1531 1871 1584 περὶ
1892 1534 1987 1582 ἡμᾶς
2008 1531 2147 1576 αὐτούς,
2207 1533 2282 1579 Τῆς
2307 1531 2345 1571 δὲ

1280 1591 1503 1638 δικαιοσύνης
1519 1592 1560 1629 τὸ
1589 1590 1734 1644 ἄριστον
1752 1590 1880 1642 μέτρον
1903 1591 1995 1630 ἐστὶν
2014 1594 2036 1639 ἡ
2057 1591 2247 1644 φρόνησις·
2267 1589 2345 1631 ὅθεν

151 1717 296 1778 possit,
312 1725 384 1762 nisi
401 1731 539 1761 natura
554 1724 753 1760 rationalis
770 1731 897 1760 rectas
918 1723 1122 1772 opiniones
1141 1724 1216 1759 im-
1242 1717 1247 1789 Ι

151 1851 261 1893 sunt,
277 1844 396 1880 homo
413 1843 574 1891 obsequi
587 1843 753 1892 poterit,
773 1840 840 1878 sed
866 1842 939 1892 ita,
963 1841 1070 1890 quasi
1090 1847 1221 1889 tyran-

154 1915 296 1946 norum
315 1903 354 1939 vi
377 1909 550 1948 coactus,
573 1913 662 1951 erga
683 1914 750 1938 eos
780 1899 990 1947 afficietur3
1010 1912 1137 1948 neque
1156 1901 1221 1936 ul-

155 1961 232 1998 lam
252 1972 387 1998 eorum
401 1988 413 2010 ,
437 1959 669 2009 quibuscum
691 1959 808 2009 vivit,
826 1959 1017 1995 rationem
1038 1958 1218 2007 habebit,

153 2032 280 2070 neque
301 2020 491 2069 optimum
512 2020 688 2069 corporis
708 2025 773 2055 aut
792 2018 965 2068 pecuniae
982 2030 1093 2054 usum
1114 2017 1222 2054 inve-

154 2080 258 2129 niet,
275 2079 305 2116 si
323 2078 609 2116 inconsiderate
639 2090 678 2114 se
710 2089 843 2127 gerere
869 2077 1091 2114 assueverit.
1128 2075 1222 2112 Vide

157 2139 287 2186 enim,
313 2144 357 2174 ut
389 2138 414 2174 ii
447 2139 514 2187 qui
555 2150 715 2186 quoquo
738 2136 857 2173 modo
891 2143 1055 2173 mortem
1081 2136 1223 2173 evitare

155 2203 222 2233 aut
239 2196 390 2234 divitias
406 2197 572 2233 retinere
593 2196 771 2245 cupiunt,
793 2196 913 2232 multa
931 2195 1143 2232 necessario
1165 2195 1222 2230 in-

153 2255 256 2305 juste
279 2255 422 2293 faciant
439 2261 477 2292 et
495 2254 702 2291 maledicta
721 2254 899 2290 effutiant
913 2281 924 2300 ‚
949 2254 1075 2303 impiis
1089 2255 1223 2302 utique

157 2314 339 2352 adversus
360 2314 452 2351 deos
478 2313 805 2351 exsecrationibus
833 2320 1003 2360 utentes,
1023 2320 1060 2350 et
1089 2314 1220 2362 provi-

159 2373 329 2410 dentiam
363 2386 441 2410 esse
462 2380 661 2423 negantes,
683 2385 803 2422 quum
832 2373 871 2409 in
904 2385 949 2410 ea
980 2372 1221 2418 inciderunt,

159 2442 243 2482 quae
262 2433 376 2469 stulte
393 2432 616 2482 fugiebant,
635 2433 718 2469 aliis
738 2444 833 2469 vero
851 2432 1060 2469 crudeliter
1079 2432 1223 2468 nullam

158 2505 239 2529 non
270 2491 448 2539 injuriam
487 2491 694 2528 inferentes
720 2498 758 2528 et
794 2499 1021 2528 caeterorum
1051 2492 1224 2528 omnium

159 2565 218 2590 res
252 2553 292 2588 in
328 2564 438 2588 suum
450 2578 461 2597 ,
490 2550 821 2599 quemadmodum
857 2551 1078 2600 opinantur,
1115 2564 1224 2588 usum

160 2623 389 2649 coacervare
410 2617 606 2647 conantes.
637 2611 767 2659 Atque
792 2611 844 2646 ita
875 2610 1075 2647 manifesta
1105 2611 1145 2646 in
1182 2611 1226 2647 iis

160 2671 260 2708 salsae
293 2671 487 2720 opinionis
523 2670 627 2707 labes
660 2677 736 2715 est,
770 2677 813 2706 ut
846 2670 1037 2706 malorum
1060 2671 1226 2707 maxima

162 2732 348 2777 oriantur,
364 2729 551 2777 injustitia
570 2730 611 2766 in
627 2730 767 2766 similes
779 2757 789 2776 ,
810 2730 985 2778 impietas
1002 2736 1128 2765 autem
1156 2729 1223 2765 ad·

161 2801 291 2826 versus
310 2801 484 2837 superos.
519 2790 554 2826 A
581 2789 721 2838 quibus
747 2789 812 2824 ille
841 2789 913 2824 erit
950 2788 1129 2824 immunis
1160 2789 1226 2836 qui

162 2847 335 2884 versibus
370 2847 434 2884 hic
457 2848 668 2898 propositis
688 2847 903 2884 auscultans
913 2846 1065 2894 judicio
1097 2846 1144 2883 ad
1162 2859 1222 2882 ra-

164 2908 279 2945 tionis
307 2920 483 2945 normam
531 2908 744 2958 composito
770 2914 935 2944 mortem
963 2906 1114 2943 fortiter
1143 2908 1224 2956 pati

163 2975 291 3016 potest
313 2975 428 3016 atque
455 2968 680 3005 facultatum
703 2967 892 3016 jacturam
918 2966 1023 3003 haud
1042 2967 1226 3004 intolera-

163 3027 281 3064 bilem
295 3039 373 3064 esse
389 3029 591 3069 existimat.
611 3027 723 3066 Unde
743 3034 778 3064 et
787 3027 941 3076 justitiae
960 3026 1128 3063 colendae
1143 3040 1226 3064 ma-

165 3086 296 3123 teriam
312 3088 450 3134 sumit,
468 3088 576 3137 quod
607 3088 656 3124 ab
682 3087 812 3124 alienis
832 3086 1021 3123 abstinere
1048 3093 1226 3134 oporteat
1250 3099 1254 3190 1

165 3146 385 3195 neminique
398 3159 540 3184 nocere
551 3176 561 3194 ,
585 3159 710 3196 neque
727 3159 773 3184 ex
790 3146 953 3182 aliorum
970 3145 1226 3182 incommodis

166 3215 233 3240 sua
252 3217 476 3254 comparare
497 3206 716 3243 commoda.
750 3207 899 3242 Horum
922 3217 1015 3241 vero
1034 3203 1131 3241 nihil
1151 3205 1225 3241 ob-

165 3274 316 3300 servare
346 3265 377 3300 is
416 3266 583 3315 poterit,
619 3265 686 3314 qui
713 3265 914 3301 mortalem
947 3276 1024 3300 esse
1058 3264 1224 3300 animum

168 3333 279 3358 suum
315 3322 526 3360 arbitratur
555 3325 698 3372 quique
730 3322 1013 3360 inconsiderate
1034 3335 1073 3360 se
1094 3336 1226 3373 gerere

168 3383 394 3429 assueverit,
427 3395 625 3432 nunquam
654 3396 784 3420 secum
823 3390 1028 3431 reputans,
1052 3382 1146 3431 quid
1177 3382 1227 3419 sit

168 3440 265 3477 illud
286 3449 459 3478 nostrum
477 3442 583 3490 quod
598 3443 763 3479 moritur
779 3449 817 3479 et
838 3442 946 3491 quod
966 3442 1108 3478 divitiis
1125 3449 1225 3492 eget,

171 3498 270 3547 quid
288 3511 381 3536 vero
397 3499 438 3536 id
458 3500 565 3548 quod
578 3501 758 3538 virtutem
769 3501 861 3536 colit
878 3507 975 3537 etex
998 3512 1041 3537 ea
1055 3512 1226 3536 commo·

154 1785 312 1822 biberit.
347 1785 483 1832 Neque
517 1784 619 1820 enim
659 1783 830 1832 superis,
861 1789 1049 1831 quatenus
1091 1795 1206 1831 super

1283 1723 1375 1759 dum
1404 1724 1586 1773 percipit.
1607 1723 1696 1760 Sola
1728 1725 1830 1760 enim
1850 1724 1989 1760 horum
2022 1724 2248 1772 dijudicatio
2274 1737 2348 1762 nos

1281 1783 1329 1819 ad
1356 1783 1675 1820 exercitationem
1692 1784 1847 1819 virtutis
1869 1791 2043 1833 promtos
2071 1783 2208 1820 reddat
2231 1791 2348 1832 atque

1282 1842 1331 1878 ad
1350 1842 1511 1878 honesta
1531 1842 1794 1892 comparanda
1814 1843 1952 1879 excitet
1972 1843 2122 1879 divinus
2136 1844 2199 1879 ille
2217 1844 2343 1892 impe-

1281 1907 1362 1949 tus,
1385 1901 1452 1949 qui
1483 1913 1529 1938 ex
1560 1902 1661 1938 hisce
1689 1902 1910 1952 praeceptis,
1947 1915 2056 1939 nosce
2089 1911 2125 1938 te
2157 1906 2279 1952 ipsum
2309 1909 2348 1939 et

1281 1973 1414 1997 verere
1435 1968 1470 1996 te
1500 1964 1644 2011 ipsum,
1668 1962 1808 2000 oritur.
1839 1962 2002 2010 Oportet
2026 1963 2127 1998 enim
2147 1974 2194 1998 ex
2216 1969 2347 1999 nostra

1282 2019 1466 2069 dignitate
1487 2028 1714 2057 caeterorum
1736 2022 1848 2057 etiam
1873 2019 1999 2057 officia
2022 2021 2062 2056 in
2082 2021 2190 2058 factis
2210 2022 2348 2058 dictis·-

1286 2091 1361 2128 que
1379 2080 1520 2117 metiri.
1540 2079 1768 2118 Officiorum
1788 2087 1914 2117 autem
1932 2081 2114 2116 inviolata
2133 2082 2348 2117 observatio

1283 2146 1340 2175 est
1355 2138 1525 2186 justitia3
1561 2146 1805 2188 quapropter
1827 2146 1864 2175 et
1885 2139 1948 2175 hic
1978 2140 2121 2176 caeteris
2146 2141 2351 2177 virtutibus

1283 2198 1540 2247 praeponitur,
1578 2205 1623 2234 ut
1662 2197 1878 2234 officiorum
1917 2210 2094 2234 mensura
2139 2199 2200 2236 sit.
2247 2199 2349 2235 Dicit

1284 2259 1385 2294 enim
1407 2269 1417 2296 t
1433 2262 1628 2305 justite‘am
1655 2270 1789 2294 exerce
1808 2258 1934 2306 factis
1960 2267 2071 2307 atque
2097 2259 2216 2296 dictis.
2245 2259 2349 2295 Nihil

1284 2317 1404 2367 igitur
1449 2318 1748 2355 maledictorum
1774 2317 1898 2363 dices,
1936 2318 2079 2354 amissis
2108 2318 2251 2354 divitiis
2283 2325 2349 2355 aut

1283 2378 1384 2413 inter
1410 2377 1641 2414 morborum
1680 2378 1895 2423 cruciatus,
1926 2390 1975 2414 ne
2009 2377 2135 2421 verbis
2164 2376 2349 2424 justitiam

1284 2437 1403 2473 violes
1431 2449 1442 2473 t
1473 2436 1541 2474 sed
1559 2449 1686 2486 neque
1713 2435 1934 2473 vicinorum
1955 2437 2062 2473 bona
2080 2437 2246 2484 auferes,
2277 2450 2352 2474 nee

1286 2495 1518 2532 calamitates
1531 2496 1754 2532 hominibus
1768 2502 1906 2542 strues,
1921 2508 1970 2532 ne
1986 2496 2095 2532 sactis
2109 2497 2156 2532 sis
2169 2495 2346 2543 injustus.

1285 2555 1323 2591 Si
1343 2555 1443 2591 enim
1459 2554 1605 2603 justitia
1635 2555 1801 2591 animum
1827 2555 2037 2602 custodiat,
2060 2567 2130 2591 nos
2150 2563 2187 2591 et
2212 2555 2286 2592 diis
2314 2563 2351 2592 et

1284 2613 1505 2649 hominibus
1535 2619 1573 2649 et
1600 2612 1792 2648 nobismet
1815 2613 1903 2661 ipsis
1924 2613 2055 2649 debita
2085 2614 2352 2662 praestabimus

1287 2672 1430 2712 officia.
1451 2673 1605 2721 Optima
1624 2683 1716 2708 vero
1733 2671 1887 2720 justitiae
1902 2673 2035 2721 regula
2051 2680 2106 2709 est
2122 2673 2325 2721 prudentia
2335 2686 2349 2719 3

1285 2732 1388 2769 unde
1407 2732 1498 2767 huic
1523 2737 1740 2780 praecepto,
1753 2733 1943 2777 justitiam
1965 2743 2107 2775 exerce,
2136 2731 2276 2779 adjecit
2300 2733 2350 2768 il-

1286 2791 1373 2841 lud,
1395 2803 1484 2827 neve
1504 2798 1540 2827 te
1559 2791 1640 2826 ulla
1661 2793 1698 2825 in
1719 2802 1761 2826 re
1782 2791 2056 2827 inconsiderate
2073 2804 2204 2840 gerere
2222 2804 2351 2827 assue-

1285 2863 1381 2897 scas,
1395 2851 1500 2899 quasi
1508 2849 1653 2898 justitia
1663 2850 1743 2885 sine
1753 2848 1959 2898 prudentia
1967 2862 2046 2886 non
2060 2851 2176 2898 possit
2187 2857 2346 2887 exstare.

1287 2909 1333 2945 Id
1359 2910 1462 2946 enim
1478 2920 1613 2945 revera
1626 2907 1771 2956 justum
1787 2915 1841 2944 est
1870 2908 1977 2957 quod
1991 2909 2161 2958 perfecta
2178 2909 2350 2957 pruden-

1286 2969 1337 3004 tia
1367 2967 1552 3004 decernit.
1588 2968 1677 3003 Haec
1706 2978 1800 3003 vero
1830 2974 1886 3003 est
1913 2979 1978 3013 ea,
2014 2980 2098 3016 quae
2118 2967 2222 3003 nulla
2245 2967 2286 3002 in
2307 2979 2351 3003 re

1286 3026 1567 3063 inconsiderate
1594 3038 1632 3063 se
1660 3027 1778 3075 gerit,
1803 3026 1871 3063 sed
1901 3034 1938 3063 et
1961 3027 2124 3062 mortale
2151 3038 2292 3075 corpus
2313 3033 2351 3063 et

1287 3099 1328 3122 ea
1349 3099 1432 3135 quae
1450 3087 1504 3122 illi
1520 3093 1607 3123 sunt
1633 3086 1718 3122 usui
1742 3086 1946 3136 diligenter
1964 3085 2201 3131 considerat3
2223 3086 2350 3122 omnia

1286 3152 1413 3180 autem
1436 3145 1577 3181 virtute
1611 3144 1797 3181 inferiora
1821 3145 1966 3181 ducens
1997 3145 2203 3181 maximam
2234 3145 2350 3181 etiam

1287 3205 1601 3241 commoditatem
1620 3217 1696 3241 esse
1713 3203 1866 3252 judicat
1888 3205 2073 3254 optimam
2095 3205 2210 3240 animi
2230 3204 2348 3240 ratio·

1286 3265 1380 3300 nalis
1407 3264 1675 3310 affectionem,
1696 3276 1768 3313 per
1785 3276 1898 3312 quam
1923 3271 1960 3299 et
1985 3271 2140 3309 caetera,
2165 3269 2349 3311 quantum

1287 3321 1369 3359 fieri
1398 3331 1549 3372 potest,
1595 3331 1844 3362 exornantur.
1882 3322 2116 3370 Hujusmodi
2152 3323 2270 3371 igitur
2294 3329 2348 3357 est

1287 3394 1461 3418 versuum
1485 3383 1774 3432 propositorum
1792 3395 1950 3432 scopus,
1977 3389 2021 3417 ut
2041 3388 2205 3429 quatuor
2218 3386 2349 3415 actuo-

1289 3452 1416 3477 sarum
1432 3442 1618 3478 virtutum
1638 3443 1863 3479 comitatum
1881 3441 2084 3478 ostendant
2102 3451 2237 3487 easque
2268 3446 2349 3474 tra-

1291 3499 1382 3537 dant
1395 3501 1632 3538 auditoribus
1647 3500 1850 3552 vigilanter
1865 3499 2143 3545 custodiendas,
2159 3505 2196 3534 et
2214 3510 2348 3546 quem-

2159 3579 2202 3603 2⁸.
