2612 3814
882 300 1174 340 DEMOPHILI
1204 299 1345 339 VITAE
1373 300 1619 342 CURATIO.

164 407 214 434 ³9.
246 391 387 433 Ταυτόν
414 393 507 431 ἐστιν
528 391 567 429 ἐκ
597 392 729 442 χρυσοῦ
753 389 921 442 ποτηρίου
947 388 1132 441 φάρμακον
1153 391 1219 426 θα-

172 1114 221 1141 Μ.

169 1234 221 1260 45.

170 1352 219 1378 46.

171 1470 221 1496 47.

170 1591 221 1617 48.

248 450 396 501 νάσιμον
425 451 539 497 πιεῖν,
560 448 621 486 καὶ
641 445 740 501 παρὰ
766 447 867 500 φίλου
898 446 1098 498 ἀγνώμονος
1128 461 1219 496 συμ-

248 509 392 548 ὅουλίαν
414 508 625 559 λαμὸάνειν.

252 570 301 608 Αἱ
319 567 385 620 μὲν
408 567 585 620 χελιδόνες
605 565 723 605 εὐδίαν
748 565 980 616 σημαίνουσιν
1001 567 1107 616 ἡμῖν,
1121 563 1152 602 οἱ
1185 563 1219 602 δὲ

247 627 453 683 φιλοσοφίας
471 627 570 679 λόγοι
593 625 658 673 τὴν
679 624 845 666 ἀλυπίαν.

207 719 216 728 .
250 688 333 739 Οὐχ
348 687 458 730 οὕτως
476 691 549 730 τοῖς
568 684 731 738 ὀρφανοῖς
748 682 892 734 παισίν,
908 685 954 726 ὡς
979 683 1049 726 τοῖς
1067 681 1224 729 ἀνοήτοις

249 746 417 798 ἀνδράσιν
437 743 636 797 ἐπιτρόπων
659 742 733 782 ἐστὶ
752 744 871 795 χρεία.

187 821 193 830 ⁸
210 838 215 843 .
247 804 293 844 Ἥ
307 803 401 857 τύχη
416 804 507 843 ἔοικε
522 802 646 857 φαύλῳ
663 802 861 854 ἀγωνοθέτῃ
873 817 882 826 ·
899 801 1069 844 πολλάκις
1081 800 1149 854 γὰρ
1165 799 1222 838 τὸν

251 863 361 914 μηδὲν
383 862 567 915 πράξαντα
588 863 764 914 στεφανοῖ.

210 953 218 961 .
252 925 322 967 Εἷς
342 921 406 972 μὲν
426 922 466 962 τὸ
482 923 678 968 εὐπλοῆσαι
695 918 911 973 κυὸερνήτου
940 918 1001 958 καὶ
1026 918 1225 969 πνεύματος

250 982 371 1035 χρεία·
413 983 459 1026 εἷς
501 981 537 1019 δὲ
574 980 614 1019 τὸ
657 981 913 1031 εὐδαιμονῆσαι
946 979 1115 1030 λογισμοῦ
1165 976 1225 1015 καὶ

251 1042 373 1094 τύχης.

254 1100 297 1140 Ὁ
316 1099 378 1151 μὲν
401 1099 510 1144 δειλὸς
530 1098 612 1138 καθ’
638 1100 763 1137 ἑαυτοῦ
786 1096 831 1136 τὰ
849 1097 963 1145 ὅπλα,
983 1098 1001 1134 ὁ
1025 1093 1060 1134 δὲ
1082 1094 1226 1142 ἀνόητος

250 1158 296 1198 τὰ
314 1158 486 1212 χρήματα
503 1159 593 1211 ἔχει.

255 1219 308 1260 Τὸ
326 1219 412 1258 αὐτό
432 1220 526 1257 ἐστιν
550 1217 585 1263 ἐξ
607 1218 770 1260 ἀσθενοῦς
788 1215 954 1268 ἀγκυρίου
981 1213 1111 1268 σκάφος
1127 1213 1226 1266 ὃρμί·

251 1281 339 1328 ζειν,
356 1278 416 1317 καὶ
438 1281 477 1318 ἐκ
497 1277 632 1328 φαύλης
645 1275 789 1328 γνώμης
805 1275 946 1314 ἐλπίδα.

252 1337 461 1377 Ἐπισκοτεῖ
478 1339 529 1389 τῷ
547 1336 611 1386 μὲν
630 1335 720 1388 ἡλίῳ
739 1334 912 1379 πολλάκις
931 1333 975 1374 τὰ
993 1332 1079 1386 νέφη
1095 1365 1106 1384 ,
1120 1335 1170 1386 τῷ
1191 1333 1226 1372 δὲ

250 1398 410 1449 λογισμῷ
429 1396 473 1434 τὰ
493 1397 604 1443 πάθη.

253 1454 346 1496 Οὔτε
369 1455 428 1493 τὸν
453 1454 632 1508 ἄρρωστον
664 1456 686 1501 ἡ
707 1455 824 1506 χρυσῆ
853 1452 982 1506 ὠφελεῖ
1003 1450 1127 1498 κλίνη,
1149 1449 1227 1490 οὔτε

251 1515 308 1554 τὸν
332 1513 476 1562 ἀνόητον
498 1513 668 1563 ἐπίσημος
688 1511 847 1564 εὐτυχία.

253 1577 307 1617 Τὸ
328 1575 391 1627 μὲν
413 1575 581 1628 εὔκρατον
601 1574 694 1629 ὕδωρ
711 1574 771 1619 τὰς
789 1573 988 1627 φλεγμονὰς
1008 1572 1144 1612 ἐκλύει·
1161 1574 1178 1610 ὃ
1197 1571 1228 1609 δ’

254 1635 410 1682 ἐπιεικὴς
424 1635 527 1686 λόγος
543 1634 606 1678 τὰς
625 1633 743 1687 ὀργάς.
779 1633 955 1685 (Scripsi
977 1631 1112 1679 ἐκλύει;
1139 1631 1226 1670 cod.

254 1693 388 1735 ἐπιλύει
402 1696 428 1746 ).

170 1768 219 1796 49.
250 1753 345 1795 Οὔτε
367 1757 392 1805 ὃμ
420 1752 593 1805 αὐστηρὸς
613 1745 700 1795 οἶνος
734 1753 781 1795 εἷς
813 1750 1035 1790 πολυποσίαν
1076 1749 1228 1797 εὔθετος,

253 1813 332 1853 οὔτε
354 1813 514 1866 ἄγροικος
532 1812 659 1865 τρόπος
679 1812 727 1855 εἷς
746 1809 903 1860 ὁμιλίαν.

172 1888 222 1914 50.
258 1873 418 1919 Πιθήκου
440 1872 547 1925 ὀργὴν
575 1871 634 1910 καὶ
653 1870 800 1914 κόλακος
830 1867 978 1916 ἀπειλὴν
1016 1869 1052 1907 ἓν
1071 1867 1137 1922 ἴσῳ
1169 1871 1230 1907 θε-

176 2005 225 2031 51.

179 2123 227 2150 52.

174 2243 224 2270 5³.

175 2420 226 2447 5⁴.

176 2539 226 2564 55.

177 2715 224 2740 56.

177 2834 227 2861 57.

161 3070 229 3096 -5⁹.

253 1931 345 1970 τέον.

257 1993 333 2031 Τοῦ
355 1990 432 2042 βίου
463 1988 627 2042 καθάπερ
651 1988 830 2042 δράματος
856 1990 996 2040 πρῶτον
1015 1986 1120 2041 μέρος
1138 1986 1230 2026 ἐστὶν

256 2053 278 2097 ἡ
301 2052 442 2096 νεότης·
461 2048 514 2087 διὸ
533 2048 662 2092 πάντες
683 2049 771 2100 αὐτῇ
795 2045 1041 2100 προσέχουσιν.

258 2108 334 2153 Τὰς
366 2108 429 2159 μὲν
450 2106 588 2160 γραφὰς
620 2106 904 2160 ἀσφαλεστέρας,
928 2106 990 2149 τὰς
1021 2103 1056 2143 δὲ
1090 2104 1232 2158 πράξεις

258 2167 506 2221 λαμπροτέρας
526 2167 619 2220 ἔχειν
641 2167 704 2205 δεῖ.

255 2226 326 2268 Ὃν
351 2227 480 2280 τρόπον
505 2228 562 2265 ἐπὶ
582 2228 652 2264 τῶν
676 2228 816 2278 φυτῶν,
833 2223 894 2263 καὶ
915 2223 974 2263 ἐπὶ
1006 2226 1074 2262 τῶν
1098 2222 1185 2262 νέων
1208 2227 1229 2271 ἡ

255 2286 381 2341 πρώτη
403 2286 472 2340 φυὴ
493 2286 719 2342 προδείκνυσι
740 2285 797 2324 τὸν
819 2284 994 2337 μέλλοντα
1013 2283 1148 2337 καρπὸν
1170 2287 1231 2331 τῆς

257 2348 395 2398 ἀρετῆς.

258 2406 321 2445 Ἐν
344 2406 407 2456 μὲν
426 2411 498 2450 τοῖς
518 2404 727 2455 συμποσίοις
744 2406 762 2442 ὁ
782 2401 832 2454 μὴ
853 2404 1032 2455 παροινῶν
1049 2401 1229 2455 ἡδύτερος·

256 2466 291 2503 ἐν
312 2465 348 2503 δὲ
369 2471 439 2509 τοῖς
460 2465 601 2517 ἀγαθοῖς
620 2466 638 2502 ὁ
662 2463 712 2515 μὴ
730 2464 960 2515 παρανομῶν.

258 2524 312 2564 Τὸ
336 2524 420 2562 αὐτό
454 2525 548 2562 ἐστιν
574 2523 651 2576 ὅφιν
684 2520 863 2575 ἐκτρέφειν
890 2520 949 2560 καὶ
984 2519 1042 2558 τὸν
1081 2520 1232 2572 πονηρὸν

257 2584 468 2634 εὐεργετεῖν·
503 2584 589 2635 παρ’
616 2582 785 2634 οὐδετέρῳ
813 2580 880 2632 γὰρ
915 2583 938 2627 ἡ
961 2579 1065 2632 χάρις
1097 2578 1231 2622 εὔνοιαν

257 2657 373 2695 γεννᾳ.

261 2700 322 2739 Ἐν
344 2699 406 2751 μὲν
428 2699 526 2752 εὐδίᾳ
560 2698 707 2738 σπάνιον
736 2698 777 2738 τὸ
808 2700 1029 2749 ναυαγῆσαι·
1058 2699 1092 2736 ἐν
1131 2697 1166 2736 δὲ
1188 2700 1232 2751 τῇ

260 2759 411 2812 ἀὸουλίᾳ
430 2759 469 2798 τὸ
491 2757 541 2810 μὴ
562 2761 773 2810 ναυαγῆσαι.

258 2819 350 2863 Τοὺς
368 2818 432 2869 μὲν
452 2817 570 2863 κενοὺς
592 2817 721 2862 ἀσκοὺς
737 2817 778 2857 τὸ
799 2821 940 2868 πνεῦμα
961 2811 1135 2863 διίστησι·
1155 2815 1234 2860 τοὺς

259 2877 289 2917 δ’
310 2878 477 2925 ἀνοήτους
493 2875 697 2930 ἀνθρώπους
711 2875 751 2915 τὸ
771 2875 896 2926 οἴημα.

219 2968 227 2976 .
259 2937 530 2989 Γυμναζόμενον
565 2938 618 2975 δεῖ
657 2934 902 2988 φυλάσσεσθαι
938 2933 998 2972 τὸν
1032 2931 1160 2984 κόπον,
1195 2927 1233 2971 εῧ

258 2996 464 3049 πράσσοντα
481 2996 517 3036 δὲ
534 2996 591 3035 τὸν
612 2994 748 3048 φθόνον.
1022 3044 1044 3052 ...

262 3055 404 3109 Μέτρον
428 3057 588 3108 ἄριστον,
613 3054 678 3108 ἔφη
700 3069 751 3096 τις
769 3053 839 3091 τῶν
860 3053 995 3104 σοφῶν·
1018 3053 1047 3102 ᾧ
1067 3049 1234 3100 πειθόμε-

259 3129 311 3153 νοι
330 3114 391 3153 καὶ
408 3115 510 3164 ἡμεῖς
531 3113 658 3164 ὁμοίως
675 3112 738 3156 τὰς
759 3114 821 3151 τοῦ
850 3109 926 3163 βίου
944 3109 1131 3162 θεραπείας
1154 3110 1235 3147 ἀνα-

260 3171 473 3223 παύσωμεν,
501 3172 650 3226 φίλτατε
684 3174 770 3222 ἡμῖν
805 3169 867 3208 καὶ
896 3168 1064 3222 ἱερώτατε
1085 3167 1231 3214 Ἀσκλη·

259 3231 383 3280 πιάδη.

407 3290 519 3334 Τέλος
539 3291 607 3328 τῶν
629 3290 836 3343 Δημοφίλου
856 3288 1001 3339 ὁμοίων.

2261 316 2338 350 487

1330 396 1382 428 39.
1408 395 1499 427 Idem
1517 397 1567 428 est
1581 404 1619 428 ex
1638 404 1736 429 aureo
1758 397 1875 438 poculo
1892 398 2009 431 lethale
2028 407 2186 432 venenum
2206 401 2316 437 bibere
2329 430 2339 446 ‚

1284 460 1316 492 et
1338 460 1507 492 consilium
1526 469 1545 492 a
1562 461 1683 502 perfido
1701 461 1805 494 amico
1824 462 1935 495 datum
1952 465 2108 506 accipere.

1324 529 1376 559 40.
1401 525 1598 560 Hirundines
1618 526 1729 559 laetum
1755 527 1831 559 anni
1853 531 1980 569 tempus
1997 553 2006 568 ‚
2038 539 2203 565 sermones
2228 536 2339 565 autem

1283 593 1323 625 de
1340 591 1541 634 philosophia
1558 590 1659 624 babiti
1676 592 1775 624 animi
1798 593 2069 634 tranquillitatem
2086 596 2180 628 nobis
2193 606 2341 638 praenuu-

1286 660 1377 692 liant.

1326 727 1377 758 41.
1401 726 1473 758 Non
1504 725 1571 757 tam
1593 725 1663 758 orbi
1693 724 1881 766 parentibus
1910 725 2019 766 pueri,
2040 735 2137 767 quam
2164 727 2223 759 viii
2244 727 2335 760 stulti

1285 789 1447 822 tutoribus
1463 789 1619 830 indigent.

1327 859 1380 888 42.
1402 857 1547 889 Fortuna
1573 855 1659 889 malo
1691 864 1806 898 pugnae
1838 856 1960 889 arbitro
1983 857 2097 891 similis
2125 861 2196 900 est,
2219 859 2339 901 quippe

1287 938 1361 971 quae
1383 938 1470 970 saepe
1488 928 1607 961 nullius
1622 928 1768 969 praeclari
1782 928 1932 961 facinoris
1948 930 2113 962 auctorem
2130 931 2275 963 coronet.

1328 996 1380 1027 43.
1405 993 1453 1026 Ad
1476 993 1609 1026 feliciter
1626 993 1844 1035 navigandum
1867 994 2078 1036 gubernatore
2097 999 2130 1028 et
2157 1000 2275 1037 vento;
2299 996 2340 1028 ad

1288 1060 1381 1092 beate
1396 1059 1574 1092 vivendum
1594 1060 1716 1093 ratione
1738 1061 1771 1092 et
1788 1059 1916 1092 fortuna
1932 1070 2013 1101 opus
2033 1063 2092 1093 est.

1331 1130 1384 1160 44.
1409 1128 1453 1161 Ut
1473 1127 1605 1160 timidus
1622 1136 1730 1168 arma,
1747 1127 1791 1160 ita
1809 1127 1930 1160 stultus
1956 1137 2036 1168 opes
2053 1131 2164 1160 contra
2182 1138 2217 1161 se
2231 1129 2340 1170 ipsum

1288 1191 1394 1225 habet.

1331 1260 1384 1289 45.
1407 1257 1496 1289 ldem
1515 1260 1565 1290 est
1581 1265 1698 1289 navem
1710 1256 1836 1289 infirma
1850 1265 1966 1289 ancora
1983 1259 2015 1290 et
2032 1267 2122 1298 spem
2140 1259 2248 1290 animo
2271 1267 2344 1300 per-

1289 1333 1384 1356 verso
1402 1323 1526 1356 fulcire.

1331 1393 1384 1424 46.
1407 1391 1514 1423 Solem
1543 1399 1768 1432 saepenumero
1795 1390 1921 1431 nubes,
1943 1391 2100 1423 rationem
2131 1391 2273 1429 affectus,
2293 1391 2348 1423 oh-

1290 1461 1432 1492 scurant.

1332 1528 1384 1557 47.
1409 1526 1523 1565 Neque
1542 1525 1755 1564 aegrotantem
1777 1531 1897 1555 aurens
1916 1523 2038 1564 lectus,
2056 1532 2115 1555 nec
2127 1523 2262 1555 stultum
2279 1531 2347 1555 am-

1291 1591 1343 1632 pla
1364 1591 1493 1623 fortuna
1504 1589 1608 1629 juvat.

1332 1659 1384 1690 48.
1408 1657 1598 1697 Temperata
1615 1663 1709 1695 aquae
1729 1653 1818 1695 potio
1842 1654 2069 1686 intestinorum
2090 1653 2240 1693 ardores,
2267 1652 2350 1685 lenis

1290 1722 1399 1753 autem
1424 1720 1527 1752 oratio
1545 1718 1608 1751 iras
1629 1718 1735 1750 diluit.

1333 1787 1386 1818 49.
1410 1787 1522 1825 Neque
1545 1783 1658 1816 vinum
1693 1783 1858 1815 austerum
1888 1781 2015 1822 largiori
2046 1781 2221 1822 potationi,
2246 1788 2352 1821 neque

1292 1852 1403 1885 rustici
1422 1859 1528 1883 mores
1545 1849 1778 1883 conversationi
1797 1849 1864 1890 apti
1880 1850 1967 1881 sunt.

1335 1922 1387 1950 50.
1410 1918 1462 1950 Ira
1474 1915 1578 1947 simiae
1594 1915 1626 1947 et
1643 1913 1819 1946 adulatoris
1841 1913 1940 1945 minae
1961 1912 2073 1945 eodem
2093 1913 2162 1944 loco
2179 1911 2347 1944 habendae.

1336 1983 1386 2013 51.
1412 1981 1498 2013 Vitae
1518 1981 1675 2021 tanquam
1692 1978 1859 2011 comoediae
1878 1978 2000 2019 primus
2013 1980 2105 2010 aelus
2134 1977 2352 2010 adolescentia

1292 2046 1340 2077 est
1357 2053 1364 2072 τ
1385 2044 1457 2077 ideo
1474 2044 1582 2077 cuncti
1602 2044 1729 2076 attento
1745 2043 1855 2075 animo
1871 2052 1941 2075 eam
1959 2044 2118 2084 spectant.

1335 2113 1386 2141 52.
1412 2108 1611 2150 scripturam
1633 2107 1856 2147 indelebilem,
1873 2107 2014 2139 facinora
2039 2111 2095 2139 tua
2109 2107 2264 2148 praeclara
2286 2117 2356 2141 esse

1292 2177 1431 2217 oportet.

1337 2248 1388 2277 53.
1414 2245 1506 2278 Sicut
1518 2244 1551 2277 in
1574 2244 1708 2286 plantis,
1721 2244 1765 2277 ita
1788 2244 1821 2276 in
1838 2244 1947 2285 pueris
1962 2252 2092 2285 quoque
2110 2245 2213 2286 prima
2230 2244 2352 2276 indoles

1295 2310 1442 2341 futurum
1457 2309 1589 2341 virtutis
1608 2309 1748 2341 fructum
1766 2308 1900 2341 indicat.

1338 2381 1387 2411 54.
1404 2381 1443 2411 In
1469 2377 1625 2411 conviviis
1651 2378 1783 2419 quidem
1806 2378 1937 2410 suavior
1952 2381 2002 2410 est
2030 2378 2127 2410 homo
2149 2378 2282 2417 minime
2302 2378 2353 2411 vi-

1294 2445 1467 2485 nolentus,
1485 2445 1519 2477 in
1548 2445 1645 2477 rebus
1664 2444 1815 2477 secundis
1832 2447 1942 2477 autem
1965 2443 2099 2476 minime
2117 2443 2261 2484 iniquus.

1337 2515 1388 2544 55.
1403 2511 1495 2544 Idem
1510 2512 1558 2543 est
1575 2510 1718 2543 enutrire
1734 2519 1871 2550 anguem
1894 2511 1924 2542 et
1948 2509 2069 2541 malum
2093 2509 2256 2541 beneficiis
2277 2509 2350 2541 asli·

1294 2585 1387 2617 cere3
1409 2575 1496 2616 apud
1513 2576 1667 2609 neutrum
1685 2575 1771 2608 enim
1788 2574 1891 2615 gratia
1908 2574 2168 2607 benevolentiam
2190 2574 2284 2615 parit.

1338 2646 1389 2673 56.
1414 2642 1500 2672 Raro
1525 2638 1666 2671 secunda
1686 2639 1878 2679 tempestate
1894 2637 1986 2670 navis
2008 2637 2185 2678 frangitur3
2206 2646 2278 2670 raro
2296 2646 2353 2669 au-

1295 2709 1359 2738 tem
1373 2704 1558 2738 temeritate
1580 2704 1742 2736 servatur.

1337 2774 1388 2804 57.
1413 2771 1509 2803 Utres
1532 2770 1644 2802 inanes
1661 2769 1797 2809 ventus,
1814 2767 1963 2800 homines
1985 2770 2097 2800 antem
2124 2767 2242 2800 stultos
2261 2776 2351 2800 arro-

1293 2835 1401 2877 gantia
1421 2834 1523 2867 inflat.

1336 2904 1387 2933 58.
1412 2902 1449 2933 ln
1472 2897 1634 2932 exercitiis
1658 2897 1840 2937 lassitudo,
1868 2897 1900 2930 in
1921 2907 2028 2930 rerum
2057 2906 2212 2931 successu
2231 2896 2350 2930 invidia

1294 2966 1450 3001 cavenda.

1342 3036 1393 3066 59.
1417 3029 1552 3063 Modum
1580 3038 1648 3062 rem
1668 3027 1815 3061 omnium
1845 3027 2000 3069 optimam
2028 3027 2210 3068 sapientum
2232 3025 2350 3067 aliquis

1295 3096 1477 3130 nominavit
1499 3109 1508 3129 ς
1531 3095 1624 3136 cujus
1637 3093 1771 3127 consilio
1787 3092 1884 3126 etiam
1901 3101 1978 3132 nos,
1996 3100 2017 3123 o
2037 3091 2231 3124 amicissime
2248 3090 2350 3132 piissi-

1293 3172 1409 3205 meque
1424 3161 1629 3203 Asclepiades
1641 3185 1651 3202 ,
1670 3160 1751 3194 vitae
1769 3157 1920 3192 curandae
1935 3159 2106 3199 praeceptis
2126 3158 2221 3191 tinem
2243 3156 2348 3198 impo-

1296 3238 1427 3263 nemus.-

1522 3296 1608 3329 Finis
1642 3294 1825 3336 Demophili
1847 3291 2111 3326 Similitudinum.
