2612 3814
929 252 985 292 lN
1020 252 1242 293 AUREUM
1274 252 1508 292 CARMEN.

120 346 299 398 ιερατικῆς
321 342 382 382 καὶ
410 343 613 390 τελεστικῆς
646 340 773 394 τέχνης
800 340 840 380 τὸ
862 340 1026 392 μέγιστον
1056 339 1175 392 ἔργον,
1201 368 1207 374 ·

117 408 297 446 οἰκειῶσαι
322 405 385 456 μὲν
415 402 477 442 καὶ
510 402 699 455 ἀναγαγεῖν
732 400 818 453 πρὸς
849 400 894 439 τὰ
924 399 1031 445 ὅντως
1063 399 1177 448 καλοί,

118 468 295 506 ἀπολῦσαι
316 463 351 503 δὲ
367 465 437 502 τῶν
466 462 550 516 τῇδε
570 460 708 508 πόνων,
731 463 778 504 ὡς
807 460 845 498 ἔκ
870 475 960 503 τινος
987 459 1177 510 καταγείου

119 525 297 574 σπηλαίου
319 527 382 571 τῆς
408 521 528 562 ἐνύλου
560 522 672 568 ζωῆς,
704 521 765 558 καὶ
794 520 983 571 ἀναγαγεῖν
1012 519 1098 572 πρὸς
1119 518 1180 563 τὰς

117 584 289 636 αἷθερίους
319 581 446 633 αὐγάς,
467 579 528 619 καὶ
548 584 626 623 ταῖς
647 578 818 632 μακάρων
850 579 1026 631 ἐνιδρῦσαι
1044 578 1179 626 νήσοις,

116 641 195 686 τοὺς
215 640 272 680 διὰ
291 642 359 679 τῶν
377 639 642 693 προειρημένων
660 638 886 683 ὁδεύσαντας.
946 636 1094 682 Τούτοις
1112 637 1180 690 γὰρ

117 701 179 740 καὶ
198 700 238 740 τὸ
263 702 327 748 τῆς
354 698 584 740 ἀποθεώσεως
616 698 804 737 ἀπόκειται
835 697 953 751 γέρας·
987 695 1108 743 ἐπειδὴ
1134 698 1182 740 εἷς

121 763 209 799 θεῶν
230 759 329 812 γένος
349 760 388 798 οὗ
418 758 517 809 θέμις
539 759 762 811 ἀφικνεῖσθαι
782 757 902 811 ἄλλῳ,
925 756 948 804 ἢ
975 759 1027 811 τῷ
1044 771 1183 804 κτησα-

118 820 216 874 μένῳ
233 818 402 867 ἀλήθειαν
424 817 487 869 μὲν
508 817 569 857 καὶ
591 817 719 871 ἀρετὴν
753 819 788 856 ἐν
812 818 933 870 ψυχῇ,
954 816 1183 869 καθαρότητα

118 880 155 919 δὲ
191 881 225 919 ἐν
259 881 310 932 τῷ
345 879 575 931 πνευματικῷ
604 878 714 925 αὐτῆς
739 876 911 930 ὀχήματι.
986 875 1095 916 Οὕτω
1115 875 1183 930 γὰρ

117 939 215 991 ὑγιής
234 954 272 978 τε
291 938 351 977 καὶ
374 937 564 990 ὁλόκληρος
584 937 767 989 γενόμενος
790 938 838 981 εἷς
869 936 910 975 τὸ
937 938 1000 984 τ’ῆς
1030 937 1183 989 ἀρχαίας

116 998 219 1045 ἕξεως
250 991 339 1042 εἶδος
372 996 684 1047 ἀποκαθίσταται,
719 996 777 1036 διὰ
795 999 858 1044 τῆς
886 995 972 1049 πρὸς
996 996 1056 1035 τὸν
1083 996 1182 1048 ὀρθὸν

116 1058 219 1110 λόγον
241 1057 397 1099 ἑνώσεως
415 1056 610 1096 ἀπολαὸὼν
633 1057 773 1107 ἑαυτόν,
796 1055 857 1094 καὶ
872 1057 992 1095 πάντα
1008 1055 1069 1096 τὸν
1091 1059 1182 1095 θεῖον

117 1117 252 1170 κόσμον
286 1116 551 1190 ἀναγνωρίσας,
586 1116 647 1155 καὶ
671 1116 730 1155 τὸν
752 1115 966 1170 δημιουργὸν
1000 1115 1098 1156 τουδὶ
1124 1121 1184 1155 τοῦ

118 1179 247 1222 παντός
260 1207 271 1226 ,
293 1177 388 1216 κατὰ
408 1178 448 1215 τὸ
467 1177 614 1216 δυνατὸν
632 1176 832 1251 ἀνθρώπῳ,
845 1176 1008 1229 ἐξευρών.
1065 1177 1181 1215 Τοῦτο

116 1237 154 1277 δὲ
181 1236 368 1290 γενόμενος
392 1238 440 1281 ὡς
459 1230 529 1276 οἱόν
556 1252 594 1275 τε
624 1237 714 1287 μετὰ
745 1235 809 1284 τὴν
829 1235 1069 1290 κάθαρσιν,
1090 1234 1149 1273 δ’
1130 1233 1185 1273 αεί

121 1300 208 1336 εἰσιν
230 1298 262 1336 οἱ
284 1295 333 1347 μὴ
366 1297 413 1340 εἷς
440 1297 574 1348 γένεσιν
594 1295 735 1335 πίπτειν
765 1295 979 1372 πεφυκότες,
1016 1302 1094 1339 ταῖς
1121 1294 1184 1344 μὲν

117 1357 288 1432 γνώσεσιν
311 1359 448 1396 ένουται
468 1359 518 1395 τῶ
539 1355 660 1404 παντί,
682 1355 744 1395 καὶ
765 1356 853 1409 πρὸς
882 1356 988 1395 αὐτὸν
1009 1355 1181 1406 ἀνάγεται

118 1433 177 1457 τον
199 1415 289 1455 θεόν·
312 1417 416 1465 σῶμα
438 1415 474 1454 δε
492 1414 647 1477 συμφυὲς
666 1415 780 1468 ἔχων,
795 1415 904 1455 τόπου
923 1416 1035 1454 δεῖται
1056 1417 1105 1459 εἷς
1123 1431 1186 1454 κα·

118 1476 261 1522 τάταξιν
281 1476 468 1529 ἀστροειδῆ
483 1504 493 1523 ,
514 1478 585 1515 οῖον
614 1476 710 1515 θέσιν
729 1478 858 1523 ζητῶν.
933 1475 1073 1528 Πρέποι
1093 1474 1158 1514 δ’
1141 1491 1184 1514 αν

119 1540 170 1577 τῶ
189 1535 338 1590 τοιούτῳ
359 1535 501 1586 σώματι
531 1534 636 1579 τόπος
664 1537 683 1573 ὁ
712 1536 782 1576 ὑπὸ
804 1535 956 1584 σελήνην
976 1537 1160 1590 προσεχῶς
1173 1567 1184 1586 ,

118 1596 165 1639 ὡς
181 1594 364 1648 ὑπερέχων
381 1595 444 1645 μὲν
464 1597 533 1633 τῶν
554 1596 717 1648 φθαρτῶν
735 1595 926 1646 σωμάτων,
947 1594 1181 1644 ὁποὸεὸηκὼς

119 1653 156 1693 δὲ
175 1657 245 1694 τῶν
265 1654 458 1707 οὐρανίων,
483 1653 520 1693 ὃν
541 1654 702 1707 αἰθέρα
723 1653 977 1707 ἐλεύθερον
998 1655 1029 1694 οἱ
1055 1656 1180 1693 Πυθα-

118 1716 248 1770 γόρειοι
275 1718 455 1755 καλοῦσιν·
489 1715 652 1767 αἰθέρα
681 1714 767 1765 μέν,
787 1716 833 1759 ὥς
859 1715 966 1753 ἄῦλον
983 1714 1045 1754 καὶ
1071 1712 1181 1754 ἀΐδιον

121 1778 238 1827 σῶμα·
259 1775 391 1815 ἐλεύθ
406 1790 421 1813 ε
435 1790 504 1828 ρον
522 1773 578 1821 δέ,
599 1776 646 1818 ὡς
669 1776 799 1813 ὑλικῶν
822 1773 1043 1825 παθημάτων
1065 1777 1180 1813 καθα-

119 1921 168 1945 ex
189 1906 444 1945 subterraneo
464 1906 635 1957 quodam
660 1919 861 1957 corporeae
880 1905 972 1943 vitae
991 1918 1111 1957 specu
1133 1905 1182 1942 li-

122 1967 277 2004 beratos
298 1965 346 2003 ad
366 1965 571 2003 aetheream
597 1966 722 2003 lucem
743 1965 882 2003 evehat
898 1973 1013 2016 atque
1033 1965 1075 2002 in
1091 1963 1183 2002 bea·

124 2035 252 2064 torum
282 2025 425 2064 insulis
457 2025 633 2064 collocet.
670 2025 740 2063 His
773 2026 877 2063 enim
909 2024 1063 2076 praemii
1097 2024 1184 2062 loco

122 2086 239 2124 etiam
260 2085 399 2124 relatio
420 2087 522 2123 inter
540 2084 654 2123 divos
671 2085 875 2136 proposita
899 2092 980 2131 est,
1003 2084 1185 2135 quando-

123 2145 282 2196 quidem
314 2143 464 2183 nemini
494 2143 536 2181 in
556 2143 720 2182 deorum
751 2144 931 2181 ordinem
961 2143 1098 2182 venire
1128 2145 1184 2182 fas

123 2214 201 2253 est,
221 2204 298 2243 nisi
318 2204 381 2254 ei,
402 2203 471 2254 qui
489 2203 530 2242 in
548 2203 680 2242 animo
700 2203 904 2241 veritatem
923 2211 961 2241 et
979 2203 1183 2251 virtutem,

124 2265 164 2304 in
191 2263 362 2316 spiritali
383 2272 510 2301 autem
541 2261 627 2314 ejus
647 2262 830 2301 vehiculo
861 2262 1069 2314 puritatem
1092 2261 1185 2300 ade-

125 2333 214 2375 ptus
234 2323 299 2362 sit.
331 2323 390 2361 lta
404 2324 510 2361 enim
529 2335 646 2361 sanus
666 2331 704 2361 et
728 2322 879 2372 integer
904 2322 1025 2361 factus
1056 2322 1098 2360 in
1119 2335 1188 2359 an-

125 2383 226 2434 tiqui
246 2382 401 2421 habitas
423 2383 587 2420 formam
608 2382 850 2430 restituitur3
873 2382 1021 2434 quippe
1050 2384 1118 2433 qui
1139 2382 1187 2420 ad

126 2451 271 2481 rectam
291 2455 331 2481 se
351 2442 544 2480 rationem
565 2441 767 2492 applicans
787 2454 870 2480 sese
890 2441 1135 2492 recollegerit
1152 2450 1189 2479 et

123 2502 308 2541 divinum
329 2501 508 2539 universi
541 2501 721 2538 ordinem
748 2501 1024 2551 recognoverit
1043 2501 1188 2552 ipsum·

130 2575 207 2614 que
224 2561 343 2613 hujus
363 2561 540 2599 universi
554 2569 967 2612 parentem‚quantum
983 2560 1101 2599 homo
1117 2574 1189 2612 po-

129 2630 215 2671 test,
226 2620 437 2660 invenerit.
455 2620 550 2658 Post
564 2621 872 2670 purificatiemem
890 2632 987 2658 vero
1002 2618 1042 2657 id
1060 2619 1190 2670 quoad

127 2690 256 2733 potest
280 2681 424 2727 factus,
449 2679 555 2731 quod
582 2679 612 2717 ii
643 2691 798 2730 semper
827 2687 917 2717 sunt
948 2692 1116 2729 quorum
1145 2691 1190 2717 ea

125 2751 186 2780 est
217 2749 357 2779 natura
387 2748 430 2778 ut
461 2740 503 2777 in
534 2739 640 2776 hunc
670 2738 859 2776 mundum
892 2738 1072 2776 decidere
1111 2751 1190 2776 non

128 2801 299 2853 possint,
321 2799 581 2849 intelligentia
599 2810 686 2836 eum
710 2798 896 2836 universo
918 2797 1188 2848 conjungitur,

128 2871 167 2898 et
186 2861 234 2897 ad
263 2859 385 2897 Deum
421 2860 552 2910 ipsum
585 2857 765 2896 evehitur
788 2871 796 2895 :
820 2857 1039 2896 adhaerente
1063 2867 1189 2896 autem

131 2932 298 2971 corpore
318 2919 404 2957 loco
422 2927 508 2968 eget
524 2918 572 2956 ad
602 2917 857 2955 habitandum
870 2947 879 2965 ,
904 2918 1017 2956 talem
1039 2917 1190 2956 deside-

132 2992 222 3017 rans
235 3008 246 3027 ,
268 2979 310 3017 in
331 2992 410 3030 quo
429 2979 548 3016 stellae
569 2978 692 3016 instar
712 2977 938 3016 collocetur.
976 2977 1192 3017 Conveniat

134 3052 228 3077 vero
266 3037 494 3090 hujusmodi
532 3038 693 3090 corpori
725 3038 834 3076 locus
882 3038 949 3075 ille
988 3038 1057 3088 qui
1091 3037 1193 3077 lunae

133 3100 311 3148 proxime
334 3096 530 3149 subjacet,
556 3098 704 3149 quippe
736 3097 805 3148 qui
837 3097 1070 3148 corporibus
1099 3111 1194 3136 cor—

133 3158 307 3209 ruptioni
327 3157 513 3196 obnoxiis
528 3157 711 3209 superior
728 3158 800 3204 sit,
820 3156 1045 3195 coelestibus
1066 3165 1192 3195 autem

135 3217 314 3264 inferior,
334 3229 449 3268 quem
474 3216 710 3267 Pythagorei
733 3218 886 3254 llberum
918 3216 1097 3253 oetherem
1124 3230 1193 3254 vo·

133 3282 243 3321 cant,
262 3275 441 3312 oetlzerem
456 3275 612 3325 quidem
629 3307 638 3322 ,
652 3285 694 3314 ut
707 3288 850 3326 corpus
868 3275 1038 3312 materiae
1054 3287 1195 3326 expers

134 3341 250 3382 atque
269 3341 478 3381 aeternum,
503 3336 657 3371 liberum
675 3343 802 3372 autem
815 3364 825 3383 ,
845 3342 888 3372 ut
903 3347 926 3372 a
942 3333 1112 3372 materiae
1131 3335 1197 3373 af·-

138 3390 303 3430 l‘ectibus
326 3405 483 3443 purum.
503 3391 605 3438 Quid
623 3393 745 3443 igitur
764 3394 798 3432 is
818 3393 886 3444 qui
906 3406 953 3431 eo
970 3394 1198 3445 pervenerit

135 3450 243 3488 aliud
262 3451 359 3498 erit,
382 3464 497 3502 quam
520 3452 624 3502 quod
649 3452 746 3491 dicit
763 3465 921 3491 carmen
934 3481 944 3500 ‚
960 3457 1035 3490 eris
1051 3457 1198 3490 Immor-

135 3512 224 3547 talis
239 3512 362 3548 deus?
381 3511 460 3549 illis
484 3511 626 3551 similis
646 3513 768 3551 factus
785 3513 854 3564 qui
878 3512 1064 3551 carminis
1081 3512 1197 3551 initio

2221 261 2300 295 483

1241 339 1312 393 ρόν.
1335 333 1453 379 Τίοῧν
1473 342 1490 377 ὁ
1508 340 1620 379 ἐκεῖσε
1641 339 1748 378 ἐλθὼν
1766 340 1878 389 ἔσται,
1897 339 1922 388 ἢ
1932 345 2046 387 τοῦτο,
2066 341 2087 380 δ’
2105 338 2252 396 φησιν,’ἔ
2262 359 2303 381 σ.

1239 415 1316 439 σεα
1329 416 1340 438 ι
1360 403 1407 438 ἀθ
1420 399 1500 438 άνα
1513 414 1589 443 τος
1612 400 1701 445 θεός,
1723 399 1950 451 ὡμοιωμένος
1974 407 2043 445 τοῖς
2063 403 2096 440 ἐν
2124 404 2217 455 ἀρχῇ
2235 405 2304 442 τῶν

1243 462 1337 500 ἐπῶν
1357 461 1532 512 λεχθεῖσιν
1552 459 1738 503 ἀθανάτοις
1767 464 1873 508 θεοῖς,
1896 463 1934 499 οὐ
1957 461 2060 513 φύσει
2079 462 2305 507 ἀθάνατος

1240 520 1344 564 θεός.
1403 521 1488 563 Πῶς
1513 519 1582 571 γὰρ
1606 519 1646 558 τὸ
1676 520 1748 559 ἀπὸ
1775 519 1903 572 χρόνου
1922 521 2014 565 τινὸς
2039 522 2224 575 προκόψαν
2242 522 2304 561 καὶ

1241 579 1452 623 ἐπιδεδωκὸς
1483 580 1532 623 εἷς
1554 578 1681 631 ἀρετὴν
1713 579 1775 618 καὶ
1804 578 2002 618 ἀποθέωσιν
2025 586 2096 625 τοῖς
2124 580 2160 626 ἐξ
2190 582 2304 620 ἀϊδίου

1240 639 1407 683 τοιούτοις
1429 640 1477 684 εἷς
1507 638 1636 677 ταυτὸν
1670 640 1711 677 ἄν
1746 654 1833 677 ποτε
1866 639 2092 688 κατασταίη;
2128 641 2239 688 Δηλοῖ
2272 641 2309 680 δὲ

1242 701 1344 738 τοῦτο
1367 701 1389 745 ἠ
1410 697 1606 751 προσθήκη·
1628 700 1679 751 τῷ
1695 697 1764 752 γὰρ
1789 697 1946 738 ἔσσεαι
1972 699 2192 745 ἀθάνατος
2210 700 2308 745 θεὸς

1243 758 1443 811 ἐπήγαγεν,
1474 757 1718 812 ἀμὸροτος,
1748 758 1828 797 οὔκ
1851 756 1918 797 ἔτι
1938 758 2111 807 θνητός·
2136 758 2193 797 ἵνα
2214 760 2308 800 κατὰ

1245 817 1428 871 ἀφαίρεσιν
1441 822 1500 857 τοῦ
1521 821 1647 871 βροτοῦ
1667 817 1729 856 καὶ
1746 821 1806 857 τοῦ
1836 821 1962 867 θνητοῦ
1984 822 2004 867 ἠ
2029 816 2186 858 θεοποι”ί”α
2207 822 2310 871 ἡμῶν

1243 879 1390 925 νοῆται,
1409 876 1468 914 ἅτε
1495 875 1543 927 μὴ
1574 876 1675 930 φύσει
1697 877 1786 929 μηδὲ
1807 878 1885 916 κατ’
1907 876 2028 916 οὐσίαν
2047 879 2134 927 ἡμιν
2160 877 2308 932 ἐνυπάρ-

1243 950 1373 989 χουσα,
1385 938 1489 975 ἀλλΗ
1475 953 1514 976 εκ
1524 952 1706 998 προκοπης
1721 953 1782 976 και
1796 953 1864 976 κατ
1865 936 2042 995 ’ἐπίδοσιν
2061 937 2307 989 ἐπιγενομένη.

1246 995 1309 1040 Ὡς
1326 995 1413 1035 ἄλλο
1434 995 1530 1048 γένος
1552 999 1642 1035 εἶναι
1658 1013 1761 1035 τουτο
1773 998 1910 1046 θεῶν,
1934 999 1983 1036 ἀθ
1996 997 2165 1037 ανάτων
2186 997 2249 1049 μὲν
2267 1001 2312 1052 τῇ

1246 1055 1382 1108 ἀνόδῳ,
1402 1059 1577 1104 θνητῶν
1595 1056 1632 1095 δὲ
1649 1059 1692 1109 τῇ
1710 1056 1849 1110 καθόδῳ
1863 1058 2093 1109 γιγνομένων,
2112 1056 2145 1095 οἳ
2164 1073 2225 1096 και
2238 1060 2310 1096 τῶν

1247 1117 1387 1167 ἀγαυῶν
1443 1115 1568 1169 ἡρώων
1610 1115 1644 1161 ἐξ
1685 1116 1840 1168 ἀνάγκης
1880 1116 2145 1166 ὓποὸεὸήκασιν
2161 1149 2170 1167 ,
2213 1117 2312 1170 εἴπερ

1247 1177 1372 1215 ἐκεῖνοι
1392 1174 1454 1226 μὲν
1474 1175 1527 1215 ἀεὶ
1541 1179 1657 1214 νοοῦσι
1669 1175 1727 1213 τὸν
1742 1176 1833 1227 θεόν,
1852 1170 1945 1214 οὗτοι
1965 1176 2001 1214 δὲ
2021 1176 2082 1215 καὶ
2103 1179 2150 1221 εἷς
2169 1176 2313 1230 ἄγνοιαν

1248 1236 1354 1275 αὐτοῦ
1374 1251 1459 1274 ποτε
1479 1234 1684 1274 πίπτουσιν.
1714 1236 1767 1274 Οὐ
1787 1234 1855 1287 γὰρ
1881 1234 1922 1282 δὴ
1940 1235 1981 1274 τὸ
2000 1236 2117 1289 τρίτον
2146 1235 2244 1289 γένος
2260 1252 2313 1276 τε·

1246 1293 1388 1334 λειωθὲν
1412 1294 1434 1342 ἢ
1454 1298 1514 1333 τοῦ
1535 1294 1642 1345 μέσου
1659 1293 1795 1345 γένοιτο
1815 1293 1856 1332 ἂν
1877 1296 2055 1346 κρεῖττον,
2069 1295 2093 1342 ἢ
2111 1297 2161 1347 τῷ
2182 1294 2314 1348 πρώτῳ

1246 1354 1336 1403 ἴσον,
1369 1354 1462 1394 ἀλλὰ
1494 1354 1596 1403 μένον
1623 1353 1739 1407 τρίτον
1772 1357 1956 1405 ὁμοιοῦται
1986 1357 2036 1409 τῷ
2065 1353 2199 1408 πρώτῳ
2219 1354 2311 1407 γένει

1249 1414 1534 1466 ὑποτεταγμένον
1566 1416 1617 1469 τῷ
1654 1414 1767 1468 μέσῳ.
1826 1414 1874 1454 Ἥ
1901 1415 1968 1466 γὰρ
2000 1416 2094 1454 κατὰ
2124 1415 2246 1468 σχέσιν
2262 1416 2264 1418 ’
2278 1416 2313 1454 ἓν

1251 1475 1447 1529 ἀνθρώποις
1467 1475 1629 1529 ὁρωμένη
1648 1475 1735 1528 πρὸς
1754 1474 1833 1520 τοὺς
1853 1475 2033 1529 οὐρανίους
2051 1476 2216 1526 ὁμοιότης
2244 1475 2312 1523 ἤδη

1249 1534 1476 1588 προϋπάρχει
1495 1536 1708 1587 τελειότερον
1735 1534 1796 1573 καὶ
1817 1534 2099 1589 προσφυέστερον
2115 1537 2186 1579 τοῖς
2202 1537 2314 1587 ἡρωϊ-

1248 1599 1321 1638 κοῖς
1353 1594 1414 1633 καὶ
1453 1594 1572 1646 μέσοις
1606 1593 1734 1646 γένεσι.
1806 1594 1879 1634 Καὶ
1912 1593 2003 1633 οὕτω
2039 1594 2137 1640 κοινὴ
2165 1593 2225 1632 καὶ
2249 1594 2314 1644 μία

1247 1653 1389 1693 πάντων
1406 1656 1475 1693 τῶν
1499 1655 1648 1706 λογικῶν
1662 1655 1771 1706 γενῶν
1792 1653 1968 1702 τελειότης
1988 1656 2170 1707 θεωρεῖται
2188 1657 2210 1702 ἡ
2225 1653 2312 1707 πρὸς

1248 1712 1306 1752 τὸν
1328 1713 1539 1767 δημιουργὸν
1560 1713 1636 1751 θεὸν
1654 1712 1831 1764 ὁμοιότης.
1903 1712 2003 1761 Αὕτη
2024 1713 2060 1754 δὲ
2089 1713 2143 1752 ἀεὶ
2168 1713 2230 1763 μὲν
2252 1713 2313 1752 καὶ

1249 1771 1418 1816 ὡσαύτως
1444 1772 1598 1826 ὑπάρχει
1619 1778 1691 1817 τοῖς
1722 1771 1903 1826 οὐρανίοις·
1934 1772 1990 1811 ἀεὶ
2022 1773 2057 1811 δὲ
2087 1773 2190 1824 μόνον
2206 1803 2215 1820 ,
2248 1774 2313 1827 οὐχ

1211 1898 1480 1962 {immortales
1518 1905 1575 1944 dii
1608 1905 1701 1943 dicti
1727 1913 1842 1952 sunt,
1882 1919 1960 1942 non
1990 1913 2131 1943 natura
2164 1909 2315 1943 [annor-

1244 1966 1335 2001 tal1's
1351 1967 1456 2005 deus.
1475 1965 1563 2011 Quo
1585 1973 1699 2016 pacto
1725 1964 1829 2002 enim
1848 1964 1953 2015 quod
1980 1977 2002 2001 a
2017 1972 2122 2002 certo
2141 1973 2316 2016 tempore

1245 2024 1412 2076 profecit
1444 2033 1560 2076 atque
1580 2026 1622 2063 in
1641 2024 1787 2063 virtute
1808 2033 1935 2062 tantos
1952 2024 2044 2070 fecit
2063 2037 2314 2076 progressus,

1245 2093 1289 2123 ut
1305 2085 1535 2123 relationem
1554 2085 1658 2123 inter
1674 2085 1787 2123 divos
1804 2093 2127 2136 consequeretur,
2148 2083 2311 2123 eandem

1247 2157 1420 2195 unquam
1442 2144 1632 2183 sortiatur
1649 2144 1899 2193 dignitatem,
1920 2157 2007 2194 quae
2027 2143 2070 2181 in
2091 2144 2141 2182 iis
2161 2152 2219 2182 est
2243 2143 2312 2194 qui

1247 2203 1296 2241 ab
1314 2203 1422 2241 omni
1442 2204 1654 2242 aeternitate
1674 2203 1769 2242 tales
1796 2204 1980 2241 fuerunt?
2003 2203 2086 2241 Hoc
2117 2212 2243 2242 autem
2275 2204 2315 2242 id

1250 2263 1356 2314 quod
1375 2263 1533 2301 additur
1552 2263 1741 2311 ostendit3
1763 2262 1897 2301 verbis
1920 2263 2025 2301 enim
2052 2263 2133 2301 illis
2154 2268 2228 2301 eris
2246 2269 2316 2302 im·

1248 2326 1421 2360 mortalis
1438 2325 1530 2360 deus
1557 2321 1700 2374 adjecit
1720 2328 1975 2373 incorruptus,
2004 2336 2122 2373 neque
2152 2328 2316 2375 amplius

1249 2386 1362 2419 morti
1385 2384 1587 2432 obnoxius,
1612 2390 1655 2419 ut
1674 2394 1721 2419 eo
1752 2381 1857 2432 quod
1880 2381 2069 2423 caducum
2091 2390 2129 2419 et
2150 2383 2316 2421 mortale

1249 2449 1307 2480 est
1332 2432 1486 2480 sublato
1520 2441 1710 2480 divinitas
1741 2441 1858 2480 nobis
1891 2441 2039 2479 tributa
2057 2442 2314 2493 intelligatur,

1249 2501 1398 2552 quippe
1417 2514 1502 2551 quae
1523 2514 1595 2539 nec
1614 2510 1751 2539 natura
1765 2514 1835 2538 nec
1851 2500 2069 2539 substantia
2083 2501 2197 2544 nobis
2210 2502 2317 2548 insit,

1222 2603 1224 2606 ⁸
1250 2560 1318 2599 sed
1350 2560 1527 2612 profectu
1555 2569 1593 2598 et
1622 2573 1834 2611 progressu
1864 2559 1981 2598 nobis
2018 2561 2241 2610 accesserit3
2275 2571 2318 2600 ut

1253 2619 1362 2657 aliud
1384 2619 1458 2658 hoc
1479 2619 1530 2658 sit
1551 2618 1714 2657 deorum
1737 2632 1859 2668 genus
1873 2649 1883 2667 ‚
1909 2619 2192 2657 immortalium
2222 2621 2316 2672 qui-

1251 2679 1337 2716 dem
1374 2691 1563 2725 ascensu,
1598 2678 1824 2716 mortalium
1866 2691 1963 2716 vero
2004 2678 2215 2727 descensu,
2247 2681 2316 2731 qui

1250 2739 1365 2776 etiam
1397 2737 1586 2776 heroibus
1610 2737 1832 2776 illustribus
1859 2737 2081 2776 necessario
2103 2738 2318 2778 ‘inferiores

1252 2807 1342 2836 sunt
1356 2830 1365 2846 ,
1390 2797 1585 2849 siquidem
1603 2797 1662 2835 illi
1683 2798 1807 2835 Deum
1826 2809 1981 2848 semper
2000 2797 2251 2847 intelligunt,
2277 2800 2318 2836 hi

1252 2867 1378 2896 autem
1401 2858 1443 2896 in
1463 2857 1548 2908 ejus
1565 2857 1855 2907 ignorationem
1884 2856 2096 2908 aliquando
2125 2858 2315 2898 incidunt.

1252 2915 1507 2967 Nequaquam
1527 2915 1630 2954 enim
1664 2915 1822 2954 tertium
1846 2929 1968 2966 genus
1989 2916 2037 2954 ad
2065 2916 2318 2968 perfectionis

1255 2977 1451 3027 fastigium
1488 2985 1668 3015 evectum
1700 2984 1767 3014 aut
1800 2975 1931 3014 medio
1967 2977 2217 3028 praestantius
2253 2986 2319 3015 aut

1254 3050 1301 3088 pr
1307 3037 1386 3075 imo
1407 3037 1555 3088 aequale
1586 3037 1725 3085 fuerit,
1743 3036 1812 3075 sed
1833 3037 1991 3075 tertium
2010 3037 2136 3075 adhuc
2157 3050 2318 3077 manens

1253 3105 1291 3135 et
1315 3097 1444 3135 medio
1479 3098 1612 3147 generi
1638 3097 1857 3149 subjectum
1893 3098 2023 3149 primo
2058 3097 2316 3138 assimilatur.

1253 3156 1348 3194 Nam
1373 3171 1459 3208 quae
1488 3159 1529 3195 in
1560 3157 1789 3196 hominibus
1810 3157 1986 3195 cernitur
2017 3170 2104 3195 cum
2130 3157 2206 3196 diis
2237 3158 2320 3196 im-

1255 3216 1489 3255 mortalibus
1506 3229 1554 3255 ex
1570 3216 1708 3255 habitu
1732 3226 1817 3255 orta
1836 3216 2054 3255 similitudo
2076 3230 2084 3254 z
2104 3229 2149 3254 ea
2178 3218 2318 3268 perfe—

1256 3277 1356 3314 ctior
1377 3284 1414 3313 et
1442 3276 1742 3315 convenientior
1759 3275 1842 3327 jam
1865 3276 1977 3327 prius
2005 3284 2063 3313 est
2092 3275 2262 3314 heroicis
2282 3285 2320 3314 et

1257 3336 1397 3374 mediis
1421 3335 1647 3386 generibus.
1671 3335 1735 3373 Sic
1757 3335 1977 3373 communis
1992 3343 2029 3372 et
2045 3348 2122 3371 una
2139 3333 2317 3372 omnium

1257 3407 1442 3444 generum
1473 3395 1627 3433 ratione
1655 3394 1915 3447 praeditorum
1941 3393 2130 3445 perfectio
2158 3402 2319 3444 apparet

1258 3467 1392 3492 eorum
1416 3468 1503 3492 cum
1526 3455 1606 3492 Deo
1624 3467 1756 3492 rerum
1787 3454 1930 3505 opifice
1962 3451 2194 3490 similitudo.
2228 3451 2318 3489 Haec

1260 3525 1414 3565 semper
1429 3522 1544 3564 atque
1559 3513 1693 3552 eodem
1709 3512 1825 3552 modo
1840 3513 1942 3551 inest
1956 3511 2180 3550 coelestibus
2193 3540 2203 3559 ,
2223 3524 2319 3550 sem-

2084 3599 2128 3623 ssl-
