2612 3814
1007 292 1070 331 DE
1106 291 1343 342 MELISSO,
1381 290 1493 330 ETC.

163 382 203 423 τὸ
221 383 258 422 ἓν
276 382 453 435 γίγνεσθαι
465 382 525 420 καὶ
541 380 579 420 τὸ
595 380 680 431 μὴ’
662 396 699 420 ον
714 383 919 420 τεκνοῦσθαι
939 380 1000 419 και
1016 381 1055 419 τὸ
1072 379 1110 419 ὂν
1123 380 1216 434 φθεί-

164 446 284 496 ρεσθαι
303 441 581 495 ἀναγκάζεσθαι·
607 443 721 479 ταῦτα
739 439 775 478 δὲ
797 438 953 478 ἀδυνατα
985 443 1085 479 εἶναι.
1143 439 1218 479 Καὶ

161 502 231 556 γὰρ
245 503 275 541 εἴ
295 502 335 541 τὸ
355 499 529 554 μεμῖχθαί
545 516 580 539 τι
603 499 675 539 ἓν’
660 516 700 538 εκ
715 499 884 538 πλειόνων
907 499 1058 552 λέγοιτο,
1081 498 1142 538 καὶ
1163 498 1218 546 εἴη

107 576 147 603 25
161 561 276 601 πολλοί
296 577 334 600 τε
353 560 414 601 καὶ
433 559 621 611 κινούμενα
641 561 689 604 εἷς
701 559 840 608 ἄλληλα
860 558 905 598 τὰ
924 557 1141 611 πράγματα,
1158 556 1219 596 καὶ

162 625 184 669 ἡ
207 621 296 675 μῖξις
315 620 338 669 ἢ
368 623 414 665 ὡς
441 621 477 659 ἐν
498 620 548 659 ἑνὶ
570 620 725 664 σύνθεσις
754 619 807 668 εἴη
839 622 908 658 τῶν
929 619 1112 666 πλειόνων,
1132 617 1155 665 ἢ
1175 619 1219 669 τῇ

163 681 354 727 ἐπαλλάξει
371 684 440 720 οῖον
473 679 718 733 ἕπιπρόσθεσις
737 679 890 730 γίγνοιτο
910 680 979 717 τῶν
1010 676 1219 738 μιχθέντων,

161 742 300 786 ἐκείνως
316 739 415 792 μὲν
398 757 439 779 αν
456 742 524 778 τῶν
545 741 608 778 ἀπ
627 738 790 787 ἀλλήλων
803 737 1050 791 χωριζομένων
1063 741 1153 777 εἰναι
1172 735 1218 774 τὰ

163 801 346 855 μιχθέντα,
356 798 546 854 ἕπιπροσθέ
549 815 636 843 σεως
651 800 679 837 δ’
692 798 795 846 οὔσης
806 800 841 837 ἐν
855 801 900 852 τῇ
914 797 1028 852 τρίψει
1040 796 1220 850 γίγνεσθαι

2261 301 2337 334 279

1283 379 1324 418 ἂν
1346 379 1494 419 ἕκαστον
1514 379 1675 434 φανερόν,
1697 380 1961 433 ἀφαιρουμένων
1987 382 2056 419 τῶν
2079 381 2226 432 πρώτων
2247 380 2339 420 κατὰ
2358 382 2383 419 b

1280 438 1325 478 τὰ
1344 439 1404 477 ὑπ’
1435 439 1574 486 ἄλληλα
1592 438 1736 477 τεθέντα
1755 440 1825 477 τῶν
1863 439 2076 492 μιχθέντων·
2095 434 2143 478 ὧν
2165 441 2343 491 οὐδέτερον

1281 497 1503 550 συμὸαίνειν.
1527 497 1629 538 Κατὰ
1649 501 1769 537 τοῦτον
1785 498 1821 537 δὲ
1837 498 1893 536 τὸν
1906 498 2034 552 τρόπον
2050 498 2113 537 κᾶν
2129 503 2217 537 εἰναι
2229 501 2346 539 πολλὰ

1281 558 1342 597 καὶ
1358 559 1422 597 οὐκ
1442 557 1484 597 ἂν
1500 561 1586 609 ἡμῖν
1611 556 1797 610 φαίνεσθαι
1820 557 1946 608 μόνως.
2010 556 2120 598 εΏστ’
2140 557 2261 606 ἐπειδὴ
2279 559 2347 611 οὐχ

1281 611 1352 657 οῖόν
1373 618 1406 656 θ’
1424 633 1548 664 ουτως,
1571 615 1649 655 οὐδὲ
1665 615 1814 656 πολλὰ
1795 616 1941 655 ουνατὸν
1960 610 2108 655 εἶναιτὰ
2132 616 2228 665 ὄντα,
2252 617 2344 656 ἀλλὰ
2362 627 2380 653 5

1281 681 1392 716 ταῦτα
1409 677 1522 716 δοκεῖν
1538 678 1600 715 οὐκ
1619 677 1726 730 ὀρθῶς
1741 675 1870 729 (πολλὰ
1889 675 1957 730 γὰρ
1977 677 2038 715 καὶ
2064 676 2156 715 ἄλλα
2171 676 2265 715 κατὰ
2283 676 2346 725 τὴν

1284 735 1444 784 αἴσθησιν
1459 737 1695 790 φαντάζεσθαι
1714 735 1907 788 ἀπατηλά)·
1924 736 1982 775 τὸν
1998 735 2034 775 δὲ
2051 736 2153 789 λόγον
2176 735 2217 775 ἂν
2236 738 2346 789 αἱρεῖν

1283 794 1362 834 οὔτε
1380 798 1491 833 ταῦτα
1513 795 1716 847 γίγνεσθαι,
1740 794 1820 834 οὔτε
1840 795 1957 834 πολλὰ
1978 790 2066 834 εἶναι
2087 795 2126 835 τὸ
2143 795 2193 843 ὅν,
2215 795 2292 834 ἀλλ’
2309 795 2345 835 ἓν

159 949 286 981 τεθέντα
313 951 376 980 τῶν
401 947 573 989 μιχθέντων
584 955 593 963 ·
612 947 656 978 ὧν
685 946 844 988 οὐδέτερον
875 944 1067 985 συμὸαίνειν.
1114 943 1225 976 Priora

162 1004 264 1036 usque
282 995 321 1026 ad
336 995 449 1026 ἄνοσον
467 995 545 1026 εἶναι
562 993 760 1026 membranae
777 992 934 1033 Lipsiensi
954 991 1133 1032 debentur;
1151 991 1224 1023 reli-

162 1043 218 1085 qui
243 1042 339 1075 codd.
373 1045 542 1082 corruptas
568 1041 721 1074 lectiones
750 1039 905 1081 praebent.
949 1038 1073 1071 Deinde
1095 1038 1223 1079 vulgata

160 1090 359 1131 exemplaria
377 1089 424 1121 sic
441 1089 559 1121 habent
576 1098 584 1120 z
602 1089 685 1120 κατὰ
707 1087 810 1120 πάντα
831 1087 892 1129 γὰρ
910 1089 1010 1118 ταῦτα
1025 1086 1127 1118 πολλοὶ
1140 1097 1174 1118 τε
1190 1086 1225 1118 τὸ

161 1138 207 1179 μή
221 1137 256 1169 ὃν
269 1137 421 1177 γίνεσθαι,
434 1137 487 1168 καὶ
502 1136 538 1168 τὸ
556 1136 598 1177 μή
609 1136 643 1168 ὃν
653 1135 852 1173 τεκνοῦσθαι,
875 1134 928 1166 καὶ
942 1133 977 1165 τὸ
994 1133 1029 1165 ὃν
1048 1133 1224 1174 φθείρεσθαι

164 1185 410 1226 ἀναγκάζεσθαι,
434 1192 509 1225 quae
529 1183 602 1216 ferri
633 1191 699 1215 non
719 1190 813 1224 posse
843 1181 876 1213 in
901 1183 1054 1222 promptu
1082 1183 1143 1212 est.
1188 1182 1225 1212 In

162 1232 275 1264 codice
289 1230 444 1272 Lipsiensi
469 1230 531 1262 hoc
546 1229 679 1270 quidem
705 1229 777 1261 loco
799 1227 916 1269 legitur
935 1227 1094 1268 γίνεσθαι,
1112 1226 1168 1259 sed
1194 1227 1226 1259 in

163 1279 327 1320 plerisque
356 1278 427 1310 aliis
457 1279 557 1310 attica
589 1277 692 1310 forma
720 1276 881 1317 γίγνεσθαι
916 1276 1086 1317 reperitur.
1132 1275 1225 1313 Quod

158 1335 262 1368 quum
279 1327 323 1358 ita
337 1334 372 1358 se
385 1325 501 1358 habeat
517 1325 648 1367 propter
668 1323 741 1356 libri
760 1323 846 1356 illius
863 1323 1080 1364 praestantiam
1093 1323 1226 1355 atticam

161 1374 283 1414 ubique
316 1373 510 1414 scripturam
545 1380 587 1405 ne
611 1372 735 1404 monito
761 1371 895 1413 quidem
929 1371 1051 1404 lectore
1083 1370 1225 1404 restitui.

159 1419 367 1461 Spaldingius
399 1419 500 1452 verba
531 1419 611 1451 satis
638 1418 732 1459 plana
750 1418 797 1450 sic
821 1417 937 1456 corrigi
957 1417 1112 1450 volebat:
1136 1418 1227 1449 Κατὰ

158 1467 263 1500 πάντα
280 1467 340 1508 γὰρ
355 1470 455 1498 ταῦτα
467 1466 567 1498 πολλοὶ
579 1476 612 1498 τε
625 1467 661 1499 τὸ
679 1466 723 1507 μή
736 1465 771 1498 ὃν
786 1465 839 1497 καὶ
858 1466 901 1507 μή
917 1465 950 1497 ἓν
965 1465 1105 1506 γίνεσθαι
1119 1466 1173 1497 καὶ
1190 1466 1226 1498 τὸ

163 1515 205 1555 μὴ
221 1514 255 1546 ὃν
271 1515 456 1546 τεκνοῦσθαι
469 1513 522 1545 καὶ
533 1513 570 1545 τὸ
583 1512 617 1545 ὃν
635 1512 811 1555 φθείρεσθαι
825 1512 1065 1552 ἀναγκάζεσθαι.
1090 1511 1228 1545 Beckius

160 1563 258 1595 etiam
275 1562 357 1594 τὸὲν
370 1563 442 1603 post
457 1561 558 1594 πολλά
569 1571 603 1592 τε
626 1570 683 1601 pro
699 1561 735 1593 τὸ
755 1561 798 1602 μὴ
821 1560 856 1592 ὃν
880 1559 999 1592 librarii
1026 1569 1134 1593 errore
1149 1560 1228 1592 scri-

160 1612 256 1651 ptum
274 1610 419 1651 putabat.
466 1611 506 1641 At
519 1609 596 1641 nihil
615 1608 827 1649 mutandum;
846 1616 921 1640 nam
937 1608 1130 1641 sententiam
1146 1608 1229 1640 hanc

159 1666 231 1690 esse
247 1657 374 1698 liquet:
396 1669 413 1685 «
432 1655 482 1688 his
499 1655 653 1687 omnibus
678 1655 765 1687 enim
794 1664 896 1688 unum
923 1655 1041 1688 mutari
1062 1655 1093 1687 in
1126 1656 1228 1688 multa

158 1707 260 1746 atque
282 1704 314 1735 id
336 1703 423 1747 quod
440 1711 505 1735 non
528 1703 569 1735 sit
582 1703 667 1743 gigni
686 1704 720 1735 et
736 1702 824 1743 quod
844 1703 886 1735 sit
905 1703 1083 1736 necessario
1105 1704 1228 1736 exstin-

160 1752 230 1793 gui.
243 1764 260 1780 ν
305 1753 346 1784 In
364 1752 512 1792 sequenti
528 1750 750 1783 enuntiatione
765 1750 867 1783 codex
880 1750 1053 1791 Lipsiensis
1066 1750 1114 1789 εῐη
1128 1750 1230 1783 πολλά

162 1810 198 1831 τε
214 1799 266 1831 καὶ
282 1798 450 1840 κινούμενα
468 1797 588 1839 praebet
605 1806 663 1838 pro
677 1797 807 1838 vulgato
826 1798 928 1830 πολλὰ
949 1799 1131 1841 κινούμενα.
1152 1800 1229 1831 Post

161 1848 217 1879 καὶ
233 1849 254 1886 ἡ
269 1847 347 1889 μῖξις
361 1847 395 1879 in
416 1845 530 1878 eadem
553 1845 742 1877 membrana
761 1845 879 1885 legitur
900 1847 932 1887 ἡ,
955 1846 1010 1879 sed
1035 1847 1154 1879 rectius
1171 1855 1228 1887 po-

163 1895 253 1927 nitur
266 1897 285 1934 ἢ
305 1903 404 1935 quam
422 1893 593 1926 lectionem
615 1892 794 1926 Felicianus
807 1895 966 1934 expressit
982 1894 1038 1935 qui
1057 1895 1109 1927 vel
1129 1895 1227 1926 inter-

162 1943 319 1985 pretatur.
364 1943 425 1974 Pro
441 1940 622 1981 ἀπαλλάξει,
640 1940 728 1981 quod
741 1940 774 1973 in
790 1941 944 1974 omnibus
963 1943 1012 1975 est
1027 1941 1223 1983 exemplari-

162 1992 238 2031 bus,
267 1989 430 2027 ἐπαλλάξει
455 1989 631 2022 rescribere
648 1998 713 2021 non
745 1990 898 2029 gravatus
924 1998 1009 2022 sum.
1056 1991 1140 2028 Quae
1165 1997 1228 2021 vox

161 2038 243 2081 quid
260 2040 409 2077 sonaret,
439 2036 506 2068 dixi
533 2036 567 2068 in
594 2036 771 2069 Democriti
800 2036 949 2077 fragmm.
977 2045 1009 2078 p.
1037 2039 1110 2071 387.
1133 2039 1227 2077 Quod

163 2086 273 2118 autem
285 2083 472 2124 Simplicius
482 2083 523 2115 ad
540 2084 638 2116 Arist.
659 2083 736 2116 libb.
752 2083 793 2117 de
817 2084 898 2117 Coel.
917 2083 973 2116 fol.
992 2088 1062 2117 150.
1085 2093 1114 2117 a.
1135 2086 1230 2119 refert

162 2133 221 2172 τήν
232 2132 265 2165 δὲ
281 2131 466 2174 συμπλοκὴν
481 2131 654 2173 Ἀὅδηρῖται
672 2131 836 2169 ἐπάλλαξιν
852 2131 996 2172 ἐκάλουν,
1011 2133 1119 2174 ὥσπερ
1132 2134 1149 2165 ὁ
1164 2135 1229 2173 Δη-

165 2181 322 2224 μόιιριτος,
335 2179 369 2212 id
389 2179 485 2212 latius
499 2180 599 2220 patet.
644 2180 728 2212 Nam
742 2179 858 2213 eodem
880 2179 1043 2212 vocabulo
1059 2188 1117 2220 pro
1149 2192 1229 2223 συμ-

162 2229 266 2270 πλοκῇ
287 2228 426 2260 utuutur
456 2227 548 2259 Plato
568 2227 667 2269 soph.
690 2229 764 2268 240,
781 2229 817 2264 G.
834 2227 966 2260 Aristot.
987 2226 1094 2260 Probl.
1116 2230 1169 2268 31,
1192 2233 1227 2261 11

164 2277 263 2318 atque
283 2275 349 2307 alii.
394 2273 573 2306 Felicianus
589 2274 757 2312 ἀπαλλάξει
772 2276 1004 2316 interpretatur
1021 2278 1226 2315 recessione,

164 2323 252 2366 quod
266 2330 366 2365 quam
389 2321 542 2363 frigidum
565 2322 609 2355 sit
624 2332 690 2355 non
704 2324 753 2356 aet
772 2323 862 2364 quod
879 2323 1060 2356 ostendam.
1106 2326 1227 2358 Utrum

164 2373 239 2414 post
263 2375 327 2404 τῶν
359 2370 532 2412 μιχθέντων
561 2370 642 2404 liber
669 2371 842 2413 Lipsiensis
860 2371 1000 2413 ἐκείνοις,
1025 2372 1160 2411 ἐκείνους
1183 2382 1224 2406 an

166 2419 291 2456 ἐκείνως
303 2419 434 2458 habeat,
450 2426 516 2450 nou
531 2417 622 2452 facile
636 2419 723 2452 cerni
740 2428 832 2461 posse
846 2419 983 2452 Beckius
999 2420 1056 2459 ait,
1070 2420 1126 2453 sed
1146 2421 1225 2453 mihi

167 2466 294 2503 ἐκείνως
307 2474 384 2499 cum
398 2464 560 2498 Feliciano
571 2465 742 2506 legendum
754 2465 895 2507 videtur,
906 2467 963 2508 qui
975 2468 1074 2500 vertit
1083 2467 1147 2500 illo
1160 2476 1230 2500 mo-

166 2514 223 2547 do.
268 2514 428 2547 Praeterea
445 2512 625 2545 notandum
635 2515 696 2554 est,
711 2513 794 2546 male
805 2513 984 2546 Bekkerum
996 2514 1061 2547 οίσν
1077 2515 1229 2557 ἐπιπρόσ-

164 2562 255 2599 θησις
268 2561 301 2593 et
320 2559 416 2601 paulo
426 2561 498 2600 post
519 2558 774 2601 ἑπιπροσθήσεως
789 2561 817 2592 δ’
827 2560 923 2599 οὔσης
933 2560 1074 2594 edidisse
1087 2563 1230 2603 neglecta

168 2609 398 2649 plerorumque
417 2605 567 2639 codicum
598 2608 791 2640 auctoritate
813 2607 868 2648 qui
895 2608 1037 2648 utroque
1066 2608 1138 2641 loco
1159 2609 1228 2642 ἑπι-

166 2655 334 2697 πρόσθεσις
346 2656 379 2687 et
388 2654 638 2695 ἑπιπροσθέσεως
647 2654 804 2695 praebent.
850 2656 931 2687 Nam
945 2655 1181 2698 ἐπιπρόσθησις,
1199 2658 1229 2690 id

165 2702 216 2733 est
234 2700 410 2739 obtentus,
425 2699 631 2740 obstructio,
660 2700 873 2740 obscuratio,
901 2700 995 2733 valde
1010 2701 1119 2735 differt
1138 2704 1178 2735 ab
1194 2713 1230 2736 ea

167 2757 250 2781 voce
268 2756 343 2789 quoe
360 2747 415 2779 hic
439 2747 627 2789 requiritur,
649 2747 881 2789 ἐπιπρόσθεσις.
904 2748 1070 2780 Posterius
1087 2750 1229 2782 vocabu-

167 2795 236 2828 lum
254 2794 393 2836 vulgatis
409 2794 534 2834 lexicis,
551 2795 585 2826 in
600 2794 719 2836 quibus
737 2793 949 2833 desideratur,
967 2795 1042 2827 addi
1061 2798 1228 2830 convenit.

168 2844 270 2876 Porro
299 2842 406 2876 verbis
429 2842 555 2880 ἐκείνως
582 2842 637 2884 μὲν
659 2843 697 2874 ἂν
724 2842 820 2883 vulgo
844 2841 1054 2883 subjtingitur
1068 2845 1230 2877 structura

166 2890 366 2930 δι’·όιλλήλων
381 2890 591 2933 χωριζόντων,
605 2889 701 2931 cujus
724 2890 795 2922 loco
820 2890 853 2923 in
877 2890 989 2923 codice
1012 2891 1167 2933 Lipsiensi
1182 2895 1231 2926 est

169 2937 301 2976 διάδηλα
328 2937 513 2980 χωρίζοντα.
558 2939 680 2971 Neutra
707 2937 866 2979 scriptura
894 2938 1103 2971 commodum
1135 2940 1231 2973 habet

167 2992 320 3023 seusum;
342 2987 538 3027 quapropter
553 2988 616 3017 τῶν
638 2985 694 3018 ἀπ’
711 2985 852 3024 ἀλλήλων
870 2987 1090 3028 χωριζομένων
1104 2988 1228 3029 scripsi.

170 3031 316 3073 Denique
337 3031 421 3064 inter
436 3036 500 3064 τῶν
528 3033 663 3074 πρώτων
687 3033 720 3065 et
737 3033 777 3065 τὰ
793 3033 847 3065 ὑπ’
875 3033 995 3072 ἄλληλα
1012 3034 1130 3066 inserui
1148 3036 1230 3067 κατὰ

170 3079 431 3120 praepositionem
463 3089 562 3122 quam
593 3080 752 3113 sententia
780 3080 920 3122 flagitat;
943 3089 1012 3122 'pro
1039 3080 1094 3113 ὑπ’
1113 3080 1230 3120 ἄλληλα

170 3127 280 3159 autem
292 3127 376 3159 male
389 3126 423 3159 in
441 3127 552 3161 codice
568 3127 766 3168 conjunctim
780 3129 949 3160 exaratum
968 3131 1018 3161 est
1036 3128 1212 3167 ὑπάλληλα.

213 3173 245 3206 b.
263 3177 295 3206 2.
313 3173 452 3215 Vulgata
469 3175 564 3208 lectio
577 3175 630 3207 διὰ
639 3178 748 3208 τοῦτον
762 3175 796 3208 δὲ
805 3176 859 3208 τὸν
877 3176 992 3219 τρόπον
1006 3178 1140 3217 praestat
1156 3177 1230 3218 qui·

171 3220 246 3252 dem
259 3221 289 3252 ei
304 3221 421 3261 quaein
440 3221 520 3255 libro
536 3222 693 3263 Lipsiensi
710 3225 759 3256 est
774 3223 826 3256 διὰ
835 3224 954 3256 τούτων
967 3224 1000 3256 δὲ
1013 3227 1075 3256 ’τῶν
1091 3223 1229 3267 τρόπων,

172 3267 228 3300 sed
246 3268 320 3308 poni
338 3269 466 3309 oportet
480 3270 563 3302 κατὰ
584 3273 692 3303 τοῦτον
710 3270 744 3304 δὲ
758 3271 812 3304 τὸν
824 3271 951 3313 τρόπον.
997 3271 1168 3312 Sequentia
1184 3271 1231 3304 sic

171 3314 341 3347 constituit
358 3314 519 3349 Bekkerus
540 3329 550 3350 ι
568 3318 628 3351 κᾶν
644 3318 722 3351 εἶναι
745 3319 843 3351 πολλὰ
862 3320 923 3351 κᾶν
938 3321 1026 3360 ἡμῖν,
1044 3320 1086 3355 ὡς
1103 3319 1137 3351 τὸ
1157 3319 1230 3360 φαί-

171 3362 278 3394 νεσθαι
296 3361 411 3403 μόνως,
428 3363 473 3396 ita
489 3365 573 3397 enim
597 3373 709 3399 omnes
725 3366 852 3399 codices
879 3369 997 3407 praeter
1019 3366 1227 3407 Lipsiensem,

173 3409 208 3442 in
227 3418 293 3451 quo
311 3409 446 3442 Beckius
465 3410 609 3445 invenire
623 3413 684 3446 sibi
700 3413 790 3447 visus
805 3415 855 3448 est
871 3415 930 3447 κᾶν
948 3414 1026 3446 εἶναι
1049 3414 1151 3447 πολλὰ
1170 3415 1229 3446 κᾶν

173 3455 288 3498 ἡμῖνῷ
313 3457 349 3489 τὸ
369 3456 434 3498 (vol
455 3457 514 3499 ἔτι)
539 3460 701 3502 φαίνεσθαι
725 3460 840 3503 μόνως.
884 3461 1016 3502 corrige
1043 3473 1052 3494 :
1075 3462 1134 3493 κᾶν
1148 3459 1229 3494 εἶναι

174 3503 275 3536 πολλὰ
292 3504 345 3536 καὶ
355 3505 414 3537 οὐκ
426 3506 463 3537 ἂν
478 3507 552 3547 ἡμῖν
565 3506 724 3548 φαίνεσθαι
740 3508 853 3549 μόνως.
897 3511 978 3542 Nam
990 3509 1079 3550 quod
1092 3509 1230 3542 Beckius

176 3552 305 3587 volebat
319 3554 378 3586 κᾶν
391 3555 464 3595 ἡμῖν
477 3554 497 3595 ᾖ
510 3555 544 3588 τὸ
561 3556 721 3597 φαίνεσθαι
737 3558 840 3598 μόνως
860 3566 923 3590 non
940 3556 1128 3600 probamus.
1169 3560 1228 3591 l‘ro

1288 944 1349 985 οὐχ
1364 943 1432 977 οἷόν
1445 943 1471 975 θ’
1482 943 1580 980 οὕτως
1597 943 1671 975 cod.
1700 943 1784 984 bip-2.
1799 944 1858 984 οὐχ
1872 943 1939 975 οἷόν
1957 954 1991 975 τε
2007 943 2106 980 οὕτως
2129 945 2161 975 et
2185 943 2282 983 paulo
2301 943 2349 976 in-

1288 992 1385 1024 ferius
1402 992 1481 1024 ἀλλὰ
1499 995 1611 1031 ταῦτα,
1634 991 1726 1032 cuius
1749 991 1821 1024 loco
1842 992 1873 1023 in
1890 992 1960 1024 aliis
1975 991 2142 1024 codicibus
2157 991 2236 1023 ἀλλὰ
2252 992 2351 1024 ταύτά

1286 1039 1442 1080 scriptum
1454 1040 1515 1072 est.
1562 1038 1767 1080 Spaldingius
1780 1040 1851 1080 post
1860 1040 1961 1071 δοκεῖν
1970 1038 2171 1079 distinguens
2180 1039 2239 1071 οὐκ
2252 1039 2350 1082 ὀρθῶς

1288 1095 1346 1127 pro
1362 1087 1485 1127 integra
1511 1085 1672 1119 sententia
1697 1086 1886 1127 accipiebat,
1908 1086 1997 1127 quod
2018 1089 2125 1118 tamen
2145 1095 2351 1127 nequaquam

1286 1132 1516 1165 necessarium.
1540 1133 1694 1174 Sequitur
1706 1134 1909 1175 parenthesis
1921 1134 2021 1166 πολλὰ
2034 1134 2095 1175 γὰρ
2108 1134 2162 1165 καὶ
2177 1134 2255 1166 ἄλλα
2266 1134 2352 1167 κατὰ

1286 1180 1341 1219 τὴν
1358 1179 1504 1218 αἴσθησιν
1516 1179 1720 1220 φαντάζεσθαι
1736 1179 1879 1221 ἅπασαν,
1903 1181 1936 1212 in
1956 1189 2020 1221 qua
2043 1183 2245 1222 postremum
2258 1190 2352 1214 voca-

1287 1226 1423 1266 bulum,
1450 1226 1524 1258 licet
1543 1227 1576 1258 in
1601 1226 1757 1259 omnibus
1782 1236 1866 1268 quos
1898 1227 2061 1260 Bekkerus
2091 1227 2230 1269 inspexit
2264 1228 2354 1262 libris

1288 1282 1386 1305 manu
1403 1274 1543 1306 exaratis
1558 1273 1831 1315 deprehendatur,
1851 1275 1942 1308 nullo
1960 1277 2057 1316 pacto
2072 1275 2146 1308 ferri
2163 1276 2282 1316 potest.
2312 1278 2354 1310 In

1290 1319 1447 1361 Lipsiensi
1465 1321 1535 1362 ejus
1555 1321 1626 1354 loco
1648 1323 1698 1355 est
1715 1322 1841 1366 ἀπατᾷ;
1863 1323 2077 1365 quamobrem
2093 1323 2229 1356 Beckius
2250 1325 2354 1357 suasit

1289 1368 1325 1399 ut
1338 1369 1552 1409 corrigeretur
1572 1370 1788 1413 φανταζόμενα
1805 1371 1932 1413 ἀπατᾷ,
1952 1370 2158 1412 Spaldingius
2179 1379 2256 1404 vero
2272 1371 2354 1404 iudi-

1288 1415 1432 1448 cativum
1459 1416 1548 1448 illum
1567 1425 1633 1449 non
1649 1417 1823 1451 convenire
1842 1418 1999 1451 orationis
2014 1418 2119 1451 tenori
2137 1419 2226 1451 ratus
2245 1416 2354 1461 ἀπατᾷ

1289 1463 1461 1504 vestigium
1483 1464 1594 1504 potius
1624 1473 1710 1498 verae
1735 1465 1885 1499 lectionis
1913 1474 2011 1508 quam
2038 1474 2150 1499 veram
2181 1466 2354 1500 lectionem

1288 1510 1390 1550 ipsam
1408 1520 1478 1544 esse
1491 1511 1662 1552 judicavit.
1707 1514 1823 1555 ltaque
1840 1513 2172 1556 ίιιίίῐιίιὶνυηιάπατᾷν
2184 1514 2212 1546 ei
2234 1523 2355 1555 suppo-

1288 1558 1374 1602 suit,
1394 1567 1492 1600 quem
1513 1561 1622 1593 tamen
1642 1569 1744 1602 quum
1759 1570 1817 1603 pro
1827 1561 2019 1602 glossemate
2035 1561 2170 1594 haberet
2188 1561 2229 1594 ad
2253 1562 2355 1603 expli·

1289 1605 1428 1638 candum
1450 1606 1586 1640 verbum
1615 1607 1820 1650 φαντάζεσθαι
1846 1609 1922 1641 olim
1939 1609 2079 1650 ascripto
2098 1609 2166 1650 ipse
2185 1609 2355 1642 inventum

1288 1661 1385 1686 suum
1403 1653 1609 1695 improbavit.
1654 1657 1767 1697 Neque
1788 1657 1897 1689 tamen
1914 1656 2075 1688 diffitetur
2095 1659 2204 1697 aptam
2222 1658 2354 1689 seuten-

1289 1700 1342 1732 tiae
1361 1700 1428 1734 t'ore
1452 1701 1639 1742 juncturam
1659 1703 1686 1735 si
1712 1704 1763 1736 cui
1786 1704 1816 1736 in
1843 1704 1986 1736 mentem
2014 1703 2123 1735 veniat
2144 1703 2321 1736 rescribere
2342 1717 2352 1737 ι

1288 1748 1389 1780 πολλὰ
1401 1749 1461 1791 γὰρ
1483 1750 1536 1781 καὶ
1556 1749 1635 1782 ἄλλα
1648 1750 1731 1782 κατὰ
1748 1751 1804 1790 τήν
1817 1751 1963 1790 αἶσθησιν
1987 1750 2200 1792 φανταζόμενα
2216 1751 2354 1794 ἀπατᾷν.

1288 1795 1367 1828 Mihi
1383 1805 1440 1837 pro
1456 1797 1564 1839 ἀπατᾷ
1575 1797 1772 1838 adjectivum
1791 1798 1936 1837 ἀπατηλά
1952 1798 2073 1840 requiri
2087 1798 2228 1831 videtur.
2274 1799 2354 1832 Ulti-

1290 1852 1342 1875 ma
1367 1843 1465 1885 hujus
1495 1845 1792 1886 comprehensionis
1812 1846 1913 1879 verba
1937 1846 2024 1887 apud
2049 1846 2231 1879 Bekkerum
2253 1846 2300 1879 sic
2319 1855 2355 1880 se

1290 1891 1411 1924 habent
1431 1905 1439 1924 ι
1456 1893 1549 1934 λόγον
1573 1892 1599 1926 δ’
1614 1894 1684 1926 οὔτ’
1702 1894 1824 1936 ἀναιρεῖ
1835 1895 1875 1926 τὰ
1895 1895 1975 1927 αὑτὰ
1989 1895 2142 1935 γίνεσθαι,
2163 1894 2236 1927 οὔτε
2253 1895 2355 1929 πολλὰ

1290 1939 1367 1971 εἶναι
1384 1939 1421 1972 τὸ
1440 1939 1487 1977 ὄν,
1503 1939 1571 1972 ἀλλ’
1586 1940 1688 1973 ἀΐδιόν
1702 1952 1736 1973 τε
1751 1942 1803 1973 καὶ
1826 1941 1953 1984 ἄπειρον
1966 1943 2019 1973 καὶ
2037 1942 2139 1984 πάντῃ
2153 1941 2262 1983 ὅμοιον
2280 1942 2356 1974 αὐτὸ

1290 1987 1388 2028 αὑτῷ.
1434 1987 1496 2020 Sed
1519 1987 1592 2020 cod.
1617 1989 1706 2030 Lips.
1726 1989 1941 2030 suppeditat'
1927 2001 2031 2032 αναιρε
2019 1990 2213 2022 εἴν-ἀ)>ο“ι“
2200 2000 2233 2021 εν
2254 1989 2355 2022 ἀίδιόν

1289 2045 1333 2067 τε.
1381 2035 1542 2073 Quocirca
1562 2036 1747 2069 Brandisius
1761 2038 1890 2069 Comm.
1911 2037 2028 2070 Eleatt.
2045 2047 2076 2079 p.
2093 2041 2154 2070 210
2173 2036 2235 2078 legi
2250 2037 2357 2070 voluit

1288 2082 1380 2123 λόγος
1396 2083 1424 2114 δ’
1449 2083 1522 2116 οὔτε
1540 2084 1677 2127 ἀναιρεῖ,
1707 2084 1763 2117 sed
1797 2076 1914 2117 meldis
1938 2086 2142 2127 Spaldingius
2166 2085 2272 2118 locum
2307 2086 2356 2119 sic

1289 2130 1486 2163 constituit:
1502 2131 1594 2172 λόγον
1605 2132 1661 2164 δ”
1647 2135 1785 2175 αναιρεῖν
1800 2132 1872 2165 οὔτε
1887 2136 1987 2165 ταῦτα
2002 2134 2155 2174 γίνεσθαι,
2171 2133 2243 2165 οὗτε
2255 2134 2356 2165 πολλὰ

1289 2178 1414 2210 εἶναιτὸ
1427 2177 1475 2218 ὄν,
1491 2178 1559 2211 ἀλλ’
1575 2179 1607 2212 ἓν
1618 2191 1649 2211 κ.
1665 2191 1693 2222 τ.
1706 2180 1732 2211 λ.
1741 2188 1863 2220 ‚usum
1880 2181 1991 2213 autem
2003 2180 2123 2213 verbi'
2109 2184 2265 2222 αναιρεῖν
2259 2180 2356 2213 simili

1289 2229 1439 2269 exemplo
1453 2229 1549 2271 Phys.
1571 2238 1604 2271 p.
1625 2234 1664 2262 58
1686 2238 1719 2263 v.
1739 2233 1778 2263 23
1795 2229 1847 2263 ed.
1866 2230 2095 2272 5ν1θ.ὁλόγος
2108 2230 2243 2273 ἀναιρῶν
2256 2230 2356 2269 οὕτως

1290 2276 1367 2308 εἷναι
1384 2277 1421 2309 τὸ
1439 2276 1566 2320 ἄπειρον
1582 2277 1711 2310 firmare
1736 2277 1858 2311 studet.
1904 2279 1945 2310 At
1964 2286 2029 2310 non
2046 2278 2159 2311 eadem
2187 2278 2393 2320 utriusque

1290 2324 1353 2356 loci
1373 2324 1454 2357 ratio
1471 2328 1531 2357 est.
1578 2325 1647 2357 Etsi
1662 2325 1747 2357 enim
1765 2334 1830 2357 non
1848 2334 1962 2358 recuso
1979 2325 2058 2366 quin
2079 2326 2214 2367 ἀναιρεῖν
2229 2326 2356 2367 aliquo·

1292 2371 1352 2403 ties
1383 2371 1471 2412 apud
1496 2371 1702 2405 Aristotelem
1734 2372 1878 2405 vetandi
1907 2373 1940 2405 et
1968 2373 2121 2413 neqandz·
2141 2373 2250 2406 verbis
2279 2382 2357 2406 cum

1292 2418 1477 2460 Spaldingio
1500 2419 1664 2459 reddatur,
1696 2421 1806 2452 tamen
1828 2420 1879 2452 hic
1901 2420 2039 2452 sortasse
2059 2421 2179 2453 rectius
2201 2421 2321 2454 dicitur
2337 2423 2356 2454 ὁ

1290 2468 1380 2508 λόγος
1393 2469 1476 2509 αἱρεῖ
1487 2469 1582 2500 ratio
1610 2469 1750 2508 evincit,
1769 2476 1866 2509 quam
1883 2469 1901 2500 ὁ
1918 2468 2009 2509 λόγος
2026 2467 2159 2510 ἀναιρεῖ,
2173 2468 2355 2509 praesertim

1289 2523 1391 2557 quum
1428 2514 1548 2556 duplex
1572 2517 1728 2556 sequatur
1755 2515 1884 2557 negatio
1915 2515 2128 2548 οὕτε-οὕτε.
2174 2515 2356 2557 opponitur

1289 2565 1401 2595 autem
1428 2565 1445 2596 ό
1470 2563 1561 2602 λόγος
1579 2567 1618 2606 τῇ
1642 2563 1802 2601 αἰσθήσει.
1847 2565 1960 2605 Itaque
1989 2562 2117 2604 adiecto
2136 2562 2272 2595 articulo
2291 2573 2356 2604 quo

1292 2611 1362 2644 haec
1383 2611 1502 2644 locutio
1518 2620 1627 2644 carere
1642 2612 1754 2653 nequit
1775 2613 1954 2644 orationem
1973 2612 2006 2644 in
2029 2612 2114 2644 hunc
2130 2611 2266 2643 modum
2280 2620 2357 2644 con-

1291 2659 1428 2692 formavi
1455 2673 1462 2692 :
1483 2659 1537 2692 τὸν
1551 2659 1583 2691 δὲ
1599 2659 1692 2700 λόγον
1714 2661 1754 2692 ἂν
1770 2661 1866 2702 αἱρεῖν
1880 2660 1952 2692 οὔτε
1973 2655 2074 2692 ταῦτα
2090 2659 2264 2701 γίγνεσθαι,
2284 2660 2356 2693 οὔτε

1289 2707 1390 2740 πολλὰ
1409 2707 1532 2739 εἶναιτὸ
1549 2706 1593 2741 ὄν,
1608 2705 1675 2738 ἀλλ’
1691 2707 1723 2739 ἓν
1733 2718 1765 2739 κ.
1784 2718 1814 2740 τ.
1833 2708 1863 2740 λ.
1908 2709 1945 2740 In
1959 2707 2011 2740 his
2024 2706 2132 2740 verbis
2143 2716 2242 2748 quum
2255 2710 2357 2740 ταῦτα

1290 2754 1353 2787 sint
1373 2755 1413 2787 τὰ
1428 2755 1515 2794 ὄντα,
1530 2763 1594 2786 nou
1609 2753 1723 2787 dubito
1737 2754 1815 2796 quin
1834 2755 1934 2788 futuri
1947 2755 2012 2788 sint
2027 2755 2083 2797 qui
2100 2754 2224 2794 dicant,
2242 2763 2300 2795 pro
2315 2755 2356 2787 τὰ

1291 2802 1370 2834 αὐτά
1392 2811 1456 2834 non
1471 2805 1537 2834 tam
1553 2804 1666 2841 ταῦτα,
1687 2811 1761 2844 quae
1777 2803 1971 2844 pronomina
1995 2812 2081 2844 saepe
2098 2802 2354 2841 confunduntur,

1291 2857 1388 2890 quam
1404 2849 1443 2881 τὰ
1454 2848 1531 2881 ὄντα
1547 2849 1699 2882 substitui
1714 2853 1876 2892 oportere.
1922 2850 1984 2883 Cui
1997 2850 2140 2892 opinioni
2155 2858 2354 2891 quamquam

1290 2905 1354 2928 non
1371 2896 1523 2941 refragor,
1546 2898 1654 2930 tamen
1676 2899 1708 2931 et
1730 2902 1829 2931 ταῦτα
1851 2898 1984 2939 intelligi
2005 2907 2099 2940 posse
2124 2907 2208 2930 reor.
2254 2899 2354 2930 Caete-

1291 2953 1363 2976 rum
1389 2945 1492 2976 totam
1510 2945 1600 2987 ῥῆσιν
1615 2944 1690 2978 inde
1705 2953 1724 2977 a
1744 2945 1854 2979 verbis
1873 2959 1881 2979 z
1903 2946 1965 2978 Καὶ
1982 2946 2041 2988 γὰρ
2058 2946 2084 2978 εί
2100 2946 2136 2978 τὸ
2146 2946 2298 2986 μεμῖχθαι
2320 2957 2352 2977 κ.

1289 3002 1318 3023 τ.
1337 2992 1365 3024 λ.
1401 2991 1446 3024 ita
1464 2992 1660 3033 interpretor
1680 3001 1689 3024 ε
1712 3004 1727 3021 rt
1746 2994 1874 3026 Etenim
1901 2994 1927 3025 si
1953 3002 2056 3025 unum
2073 2993 2151 3035 quid
2177 2992 2316 3024 mixtum
2337 3002 2355 3024 e

1290 3038 1437 3079 pluribus
1454 3039 1594 3079 dicatur,
1611 3038 1741 3081 sintque
1762 3041 1876 3074 multae
1896 3050 1945 3074 res
1958 3050 2034 3083 quae
2049 3042 2081 3074 iu
2098 3050 2132 3074 se
2155 3043 2269 3073 mutuo
2286 3050 2355 3073 mo-

1290 3089 1438 3128 veantur,
1455 3089 1493 3119 ut
1515 3087 1631 3120 mixtio
1651 3088 1701 3120 vel
1719 3090 1874 3129 tanquam
1897 3089 1930 3121 in
1954 3098 2019 3121 uno
2036 3089 2178 3130 plurium
2193 3089 2354 3130 composi—

1290 3133 1335 3166 tio
1352 3134 1400 3167 vel
1414 3143 1499 3167 nexu
1513 3135 1692 3167 mixtorum
1710 3138 1801 3177 quasi
1812 3137 1950 3177 adjectio
1964 3138 2015 3174 sit,
2032 3136 2115 3168 effici
2134 3138 2171 3169 ut
2184 3136 2239 3168 illo
2257 3136 2354 3169 modo

1291 3182 1392 3213 mixta
1410 3190 1450 3214 ex
1467 3182 1507 3215 iis
1526 3190 1602 3223 quae
1615 3191 1633 3214 a
1650 3192 1720 3216 sese
1739 3186 1855 3216 mutuo
1877 3185 2067 3225 separentur
2084 3184 2263 3225 composita
2278 3184 2354 3223 sint,

1289 3228 1344 3261 ubi
1361 3230 1470 3262 autem
1487 3229 1625 3270 adjectio
1637 3230 1828 3272 reperiatur,
1845 3231 1980 3264 terendo
1997 3232 2131 3272 singulae
2151 3234 2258 3272 partes
2279 3241 2353 3264 ma-

1289 3275 1406 3308 niresto
1422 3280 1609 3318 appareant,
1631 3277 1788 3311 detractis
1806 3278 1916 3320 primis
1931 3278 1963 3310 in
1981 3278 2036 3311 illa
2051 3278 2229 3310 mixtarum
2242 3287 2352 3310 rerum

1289 3323 1435 3364 congerie
1454 3333 1529 3365 quae
1541 3324 1603 3356 sub
1617 3333 1687 3357 sese
1705 3327 1820 3358 mutuo
1837 3326 1949 3368 positae
1960 3326 2046 3367 sint;
2067 3326 2125 3358 sed
2140 3326 2258 3358 horum
2276 3334 2353 3357 neu-

1289 3372 1377 3403 trum
1393 3372 1533 3404 evenire.
1581 3372 1622 3404 At
1639 3371 1700 3404 hoc
1717 3373 1815 3405 modo
1834 3373 1933 3406 etiam
1950 3382 2020 3406 esse
2038 3373 2153 3413 multa,
2180 3381 2239 3404 nec
2259 3372 2352 3404 nobis

1290 3419 1419 3451 tantum
1435 3418 1549 3451 videri.
1596 3419 1721 3452 ldcirco
1739 3419 1816 3461 quia
1836 3430 1887 3453 res
1903 3421 1948 3453 ita
1967 3429 2036 3453 esse
2051 3423 2204 3460 nequeat,
2226 3427 2266 3451 ne
2281 3419 2351 3451 lieri

1289 3464 1421 3505 quidem
1455 3474 1561 3507 pesse,
1579 3467 1618 3498 ut
1640 3475 1677 3499 ea
1703 3475 1779 3507 quae
1805 3469 1881 3500 sunt
1899 3467 2003 3499 multa
2021 3466 2098 3506 sint,
2115 3466 2171 3498 sed
2201 3466 2272 3498 haec
2286 3475 2351 3498 uon

1289 3514 1374 3544 recte
1391 3513 1436 3545 ita
1453 3512 1555 3545 videri
1574 3513 1690 3554 (multa
1710 3514 1797 3546 enim
1826 3517 1859 3547 et
1882 3514 1945 3546 alia
1967 3513 2114 3546 sensibus
2131 3513 2254 3545 fallacia
2275 3522 2349 3554 per-

1290 3559 1372 3600 cipi)
1387 3571 1395 3591 :
1416 3560 1576 3592 rationem
1594 3569 1672 3594 vero
1683 3561 1843 3602 evincere,
1862 3561 1932 3593 liaeo
1947 3559 2035 3602 [quae
2053 3568 2129 3592 vere
2143 3559 2232 3601 sunt]
2246 3566 2351 3601 nequo

2433 963 2439 988 3

2426 996 2439 1027 s.
