2612 3814
277 296 351 331 1⁹8

353 381 443 428 Τοιή
457 381 562 434 μοῖρα
577 383 710 435 βροτῶν
723 380 873 433 βλάπτει
894 381 1031 435 φρένας·
1045 382 1092 426 ὣς
1108 381 1143 421 δὲ
1157 380 1334 436 κύλινδροι

352 440 473 480 ἄλλοτ’
490 442 545 481 ἐπ’
557 441 648 481 ἄλλα
664 440 841 495 φέρονται,
854 440 1020 496 ἀπείρονι
1033 441 1172 493 πήματ’
1185 443 1336 496 ἔχοντες.

352 500 463 555 λυγρὴ
482 500 549 554 γὰρ
569 500 765 547 συνοπαδὸς
784 499 854 555 ἔρις
874 501 1082 554 βλάπτουσα
1103 503 1229 552 λέληθε

291 574 328 602 ⁶0
349 560 528 615 σύμφυτος
541 593 551 610 ,
568 560 613 609 ἣν
631 562 669 600 οὗ
689 561 740 600 δεῖ
755 560 924 615 προάγειν
939 592 950 609 ,
966 561 1106 601 εἴκοντα
1127 561 1162 601 δὲ
1184 560 1335 616 φεύγειν.

351 622 420 662 Ζεῦ
441 621 569 674 πάτερ,
587 615 610 669 ἦ
630 622 770 660 πολλῶν
791 636 831 660 κε
850 623 969 660 κακῶν
989 620 1132 666 λύσειας
1158 621 1334 671 ἅπαντας,

353 683 383 720 εἷ
401 686 508 720 πᾶσιν
526 680 672 730 δείξαις,
693 679 755 735 οἵῳ
772 684 823 735 τῷ
845 681 985 732 δαίμονι
1004 683 1175 754 χρῶνται.

353 739 459 780 Ἀλλὰ
478 740 520 779 συ
543 740 681 794 Θάρσει,
705 740 781 779 ἐπει
802 744 891 779 θεῖον
912 756 951 791 γε
936 739 1008 784 ,’νος
1027 739 1101 778 ἐστι
1119 742 1308 793 βροτοῖσιν,

353 803 404 844 οἱς
422 800 500 853 ἱερὰ
521 801 744 854 προφέρουσα
764 798 866 853 φύσις
882 799 1055 838 δείκνυσιν
1071 798 1221 838 ἕκαστα.

291 873 328 900 65
347 853 420 900 ῗΩν
442 859 473 899 εἴ
492 859 545 899 σοί
562 876 595 898 τι
613 859 773 911 μέτεστι,
788 859 978 912 κρατήσεις
998 852 1046 898 ων
1065 874 1104 898 σε
1124 858 1272 910 κελεύοι,

355 921 388 966 ἐξ
374 936 454 959 ακε
447 919 522 964 ’σας
536 919 653 974 ψυχὴν
676 918 712 958 δὲ
729 918 845 958 πόνων
863 919 935 959 ἀπὸ
950 920 1059 958 τῶνδε
1083 917 1249 963 σαώσεις.

353 981 495 1022 'W
463 998 580 1034 ειργου
595 984 753 1035 βρωτῶν,
778 975 825 1021 ῶν
841 981 1001 1033 εἴπομεν,
1020 980 1055 1021 ἔν
1071 998 1108 1021 τε
1129 982 1335 1036 καθαρμοῖς,

353 1041 389 1080 ἔν
410 1057 447 1081 τε
464 1041 582 1081 λύσει·
577 1043 691 1096 ψυχῆς
705 1042 854 1095 κρίνων,
871 1042 930 1081 καὶ
945 1042 1076 1097 φράζευ
1096 1040 1228 1081 ἕκαστα
1242 1072 1253 1094 ,

271 1175 333 1209 sed
354 1175 783 1217 cod.1ve.t.p.184,194
809 1177 841 1210 et
862 1179 919 1209 196
942 1176 1066 1218 praebet
1090 1175 1216 1209 συνίασι
1239 1176 1338 1218 (corr.

271 1224 428 1266 συνιᾶσι),
442 1224 531 1265 quod
556 1224 665 1257 verius
683 1224 818 1257 forsitan
836 1223 997 1258 videatur.
1016 1228 1057 1258 At
1075 1226 1246 1266 poetarum
1265 1232 1341 1256 usus

273 1270 415 1314 postulat
432 1275 579 1304 συνιεῖσι.

313 1323 355 1353 V.
381 1323 432 1354 57.
458 1320 528 1378 τοίη
543 1323 639 1380 μοῖρα
653 1321 764 1362 βροτῶ
765 1319 786 1362 ]
801 1319 907 1353 codd.
923 1320 1008 1353 Gall.
1029 1321 1126 1361 atque
1143 1319 1343 1353 oxonienses

271 1371 297 1401 A
319 1371 351 1400 et
372 1370 420 1408 D;
437 1367 507 1406 τοίη
523 1368 604 1410 μοῖρ’
628 1369 732 1400 αὐτῶν
757 1369 791 1401 S.
804 1369 898 1405 -ὡς
916 1368 950 1401 δὲ
972 1367 1140 1410 κύλινδροι]
1156 1368 1262 1400 SicN
1234 1367 1342 1400 Need·

269 1415 360 1448 ham.
381 1415 557 1456 emargine
570 1415 665 1447 codd.
685 1415 769 1448 Gall.
797 1415 1051 1456 suifraoantibus
1066 1415 1157 1448 libris
1180 1414 1344 1448 oxonien-

271 1463 361 1496 sibus
380 1465 408 1496 A
436 1466 468 1495 et
493 1464 531 1495 D.
563 1463 616 1495 ef.
641 1463 781 1496 Hierocl.
803 1472 874 1504 pag.
900 1467 981 1503 196;
998 1462 1133 1495 eandem
1150 1464 1343 1504 scripturam

272 1510 447 1552 vulgarunt
462 1509 612 1543 Asthton.
632 1509 756 1543 Schier.
781 1509 925 1542 Brunck.
946 1510 1048 1543 Orell.
1065 1510 1140 1543 Gais
1145 1511 1165 1542 t'.
1180 1510 1342 1551 Schwept'.

274 1557 441 1600 repudiata
470 1561 578 1590 vetere
598 1557 737 1590 lectione
759 1558 790 1590 ot
815 1557 849 1591 δὲ
874 1557 1047 1600 κυλίνδροις
1073 1566 1172 1599 quam
1191 1558 1345 1591 exhibent

272 1607 312 1646 S,
332 1605 410 1638 item
431 1604 504 1638 Ald.
525 1603 637 1645 Steph.
663 1604 754 1644 sylb.
779 1605 909 1638 Camer.
927 1606 1056 1638 Curter.
1081 1605 1206 1639 Marcil.
1221 1606 1342 1639 Salma-

272 1656 341 1686 sius
362 1652 459 1686 habet
478 1653 507 1684 οἳ
527 1652 561 1684 δὲ
577 1651 750 1694 κυλίνδροις
769 1653 1050 1708 typographorum
1070 1652 1202 1686 forsitan
1223 1662 1343 1686 errore

273 1700 480 1734 Glandortius
498 1699 605 1741 posuit
618 1699 775 1741 quidem·
767 1709 799 1732 ιιι
819 1701 888 1742 ipso
911 1701 1053 1734 carmine
1069 1703 1112 1738 ὡς
1125 1701 1158 1734 δὲ
1170 1702 1256 1735 κυλνι
1260 1702 1344 1744 δροι,

273 1748 306 1780 in
320 1747 583 1780 adnotationibus
593 1748 702 1779 autem
713 1747 920 1781 scribendum
931 1748 1069 1790 coniecit
1078 1750 1108 1781 οἱ
1120 1750 1166 1790 δὲ,
1176 1750 1344 1792 κύλινδροι,

272 1795 377 1828 ἆλ“λοτ
394 1795 442 1828 ἐπ’
459 1795 588 1826 ἄὶὶηακ
610 1806 638 1826 τ.
656 1795 686 1827 λ.

314 1845 356 1876 V.
383 1847 434 1876 58.
451 1842 541 1884 ἀπείρ
545 1854 570 1874 ο
570 1841 615 1884 α]
632 1844 752 1876 Omnes
765 1843 883 1885 praeter
901 1843 974 1876 Ald.
989 1844 1020 1877 in
1036 1844 1088 1878 ed.
1108 1845 1184 1887 maj.
1202 1845 1342 1879 Froben.

272 1894 305 1924 et
327 1892 420 1924 Junt.
442 1890 496 1932 qui
518 1891 632 1923 vitiose
651 1890 795 1933 ἀπήρονα
811 1892 1023 1933 scripserunt.
1040 1894 1164 1927 Theod.
1181 1895 1344 1928 Marcilius

273 1938 436 1981 cylindros
454 1939 547 1979 putat
568 1938 687 1979 exponi
712 1946 806 1979 posse
821 1948 930 1972 rerum
948 1940 1205 1983 vicissitudines,
1224 1943 1346 1976 similes

275 1985 530 2018 volutationibus
546 1985 696 2027 cylindri
717 1987 800 2026 Quae
827 1986 1052 2029 interpretatio
1074 1989 1165 2022 nobis
1189 1990 1345 2024 arrideret

272 2038 299 2070 si
319 2047 395 2071 cum
409 2038 480 2080 ipso
499 2040 527 2070 οἱ
546 2038 579 2071 δὲ
595 2038 682 2071 κυλί
686 2039 768 2079 δροις
786 2038 974 2080 legeremus.
988 2043 1100 2083 Neque
1118 2042 1222 2074 verior
1236 2046 1283 2075 est
1296 2044 1344 2076 al-

273 2088 342 2119 tera
362 2085 497 2119 Marcilii
519 2086 712 2128 explicatio,
731 2096 795 2128 qua
823 2087 1042 2121 volutationes
1067 2090 1137 2122 illas
1159 2090 1269 2123 animo
1286 2101 1344 2124 um

276 2135 307 2166 in
322 2133 384 2166 alia
401 2135 498 2175 atque
517 2134 579 2166 alia
596 2143 733 2175 corpora
750 2134 980 2177 migrationes,
1000 2136 1103 2170 donec
1120 2137 1161 2169 ab
1175 2138 1263 2171 omni
1277 2147 1346 2171 cor-

276 2179 363 2221 poris
381 2181 573 2234 contagione
592 2181 713 2223 expiati
733 2181 819 2223 sint,
837 2160 998 2225 intelligi't.
1016 2186 1081 2217 Nos
1106 2185 1184 2218 nihil
1202 2186 1264 2219 tale
1285 2186 1346 2219 hoc

275 2231 346 2261 loco
369 2228 560 2270 reperimus.

316 2278 358 2309 V.
385 2279 438 2310 59.
457 2275 621 2319 >υγρή](].
636 2278 684 2319 03
703 2277 803 2320 λυγρὰ
824 2280 857 2312 S

314 2325 357 2357 V.
382 2329 434 2357 60.
458 2324 629 2367 σύμφυτος]
655 2325 760 2358 Codd.
788 2327 821 2359 et
846 2325 935 2360 edd:
927 2326 1027 2369 ,libri
1054 2328 1138 2361 Gall.
1163 2329 1344 2371 σύμφοιτος.

274 2391 316 2399 --
330 2371 491 2414 προάγειν]
506 2374 539 2405 S.
555 2377 587 2405 et
604 2373 764 2414 interpres
779 2374 881 2406 Arabs
895 2375 988 2416 cujus
1013 2376 1113 2409 verha
1140 2377 1277 2410 Ε11(.·1ιιιι.
1301 2379 1347 2411 sic

275 2419 455 2461 exprimit:
478 2420 661 2452 «convenit
681 2424 877 2455 autemeam
892 2431 956 2455 non
970 2423 1102 2466 foveri,
1119 2426 1175 2458 sed
1197 2425 1348 2466 fugienda

276 2469 326 2499 est
348 2466 549 2499 ostendendo
568 2467 795 2501 demissionem
812 2478 887 2511 erga
907 2479 991 2504 eam.
1008 2484 1025 2500 u
1045 2472 1208 2505 Hierocles
1227 2473 1297 2514 ipse
1315 2483 1345 2515 p.

277 2516 338 2546 210
361 2513 411 2546 ed.
428 2516 467 2547 N.
485 2513 530 2556 (p.
552 2517 607 2547 161
628 2515 678 2547 ed.
693 2516 809 2559 Gaisi'.)
824 2517 965 2559 explicat
984 2519 1133 2561 προάγειν
1153 2520 1204 2553 ἐπὶ
1227 2522 1346 2554 πλεῖον.

277 2563 390 2616 Neque
412 2565 521 2594 tamen
538 2564 719 2604 spernenda
734 2565 838 2598 Codd.
860 2568 901 2599 G.
925 2570 958 2600 et
981 2569 1020 2601 Ο.
1054 2568 1149 2600 lectio
1164 2569 1348 2610 προσάγειν,

276 2619 351 2652 quas
374 2609 407 2642 in
429 2610 581 2643 omnibus
604 2611 680 2644 edd.
703 2614 778 2646 ante
810 2614 1066 2648 Gaist'ordianam
1093 2617 1162 2656 est,
1186 2626 1283 2650 sensu
1306 2617 1350 2650 si-

279 2659 348 2691 mili
371 2657 481 2691 verbis
504 2660 684 2692 Homericis
705 2661 766 2694 Od.
786 2664 897 2703 XVII,
911 2665 973 2697 446
987 2665 1032 2702 τίς
1044 2665 1164 2707 δαίμων
1177 2665 1248 2698 τόδε
1259 2669 1350 2708 πῆμα

278 2718 334 2749 πρ
329 2707 484 2747 σήγαγε,
508 2707 611 2744 δαιτὸς
628 2708 730 2748 &vi-rm
751 2710 886 2743 Seditos
899 2715 1042 2745 vetustas
1054 2713 1259 2746 membranas
1274 2723 1349 2747 cum

279 2754 430 2787 Hierocle
458 2754 637 2796 sequimur.
673 2756 758 2789 111υά
795 2767 872 2790 vero
901 2759 1164 2802 observandum,
1196 2761 1349 2794 codicem

279 2801 564 2835 ‘Vindobonensem
599 2802 710 2836 itidem
738 2804 769 2836 in
794 2807 923 2838 comm.
949 2816 1020 2849 pag.
1049 2810 1107 2840 184
1139 2808 1191 2841 ed.
1224 2809 1347 2842 Needh.

278 2849 362 2892 [pag.
394 2852 449 2883 141
479 2850 532 2884 ed.
561 2851 675 2893 Gaiss.]
695 2852 836 2892 praebere
860 2853 1020 2896 προάγειν,
1044 2855 1099 2888 sed
1122 2864 1193 2897 pag.
1219 2859 1277 2890 198
1296 2856 1348 2890 ed.

277 2897 409 2930 Needh.
430 2897 516 2941 [pag.
543 2902 600 2930 152
624 2899 675 2931 ed.
700 2899 815 2942 Gaisf.]
836 2901 1008 2942 προσάγειν
1031 2902 1200 2945 exhibere,
1223 2907 1261 2936 ιιι
1276 2904 1350 2937 hinc

280 2945 432 2978 concludi
455 2946 573 2985 liceat,
588 2946 655 2987 jam
679 2947 858 2987 antiquitus
872 2949 1023 2982 codices
1014 2959 1047 2982 ιιι
1064 2950 1126 2983 hoc
1148 2960 1244 2985 versu
1268 2952 1351 2985 inter

278 2994 395 3036 προάγε
382 3005 426 3025 ειν
444 2995 477 3026 et
493 2993 663 3035 προσάγειν
680 2993 864 3028 fluctuasse.

322 3043 363 3075 v.
390 3045 443 3074 61.
465 3041 486 3082 ἦ
506 3040 694 3083 πολλῶνκε]
713 3042 855 3075 Brunck.
874 3044 975 3076 Orell.
990 3045 1092 3078 Gaist'.
1111 3045 1143 3078 in
1157 3047 1250 3080 Poet.
1268 3049 1348 3081 min.

278 3088 457 3130 Schweps.;
477 3089 498 3129 ἦ
518 3089 641 3121 πολλῶν
670 3100 707 3130 γε
735 3090 859 3123 Theod.
880 3092 1006 3124 Marcil.
1037 3093 1173 3126 Salmas.
1201 3094 1234 3127 in
1257 3096 1348 3137 praef.

279 3136 405 3169 Needh.
427 3138 460 3169 et
480 3137 615 3170 Ashton.
637 3137 759 3171 Schier.
785 3138 902 3171 Gland.
926 3140 1027 3173 Gaisr.
1054 3140 1088 3173 in
1118 3141 1257 3175 Hierocl.
1285 3143 1349 3184 ed.;

279 3183 299 3221 ἢ
319 3184 443 3216 πολλῶν
465 3195 499 3216 τε
521 3187 629 3216 κακῶν
651 3196 686 3217 τε
709 3184 814 3218 Codd.
838 3186 923 3218 Gall.
948 3187 1020 3220 Ald.
1046 3188 1076 3220 ln
1093 3189 1145 3221 ed.
1168 3191 1244 3230 maj.
1269 3192 1350 3224 Fro-

279 3229 355 3263 ben.
387 3231 477 3264 Rurr.
513 3231 574 3264 Sed
607 3231 678 3264 Ald.
712 3232 743 3264 in
769 3232 821 3266 ed.
846 3234 970 3267 minore
1001 3244 1076 3267 cum
1109 3237 1202 3269 Junt.
1226 3249 1259 3270 τε
1280 3241 1350 3279 post

280 3281 389 3310 κακῶν
411 3280 498 3311 recte
520 3279 664 3318 omittit;
690 3279 775 3311 idem
798 3279 920 3314 faciunt
940 3283 1067 3315 Curter.
1086 3283 1199 3324 Steph.
1226 3286 1348 3320 Hertel.

279 3326 395 3359 Dacer.
420 3325 606 3366 Stephanus
633 3328 666 3359 et
689 3326 853 3360 Hertelius
868 3339 903 3360 τε
923 3330 996 3370 post
1014 3330 1163 3362 πολλῶν
1155 3341 1187 3364 m
1212 3343 1248 3373 γε
1273 3342 1349 3365 rnu-

280 3374 372 3413 tant,
389 3381 472 3414 qnos
492 3377 675 3415 sequuntur
696 3377 807 3407 Arcer.
822 3378 855 3408 et
868 3377 990 3412 Omeis
1009 3379 1174 3411 Caeterum
1199 3379 1280 3412 cod.
1300 3383 1348 3414 S.

279 3421 300 3460 ἦ
320 3422 446 3453 πολλῶν
469 3433 502 3454 τε
514 3425 623 3454 κακῶν
645 3422 770 3460 ὶόσειας
798 3422 949 3461 ἅπαντας.
967 3444 1006 3452 -
1026 3425 1165 3468 λύσειας]
1190 3426 1351 3461 Hierocles

281 3476 352 3510 pag.
376 3471 449 3502 304.
483 3470 594 3510 Steph.
627 3470 750 3503 Needh.
784 3471 921 3505 Ashton.
952 3472 1096 3505 Brunck.
1120 3474 1219 3507 orell.
1246 3475 1347 3508 Gaisf.

280 3515 459 3557 Schwept'.;
488 3516 641 3555 παύσειας
667 3517 748 3550 cod.
774 3519 855 3550 Ven.
873 3520 906 3551 et
927 3518 1002 3551 libri
1026 3520 1244 3560 Oxonienses,
1269 3522 1346 3554 item

283 3562 354 3595 Ald.
369 3563 401 3596 in
412 3563 469 3596 ed.
484 3564 568 3597 min.
584 3565 678 3598 Junt.
694 3564 823 3598 Amerb.
835 3567 1001 3599 Camerar.
1018 3567 1178 3601 Neander.
1196 3568 1346 3602 Wechel.

874 291 1099 331 AUREUM
1126 291 1259 331 PYTH
1269 291 1404 331 AGOR
1415 293 1599 333 EORUM
1625 293 1768 335 CARM
1778 296 1858 338 EN.

1401 393 1477 426 Tale
1495 393 1597 426 satum
1616 392 1704 426 iaesjit
1721 394 1909 427 mortalium
1925 396 2072 436 mentes;
2089 395 2134 429 illi
2151 404 2228 430 vero
2243 399 2469 440 cylindrorum

1405 446 1472 480 huc
1489 446 1567 480 illuc
1586 447 1782 490 volvuntur,
1802 448 1938 483 infinitis
1955 451 2051 484 malis
2067 453 2229 493 oppressi.
2339 453 2469 497 [instar

1403 502 1519 536 Gravis
1539 502 1628 535 enim
1647 509 1759 535 comes
1777 503 1918 537 latenter
1935 506 2032 538 nocet
2047 506 2214 539 contentio

1402 556 1525 596 innata,
1549 564 1648 599 quam
1667 565 1846 599 provocare
1862 566 1928 591 non
1950 558 2068 599 decet,
2086 559 2143 592 sed
2165 559 2313 593 cedendo
2330 560 2464 597 evitare.

1402 609 1534 651 Jupiter
1551 613 1656 652 pater,
1671 610 1784 644 multis
1801 612 1947 653 protecto
1967 613 2062 646 malis
2074 621 2189 647 onmes
2207 613 2360 648 liberaris
2371 638 2381 656 ,

1401 663 1427 696 si
1450 663 1574 697 cunctis
1584 663 1756 704 ostendas,
1770 664 1859 706 quali
1877 665 1971 706 genio
1984 666 2133 698 utantur.
2306 667 2317 710 l
2332 667 2466 708 talibus,

1402 721 1451 752 Τιι
1466 720 1576 761 autem
1590 718 1678 751 bono
1694 718 1738 752 sis
1753 718 1881 759 animo,
1895 728 1998 761 quum
2017 720 2168 754 divinum
2182 730 2286 763 genus
2311 721 2354 756 sit
2381 731 2471 757 mor·

1403 772 1521 814 quibus
1541 780 1632 805 sacra
1650 772 1764 804 natura
1781 771 1908 814 singula
1926 772 2071 813 pandens
2089 776 2340 808 commonstrat.

1404 828 1554 864 Quorum
1574 825 1600 858 si
1621 825 1721 859 fueris
1739 825 1901 867 particeps
1913 850 1922 867 ,
1935 835 2007 860 mea
2021 826 2112 868 jussa
2136 827 2276 867 tenebis,

1406 879 1616 922 remedioque
1638 889 1720 913 usus
1742 879 1816 913 istis
1834 880 1991 913 aenunnis
2014 879 2172 914 liberabis
2191 881 2352 916 animum.
2367 881 2465 926 [bus,

1404 934 1540 967 Abstine
1559 943 1636 966 vero
1651 933 1732 966 cibis
1748 933 1807 973 iis,
1826 943 1910 975 quos
1931 933 2094 974 diximus,
2115 942 2194 967 cum
2213 934 2245 967 in
2269 935 2471 973 lustrationi-

1406 991 1474 1022 tum
1499 988 1530 1020 in
1551 987 1741 1029 purgatione
1755 987 1857 1020 animi
1869 987 2033 1029 iudicium
2049 986 2208 1021 adhibens
2227 991 2282 1021 :et
2301 988 2472 1022 considera·

2306 1041 2319 1085 [
2329 1042 2473 1085 singula,

1402 1177 1484 1213 Quae
1507 1174 1533 1207 si
1556 1174 1691 1216 antiqua
1711 1173 1807 1207 lectio
1828 1174 1898 1211 est,
1917 1172 2042 1206 accedit
2061 1172 2101 1205 ad
2117 1172 2365 1206 similitudinem
2381 1174 2474 1207 effati

1405 1222 1566 1264 Euripidei
1595 1226 1705 1255 κακῶν
1733 1221 1934 1263 πεπαυμένον
1955 1229 2006 1263 ap
2036 1223 2126 1254 sext.
2155 1222 2282 1263 Empir.
2307 1222 2467 1264 pyrrhon.

1403 1273 1523 1312 Hypot.
1549 1280 1581 1312 p.
1609 1274 1678 1304 157.

1448 1320 1485 1350 V.
1508 1323 1561 1352 62.
1587 1318 1628 1361 εἰ]
1652 1317 1836 1358 Hierocles,
1852 1317 2009 1359 interpres
2029 1317 2151 1358 Arabs,
2174 1319 2300 1352 Marcil.
2323 1319 2465 1354 Salmas.

1403 1366 1526 1399 Needh.
1565 1367 1704 1399 Ashton.
1739 1366 1862 1399 Schier.
1896 1365 2013 1399 Gland.
2049 1366 2190 1399 Brunck.
2224 1367 2324 1400 Orell.
2369 1368 2473 1402 Gaisf.

1403 1414 1581 1456 Schwepf.;
1602 1415 1622 1454 ἢ
1643 1413 1718 1447 Α1(1.
1742 1413 1775 1446 in
1795 1413 1849 1447 ed.
1872 1414 1948 1453 maj.
1971 1413 2113 1447 Froben.
2134 1414 2222 1448 Rurr.
2240 1415 2383 1456 stepo-
2501 1445 2506 1450 .

1446 1465 1487 1496 V.
1511 1467 1564 1497 65.
1589 1463 1634 1496 ὧν
1649 1462 1676 1496 εἴ
1694 1462 1745 1496 σοί
1764 1474 1793 1495 τι
1807 1461 1945 1505 μέτεστι]
1964 1462 2084 1502 codd.;
2104 1462 2270 1496 Glandors
2274 1472 2312 1496 us
2329 1463 2390 1504 legi
2411 1473 2470 1498 vo·

1405 1511 1491 1544 lebat
1515 1511 1552 1552 ἧς
1576 1511 1611 1553 (1.
1641 1520 1670 1544 e.
1691 1513 1774 1552 ἱερᾶς
1798 1510 1934 1553 φύσεως)
1952 1510 1978 1543 εἶ
1991 1522 2043 1543 σοι
2055 1522 2085 1543 τι
2100 1522 2246 1552 μετεστι,
2259 1511 2400 1545 ofellius
2414 1512 2472 1545 do-

1405 1558 1470 1591 rice
1489 1558 1538 1595 ἆς.
1563 1558 1626 1592 Sed
1660 1558 1740 1591 nihil
1771 1558 1978 1591 mutandum.
2011 1558 2199 1599 Explicatur
2224 1559 2278 1593 hic
2301 1569 2414 1593 versus
2429 1560 2474 1593 ab

1406 1606 1552 1639 Hierocle
1574 1615 1605 1647 p.
1638 1607 1712 1646 204,
1738 1605 1772 1638 id
1797 1605 1886 1647 quod
1914 1605 2138 1639 Glandortium
2168 1607 2260 1648 fugit.
2285 1607 2350 1646 Qui
2369 1617 2471 1650 quum

1405 1655 1528 1687 nullam
1550 1654 1619 1695 ejus
1641 1654 1901 1696 explanationem
1925 1654 1957 1686 in
1982 1654 2136 1688 Hieroclis
2158 1655 2392 1689 commentario
2417 1664 2472 1689 re-

1406 1702 1545 1743 periret,
1571 1710 1704 1734 versum
1726 1701 1889 1734 ditticilem
1919 1703 1953 1734 et
1978 1702 2126 1743 spurium
2155 1711 2229 1736 esse
2257 1703 2403 1745 putabat.
2434 1705 2474 1736 ln

1404 1749 1553 1782 salmasii
1582 1749 1724 1782 editione
1761 1758 1818 1790 pro
1849 1749 2016 1790 κρατήσεις
2051 1759 2224 1791 operarum
2247 1751 2328 1784 vitio
2355 1750 2474 1792 legitur

1405 1797 1576 1838 κρατέσεις.
1598 1796 1700 1828 Aldus
1717 1798 1789 1838 post
1807 1797 1877 1829 κελε
1864 1796 1927 1829 εύω
1942 1805 2008 1829 non
2022 1796 2181 1830 distinxit.

1446 1847 1488 1878 V.
1514 1850 1565 1877 66.
1588 1844 1749 1886 ἐξακέσας]
1770 1844 1917 1877 activum
1937 1844 2000 1877 hoc
2019 1846 2146 1877 tantum
2164 1845 2236 1879 loco
2254 1850 2374 1883 exstat.
2396 1851 2473 1885 Post

1407 1891 1490 1924 hanc
1505 1901 1616 1924 vocem
1638 1891 1795 1932 virgulam
1810 1893 1987 1933 posuerunt
1998 1900 2112 1925 omnes
2126 1893 2265 1928 editores
2278 1898 2354 1930 ante
2365 1898 2471 1932 Necd-

1406 1940 1575 1981 hamium;
1604 1939 1690 1972 idem
1723 1940 1984 1973 Bruuck.01·.ell
2001 1939 2469 1984 Gaist.scl1wepr.fecerunt.

1407 1965 1613 2022 Glandorti’us
1630 1991 1668 2030 τῇ
1691 1989 1772 2030 μέσῃ
1790 1992 1907 2031 στιγμῃ
1931 1988 1992 2021 hoc
2014 1988 2207 2022 vocabulum
2225 1999 2243 2023 a
2260 1993 2475 2034 sequentibus

1407 2035 1582 2078 separavit.
1597 2037 1663 2077 Ego
1677 2044 1752 2068 cum
1767 2036 1983 2077 Needhamio,
2001 2036 2138 2070 Asthon.
2157 2038 2322 2073 Gaistord.
2332 2041 2473 2081 κελεύω,

1405 2084 1555 2122 ἐξακέσεις
1568 2084 1672 2126 ψυχὴν
1686 2084 1719 2117 δὲ
1733 2084 1861 2125 scripsi.

1448 2133 1490 2164 V.
1515 2135 1567 2165 67.
1590 2133 1700 2173 εϊπομε
1702 2144 1731 2172 ν,
1749 2132 1779 2164 ἐν
1792 2143 1826 2164 τε
1839 2133 1994 2175 xmozpprf
1983 2145 2006 2165 ι
1995 2132 2083 2175 ]1ta
2108 2141 2221 2166 omnes
2246 2133 2388 2169 editores
2411 2144 2471 2169 ex·

1407 2183 1500 2221 cepto
1515 2180 1699 2213 Glandorlio
1712 2205 1722 2222 ,
1739 2180 1794 2221 qui
1811 2181 1859 2213 sic
1882 2181 2110 2221 interpunxit.
2125 2181 2268 2224 εἴπομεν·
2286 2183 2319 2216 ἐν
2343 2194 2377 2216 τε
2396 2187 2472 2218 καθ.

1448 2231 1489 2262 V.
1516 2233 1573 2263 68.
1600 2228 1776 2271 κρίνων]5.
1791 2230 1830 2262 G.
1847 2229 1986 2262 Hierocl.
2009 2239 2040 2270 p.
2063 2233 2137 2271 212;
2161 2230 2239 2263 item
2264 2232 2338 2266 Ald.
2362 2233 2396 2267 in
2417 2234 2469 2267 ed.

1408 2277 1483 2317 maj.
1510 2276 1649 2310 Froben.
1674 2280 1785 2311 Arcer.
1809 2278 1899 2310 Junt.
1922 2278 2033 2318 Steph.
2065 2255 2154 2318 sylf).
2179 2279 2307 2313 Curter.
2343 2282 2470 2315 Marcil.

1409 2327 1522 2359 Dacer.
1562 2325 1858 2358 Needh.Ashton.
1894 2325 2017 2358 Schier.
2061 2326 2335 2361 Brunck.01·.ell
2370 2331 2471 2364 Gaisf.

1407 2374 1570 2416 Schwept'.
1603 2376 1643 2408 At
1671 2377 1776 2416 κρῖνον
1805 2374 1927 2406 habent
1950 2373 2022 2406 Ald.
2041 2373 2074 2406 iu
2099 2374 2150 2406 ed.
2175 2375 2410 2410 min.Ame1b.
2439 2379 2474 2412 in

1410 2422 1512 2463 prima
1524 2421 1575 2455 ed.
1589 2422 1677 2454 Russ-
1689 2424 1853 2455 Camerar.
1863 2420 1987 2454 Neand.
1995 2421 2132 2455 salmas,
2146 2422 2314 2456 Glanum-,f
2330 2425 2475 2468 Utraque

1408 2469 1570 2511 scriptura
1587 2470 1673 2503 idem
1696 2469 1847 2502 eflicitur.
1871 2469 2030 2502 Nimirum
2047 2469 2078 2502 in
2095 2470 2185 2502 omni
2208 2470 2397 2507 lustratione
2423 2475 2474 2508 vel

1409 2518 1592 2559 expiatione
1609 2519 1716 2566 atque
1741 2518 1773 2550 in
1801 2517 1966 2560 purgando
1983 2526 2118 2559 corpore
2141 2518 2315 2561 animoque
2335 2520 2474 2561 judicari

1409 2566 1526 2600 debere
1539 2558 1630 2599 cibos
1644 2566 1675 2599 id
1692 2567 1740 2599 est
1753 2565 1901 2598 ciborum
1915 2565 2077 2598 delectum
2094 2565 2315 2600 adhibendum
2331 2577 2419 2610 aese,
2433 2579 2474 2604 ue

1410 2614 1447 2646 iis
1467 2616 1600 2647 utamur
1633 2614 1713 2647 cibis
1745 2614 1799 2656 qui
1823 2614 1942 2646 morari
1969 2613 2020 2647 vel
2042 2613 2200 2656 impedire
2226 2625 2345 2656 purum
2371 2619 2476 2660 perse-

1409 2664 1564 2703 ctumque
1578 2662 1653 2695 vitae
1666 2662 1818 2694 humanae
1840 2663 1962 2695 statum
1982 2661 2117 2702 possint.
2134 2663 2239 2696 Λύσιν
2255 2666 2359 2707 ψυχῆς
2373 2666 2474 2699 animi

1409 2710 1603 2743 solutionem
1621 2709 1744 2743 Theod.
1773 2709 1941 2742 Marcilius
1964 2710 2271 2744 commentationem
2289 2713 2404 2746 mortis
2422 2714 2474 2746 in-

1409 2757 1534 2798 telligit.
1551 2758 1653 2790 Aliter
1668 2755 1831 2791 Hierocles
1849 2757 1902 2797 qui
1926 2764 1980 2797 ea,
1998 2757 2039 2790 de
2061 2757 2180 2798 quibus
2202 2758 2235 2791 in
2255 2758 2307 2792 bis
2326 2760 2474 2794 versibus

1409 2805 1526 2846 agitur,
1547 2806 1656 2837 omnia
1681 2805 1721 2836 ad
1747 2804 1983 2845 philosophiam
2006 2805 2143 2838 rettulit.
2168 2806 2231 2840 sed
2257 2809 2293 2840 ut
2314 2808 2475 2850 Pythago-

1411 2854 1456 2886 rei
1481 2853 1560 2886 vitia
1578 2853 1677 2886 animi
1704 2853 1833 2885 vincula
1858 2853 1890 2885 δε
1893 2863 1957 2889 σεις
1985 2853 2216 2894 appellabant.
2241 2854 2288 2887 ita
2308 2855 2396 2894 λύσις
2419 2860 2474 2896 τῆς

1409 2903 1511 2944 ψυχῆς
1528 2901 1606 2933 nihil
1629 2904 1678 2933 est
1701 2900 1763 2932 nisi
1783 2900 1909 2933 animus
1931 2900 2058 2933 solutus
2076 2909 2115 2933 ac
2140 2910 2240 2943 purus
2261 2903 2350 2936 omui
2373 2903 2473 2945 vitio,

1410 2950 1538 2990 qualern
1567 2948 1789 2990 Pythagoras
1781 2957 1813 2980 m
1828 2948 1867 2980 iis
1887 2949 1993 2981 inesse
2014 2948 2159 2989 volebat,
2175 2949 2294 2990 quibus
2318 2951 2368 2984 vel
2383 2960 2474 2985 sacra

1410 2997 1560 3031 obeunda
1582 2999 1686 3030 essent
1701 2997 1750 3029 vel
1777 2995 1845 3028 loca
1861 2995 2028 3028 lustranda
2049 2996 2099 3028 vel
2116 2996 2171 3038 qni
2189 2998 2353 3038 sapientioe
2365 3008 2473 3032 arcem

1410 3046 1488 3079 eniti
1503 3048 1708 3079 conarentur
1730 3044 1781 3077 Gt'.
1807 3046 1845 3078 G.
1867 3046 1903 3077 F.
1926 3044 2125 3085 Hermanui,
2144 3044 2266 3079 Lehimb
2280 3046 2323 3079 de
2344 3049 2472 3088 yones·

1410 3093 1554 3127 dienstl.
1565 3091 1718 3126 Altertll.
1728 3092 1763 3125 d.
1774 3093 1832 3125 Gr.
1850 3100 1880 3132 p.
1890 3094 1932 3125 99
1946 3100 2015 3133 seq.
2032 3093 2252 3130 Quamobrem
2268 3094 2474 3129 auditoribus

1411 3142 1487 3177 suis
1491 3143 1580 3175 certo
1593 3140 1734 3183 quodam
1747 3140 1893 3173 ciborum
1909 3148 2023 3181 genere
2037 3140 2269 3183 interdicebat,
2282 3143 2385 3176 solam
2397 3143 2474 3176 abs·

1411 3190 1578 3223 tinentiam
1594 3192 1683 3222 ratus
1695 3189 1774 3222 satis
1784 3188 1824 3221 ad
1838 3188 1871 3221 id
1882 3188 1968 3230 quod
1983 3190 2196 3230 expetebatur
2207 3191 2472 3233 consequendum

1410 3237 1530 3270 valere.
1549 3236 1721 3276 Quomodo
1735 3236 1857 3276 igitur
1848 3236 1933 3274 Λύσις
1957 3237 2060 3279 ψυχῆς
2086 3237 2278 3272 abstinentia
2304 3239 2473 3281 continge-

1411 3285 1488 3318 bat:
1502 3285 1550 3318 sic
1563 3285 1632 3326 ejus
1654 3285 1687 3318 δέ
1675 3296 1738 3321 -;σι
1755 3284 1786 3316 in
1807 3284 1955 3317 ciborum
1970 3285 2177 3339 quorundam
2192 3295 2251 3319 usu
2277 3286 2380 3328 posita
2405 3295 2473 3320 cre-

1410 3331 1558 3366 debatur.
1573 3332 1652 3365 lnde
1662 3333 1796 3373 apparet
1808 3331 1911 3364 nihil
1903 3333 2046 3365 insanius
2060 3333 2236 3374 excogitari
2251 3343 2345 3388 posse
2358 3334 2473 3368 Arabis

1410 3379 1593 3421 interpretis
1605 3379 1851 3421 explanatione,
1869 3379 1926 3420 qui
1945 3379 2035 3412 λύσιν
2051 3381 2154 3422 ψυχῆς
2171 3381 2211 3414 de
2224 3381 2323 3414 animi
2345 3391 2384 3414 ex
2402 3390 2471 3414 cor-

1411 3435 1489 3468 pore
1512 3426 1656 3460 discessu
1685 3427 1813 3468 accipit.
1842 3426 1927 3466 Quid
1952 3427 2039 3459 enim
2062 3428 2101 3460 ad
2128 3428 2272 3461 animum
2291 3438 2309 3462 e
2328 3430 2472 3471 corporis

1412 3474 1551 3507 vinculis
1564 3475 1708 3516 elapsum
1724 3473 1917 3507 abstinentia
1940 3474 2096 3516 pertinet,
2114 3475 2153 3507 ad
2169 3485 2267 3517 quam
2289 3476 2472 3509 reseruntur

1411 3521 1509 3554 verba
1528 3522 1596 3555 ἀλλ’
1615 3523 1720 3564 εῐργου
1746 3524 1874 3565 βρω.ῶν
1896 3533 1928 3555 κ.
1948 3533 1977 3554 τ.
1994 3522 2024 3557 λ.
2043 3523 2245 3564 Pythagoras
2270 3526 2378 3556 autem
2401 3524 2471 3564 ipse

1412 3579 1560 3613 quoque,
1585 3580 1686 3613 quum
1718 3571 1758 3604 ad
1783 3571 1906 3612 singula
1932 3571 2000 3603 loca
2031 3572 2216 3612 appulerat,
2244 3571 2467 3612 lustrationes,
