2612 3814
1002 311 1058 350 IN
1087 309 1309 372 AUREUM
1338 308 1568 348 CARMEN.

192 405 374 459 φαίνεται,
389 403 484 454 εἰμὴ
499 401 556 442 διὰ
579 401 687 454 μόνης
701 403 764 448 τῆς
792 402 832 440 ἐκ
853 416 915 439 του
932 400 1036 455 ὅρκου
1058 399 1238 449 ἀληθείας.

191 464 326 504 Ἔσται
346 463 381 502 δὲ
401 466 514 502 ταῦτα
530 459 640 501 πιστὰ
664 466 735 505 τοῖς
751 459 959 509 ἀκούουσιν,
982 461 1012 499 εἷ
1034 459 1092 499 τὸν
1113 457 1241 512 τρόπον

191 523 376 577 σύμφωνον
392 524 443 575 τῶ
464 521 558 574 ὅρκῳ
585 519 854 594 παρεχοίμεθα,
882 520 943 559 καὶ
949 491 1170 589 ἱμηδεμίαΝ
1157 532 1242 556 υπο-

190 580 274 634 ψίαν
305 578 599 631 καταλείποιμεν,
633 582 680 623 ὼς
713 577 780 631 ἄρα
809 577 898 618 ποτὲ
926 580 996 616 τῶν
1017 575 1242 629 ἀνθρωπίνων

189 638 407 693 πραγμάτων
430 638 553 692 φανείη
573 653 607 677 τι
630 640 746 689 μεῖζον
760 639 845 688 ἡμῖν
861 635 1040 687 ἀληθείας,
1061 635 1130 674 εἴτε
1150 636 1242 673 ἀνω·

190 698 329 749 μότοις,
350 696 420 736 εἴτε
439 698 499 735 καὶ
520 696 703 747 ὀμνύουσι.
760 697 813 736 Τὸ
833 695 875 743 δὴ
900 695 976 734 σέὸ
988 710 1035 734 ου
1054 693 1188 747 ὅρκον
1203 693 1241 731 οὐ

190 756 293 808 μόνον
312 757 481 810 εὐορκεῖν,
499 755 591 794 ἀλλὰ
610 755 671 794 καὶ
689 755 883 808 ἀπέχεσθαι
906 752 1008 808 ὅρκου
1038 759 1239 806 παρεγγυᾷ.

188 814 295 856 Οὕτω
314 813 381 868 γὰρ
403 815 443 853 ἂν
461 814 683 869 τηρήσαιμεν
703 813 743 854 τὸ
763 816 952 888 caputia,-
949 814 978 852 εἷ
996 811 1046 864 μὴ
1063 826 1242 864 καταχρη-

189 874 336 926 σοίμεθα
365 876 436 917 τοῖς
462 873 589 928 ὅρκοις.
649 872 722 913 Καὶ
742 871 810 927 γὰρ
842 875 877 912 ε’ν
908 875 952 924 τῇ
986 871 1151 924 συνεχεία
1180 873 1240 908 τοῦ

188 932 329 984 ὀμνύειν
361 932 524 986 ῥαδίως
507 949 549 971 αν
569 931 761 984 μεταπέσοι
784 947 834 976 τις
854 932 902 975 εἷς
920 929 1113 984 ἐπιορκίαν·
1134 930 1244 981 φειδοῖ

189 990 224 1030 δὲ
246 990 392 1046 τήρησις
410 989 546 1031 ἕπεται.
630 988 681 1029 Ἢ
708 989 777 1043 γὰρ
794 992 855 1029 οὐκ
872 990 1032 1040 ὀμεῖται,
1053 987 1076 1035 ἢ
1097 985 1222 1026 grav*
1201 1002 1239 1025 ο-

190 1066 313 1102 μνυσιν
335 1049 529 1102 εὐορκήσει·
546 1050 606 1089 καὶ
627 1048 705 1088 οὔτε
730 1049 771 1088 ἂν
793 1048 860 1088 υπὸ
877 1046 1058 1096 συνηθείας
1079 1045 1244 1099 προδρά-

192 1125 252 1161 μοι
272 1113 295 1154 ἡ
315 1110 482 1162 γλῶσσα,
505 1108 583 1149 οὔτε
604 1107 674 1147 ὑπὸ
692 1110 815 1146 παθῶν
849 1105 1036 1157 ἀκρατείας
1055 1109 1076 1152 ἠ
1108 1104 1242 1143 διάνοια

190 1168 352 1223 σφαλείη.
388 1167 464 1216 Τὴν
487 1169 551 1219 μὲν
570 1167 638 1221 γὰρ
659 1170 676 1206 ὁ
696 1166 822 1220 τρόπος
839 1165 986 1220 ὀρθώσει
1001 1164 1155 1219 χρηστὸς
1169 1164 1217 1202 ὤν
1230 1195 1241 1216 ,

188 1227 254 1277 τὴν
273 1227 310 1267 δὲ
329 1227 370 1267 τὸ
393 1227 468 1272 ἔθος
497 1231 559 1275 τ’ἥς
580 1229 718 1279 ἀποχῆς
750 1230 810 1265 τοῦ
826 1224 988 1278 ὀμνύναι.
1046 1223 1185 1277 Πρέπει
1207 1223 1243 1262 δὲ

188 1289 236 1339 τῇ
262 1286 500 1339 προειρημένῃ
532 1288 619 1338 τιμῇ
656 1300 725 1323 των
755 1286 840 1322 θεων
874 1287 896 1332 ἡ
926 1282 1085 1336 εὐορκία,
1108 1284 1156 1326 ὡς
1190 1282 1243 1320 ἀεὶ

189 1345 365 1399 σύμφυτος
388 1345 449 1383 καὶ
469 1344 597 1388 ὄπαδὸς
620 1360 684 1392 της
698 1342 889 1388 εὐσεὸείας·
909 1342 970 1382 καὶ
986 1340 1054 1395 γὰρ
1069 1357 1129 1380 και
1153 1339 1210 1379 ὁ
1189 1357 1244 1412 ορ-

189 1420 250 1449 κος
278 1420 341 1444 του
377 1403 468 1443 θείου
501 1402 610 1454 νόμου
630 1419 672 1451 ην
702 1401 813 1456 φύλαξ
832 1401 924 1442 κατὰ
947 1400 1012 1449 τὴν
1031 1417 1091 1440 του
1111 1400 1243 1445 παντὸς

190 1463 441 1515 διακόσμησιν.
461 1463 557 1513 Τίμα
579 1456 638 1502 ουν
656 1461 716 1501 τὸν
740 1461 846 1513 νόμον
877 1461 1046 1512 ἑπόμενος
1070 1461 1177 1500 αὐτοῦ
1198 1476 1242 1513 τῃ

186 1521 357 1570 διατάξει,
371 1521 432 1561 καὶ
456 1521 560 1561 σε’δου
577 1521 636 1560 τὸν
659 1519 761 1573 ὅρκον
781 1522 831 1574 τῷ
856 1520 905 1572 μὴ
926 1519 1125 1573 προχείρως
1147 1520 1244 1573 αὐτῷ

188 1584 458 1635 καταχρῆσθαι,
480 1579 525 1620 ἵν’
547 1582 683 1633 ἐθισθῇς
700 1582 854 1633 εὐορκεῖν
875 1581 914 1619 ἐκ
942 1583 1003 1619 τοῦ
1025 1578 1073 1630 μὴ
1096 1579 1243 1618 εἰθίσθαι

187 1641 349 1691 ὀμνύναι.
409 1639 527 1692 Μέρος
544 1638 612 1692 γὰρ
631 1641 669 1678 οὐ
691 1640 814 1691 μικρόν
843 1641 918 1678 ἐστι
940 1641 1002 1686 τῆς
1025 1638 1202 1682 εὐσεὸείας
1219 1642 1242 1687 ἡ

187 1701 341 1755 εὐορκία.
399 1700 471 1740 Καὶ
491 1701 573 1753 περὶ
592 1699 654 1750 μὲν
671 1703 732 1738 τοῦ
752 1697 892 1752 πρώτου
909 1697 1029 1751 γένους
1048 1700 1117 1737 τῶν
1134 1714 1244 1752 κρειτ-

186 1851 387 1901 possessio,
415 1850 463 1886 ab
483 1851 526 1886 iis
543 1850 657 1886 etiam
679 1856 807 1885 sancte
830 1855 1072 1885 conservatur
1087 1848 1243 1897 jurisju-

187 1909 299 1947 randi
316 1909 464 1958 religio.
486 1909 636 1958 Optima
653 1915 778 1945 autem
799 1907 1069 1944 conservandae
1085 1907 1263 1955 jurisju-·

185 1967 297 2006 randi
317 1968 539 2005 reverentiae
570 1968 669 2004 ratio
697 1968 789 2014 erit,
821 1967 851 2004 si
882 1978 953 2003 nec
984 1966 1120 2002 crebro
1141 1993 1150 2008 ,
1174 1979 1244 2003 nec

187 2035 351 2073 temere,
373 2039 443 2064 nec
463 2027 699 2076 quibuslibet
715 2028 756 2062 in
775 2026 902 2072 rebus,
920 2038 991 2062 nec
1021 2026 1070 2062 ad
1095 2038 1243 2062 sermo-

188 2086 245 2123 nis
285 2087 610 2136 complementum
641 2099 712 2123 nec
744 2086 794 2122 ad
836 2086 1066 2122 narrationis
1103 2084 1244 2122 confir-

186 2146 394 2183 mationem
431 2158 477 2182 eo
533 2153 703 2191 utamur,
730 2145 797 2181 sed
829 2152 1012 2194 quantum
1045 2157 1245 2194 possumus

186 2205 340 2242 illud-in
358 2206 578 2242 necessariis
592 2212 739 2241 tantum
755 2212 869 2253 atque
887 2203 1044 2251 majoris
1059 2206 1244 2241 momenti

185 2264 300 2302 rebus
316 2259 564 2305 adhibeamus
580 2293 592 2314 ,
615 2263 732 2312 idque
752 2270 863 2310 tunc,
883 2277 971 2300 cum
989 2276 1121 2300 earum
1139 2265 1242 2301 nulla

185 2324 284 2360 salus
303 2324 376 2361 alia
389 2352 400 2373 ,
422 2335 537 2372 quam
554 2336 599 2360 ex
619 2324 697 2360 sola
715 2324 876 2359 veritate
885 2322 1135 2372 jurejurando
1151 2335 1243 2360 con-

185 2381 337 2420 firmata
362 2390 535 2433 apparet.
559 2383 759 2419 Invenient
781 2395 874 2418 vero
893 2382 972 2419 haec
998 2380 1115 2436 fidem
1141 2382 1243 2431 apud

187 2442 384 2479 auditores
396 2471 407 2492 ,
422 2444 451 2479 si
473 2455 599 2478 mores
621 2442 863 2478 ostendamus
878 2441 1122 2489 jurijurando
1146 2454 1244 2478 con-

187 2500 379 2538 venientes
391 2528 401 2547 ,
417 2513 487 2537 nec
506 2502 631 2537 ullum
654 2501 880 2549 suspicionis
897 2499 1028 2536 locum
1046 2501 1244 2549 relinqua-

185 2571 289 2606 mus,
307 2571 433 2596 rerum
456 2559 667 2608 quidquam
680 2559 935 2595 humanarum
951 2586 962 2605 ,
980 2561 1056 2595 sive
1073 2558 1244 2606 injuratis

186 2618 264 2655 sive
279 2617 414 2666 juratis
433 2619 554 2667 pluris
575 2618 783 2667 aliquando
801 2630 881 2654 esse
903 2630 1018 2666 quam
1032 2619 1239 2657 veritatem.

188 2677 274 2713 Hoc
291 2678 427 2726 utique
446 2684 678 2726 praeceptum
691 2704 701 2723 ‚
719 2678 987 2723 jussui-andum
1015 2678 1115 2722 cole,
1133 2677 1244 2713 nobis

187 2746 269 2771 non
290 2735 414 2771 solum
440 2742 481 2771 ut
500 2743 625 2772 sancte
642 2735 832 2784 juremuS,
849 2735 915 2772 sed
932 2742 976 2772 ut
1001 2743 1039 2772 et
1058 2748 1079 2771 a
1091 2735 1243 2784 jureju-

185 2792 308 2830 rando
334 2794 589 2831 abstineamus
602 2823 612 2841 ,
656 2794 834 2844 injungit.
868 2793 929 2831 Sic
963 2795 1064 2831 enim
1095 2807 1244 2843 semper

186 2858 315 2889 sancte
329 2851 563 2900 jurabimus,
591 2855 621 2889 si
641 2853 894 2901 jurejurando
921 2866 1001 2889 non
1021 2853 1238 2892 abutamur.

184 2912 221 2948 Is
241 2912 344 2949 enim
365 2914 431 2961 qui
453 2913 590 2949 crebro
616 2912 720 2961 jurat
735 2913 775 2949 in
794 2912 1007 2962 perjurium
1021 2911 1132 2949 facile
1147 2925 1241 2962 pro-

184 2970 263 3007 labi
292 2973 411 3021 possit
436 2985 444 3008 :
471 2972 661 3008 rariorem
689 2984 780 3008 vero
816 2971 894 3019 ejus
931 2984 1040 3015 usum
1072 2973 1244 3020 sequitur

186 3029 416 3068 observatio.
435 3031 512 3068 Aut
534 3032 635 3067 enim
653 3032 736 3080 quis
755 3044 835 3067 nou
851 3030 1024 3078 jurabit,
1047 3038 1111 3067 aut
1125 3043 1242 3079 quum

181 3089 307 3138 jurat,
336 3098 464 3127 sancte
484 3090 656 3138 jurabit,
677 3098 714 3127 et
734 3091 804 3137 ita,
826 3097 869 3126 ut
887 3102 1012 3138 neque
1041 3098 1243 3126 consuetu-

186 3147 276 3185 dine
295 3149 427 3199 lingua
444 3151 563 3187 menti
579 3157 789 3199 praecurrat
802 3177 812 3196 ,
827 3162 898 3186 nec
916 3161 1021 3185 mens
1037 3148 1241 3185 affectuum

186 3207 475 3256 intemperantia
517 3216 770 3258 pervertatur.
810 3208 915 3245 Hanc
957 3209 1059 3256 enim
1091 3221 1242 3244 morum

185 3266 359 3316 probitas
381 3267 568 3316 corriget,
591 3268 694 3304 illam
727 3275 855 3304 autem
889 3274 1067 3304 consueta
1085 3265 1242 3314 jurisju-

185 3325 296 3362 randi
313 3325 551 3365 abstinentia.
567 3326 719 3362 Honori
740 3334 866 3363 autem
885 3326 1044 3363 deorum
1061 3355 1071 3374 ,
1091 3325 1139 3361 de
1165 3338 1242 3373 quo

186 3384 359 3434 superius
386 3384 552 3432 dictum,
577 3386 756 3422 convenit
775 3384 1027 3434 jurisjurandi
1046 3385 1241 3431 sanctitas,

187 3449 229 3479 ut
264 3454 348 3492 quae
379 3444 528 3492 pietatis
549 3451 709 3493 cognata
739 3457 944 3494 comesque
970 3445 1016 3480 sit
1034 3451 1240 3492 perpetua,

188 3501 504 3551 quandoquidem
523 3509 560 3540 et
573 3504 697 3552 ipsum
715 3503 985 3551 jusjurandum
999 3502 1135 3539 divinae
1152 3503 1244 3552 legis

189 3567 314 3597 custos
355 3560 426 3597 fuit
462 3562 502 3597 in
537 3561 788 3599 custodienda
823 3575 950 3600 rerum
988 3562 1242 3599 universitate.

2279 316 2356 350 423

1304 397 1414 438 τόνων
1434 397 1494 436 καὶ
1519 400 1582 436 τοῦ
1603 397 1695 437 θείου
1714 397 1822 449 νόμου
1844 413 1906 437 του
1926 401 1989 446 τῆς
2004 399 2132 444 τάξεως
2157 400 2355 452 ἡγουμένου

1305 456 1442 495 καὶτοῦ
1472 457 1708 507 συνεπομένου
1725 456 1829 510 ὅρκου
1853 459 1905 510 τῶ
1930 458 2027 511 νόμῳ
2054 473 2222 497 τοσαυτω
2249 458 2303 498 ὅτι
2321 458 2357 497 δὲ

1305 514 1419 554 καὶτο
1437 514 1526 565 μετὰ
1558 514 1653 560 θεους
1671 516 1788 568 γένος,
1820 515 1883 556 δ”
1865 532 1998 570 εφαμεν
2034 518 2217 569 ἀγγελικὸν
2246 511 2357 564 εἶναι,

1308 573 1477 627 δευτέρως
1494 574 1588 628 χρὴ
1583 591 1647 627 τιμ
1649 582 1689 614 ἄν
1707 575 1846 627 ἐπάγει.

1755 687 1828 725 111.
1862 694 1900 725 2.

1390 803 1432 809 —
1444 801 1487 809 —
1497 802 1538 811 —
1549 803 1590 811 —
1608 782 1704 816 ἔπειθ’
1717 784 1822 825 ἥρωας
1837 784 1984 826 ἀγαυούς.

1360 866 1470 910 Οὗτοι
1491 865 1582 920 ἦσαν
1601 871 1641 910 τὸ
1662 870 1768 923 μέσον
1797 871 1896 923 γένος
1913 874 1982 910 τῶν
2002 873 2151 923 λογικῶν
2172 876 2311 920 οὐσιῶν,
2331 874 2364 913 οἳ

1307 929 1396 981 μετὰ
1436 929 1532 975 θεοὺς
1561 930 1639 975 τοὺς
1676 930 1868 975 ἀθανάτους
1897 929 1960 979 τὴν
1997 932 2118 985 ἐφεξῆς
2150 934 2363 987 πληροῦντες

1304 989 1424 1042 χώραν
1445 994 1680 1042 προηγοῦνται
1705 992 1768 1037 τῆς
1793 990 2011 1042 ἀνθρωπίνης
2032 991 2186 1044 φύσεως,
2205 991 2266 1030 καὶ
2281 1007 2363 1030 συν-

1305 1047 1454 1087 άπτουσι
1475 1049 1518 1087 δι’
1537 1051 1670 1088 ἑαυτῶν
1690 1048 1734 1087 τὰ
1755 1047 1890 1101 ἔσχατα
1911 1052 1980 1094 τοῖς
2000 1049 2165 1103 πρώτοις.
2213 1049 2364 1095 Τούτοις

1306 1103 1380 1159 οὖν,
1397 1111 1443 1153 ὡς
1461 1110 1653 1161 δευτέροις,
1668 1109 1733 1157 τὴν
1753 1107 1916 1161 δευτέραν
1933 1108 2039 1160 τιμὴν
2057 1110 2261 1149 ἀποδιδόναι
2274 1109 2360 1163 χρή,

1306 1167 1639 1220 προσυπακούοντας
1669 1168 1730 1207 καὶ
1750 1170 1805 1207 ἐπ’
1833 1169 1949 1206 αὐτῶν
1980 1168 2029 1207 τὸ
2048 1168 2122 1219 τίμ
2135 1184 2156 1206 α
2175 1168 2290 1222 νόμῳ
2309 1171 2365 1214 ὡς

1306 1226 1572 1268 διάκεινται.
1610 1226 1655 1267 Ἡ
1676 1226 1745 1280 γὰρ
1765 1227 1829 1275 ὅλη
1851 1227 1995 1278 δύναμις
2029 1231 2092 1275 τῆς
2118 1231 2224 1279 τιμῆς
2260 1231 2295 1267 ἐν
2318 1232 2363 1282 τῇ

1305 1285 1433 1338 γνώσει
1452 1289 1514 1333 τῖς
1532 1286 1652 1331 οὐσίας
1680 1288 1751 1325 τῶν
1776 1284 1986 1337 τιμωμένων
2007 1293 2134 1326 κεῖται·
2164 1287 2222 1339 ἀφ’
2242 1282 2283 1334 ἧς
2303 1288 2364 1327 καὶΙ

1304 1346 1343 1385 τὸ
1362 1349 1431 1385 τῶν
1453 1346 1600 1386 δεόντων
1629 1348 1738 1386 εἰπεῖν
1764 1361 1799 1384 τι
1815 1345 1837 1393 ἢ
1854 1345 1985 1397 πραξαι
2000 1347 2086 1399 πρὸς
2113 1347 2157 1384 τὰ
2177 1346 2364 1398 τιμώμενα

1305 1409 1342 1443 εὐ
1363 1421 1422 1444 και
1442 1408 1592 1451 καλῶς’
1578 1405 1827 1459 εξευρίσκεται.
1848 1407 1931 1449 Πῶς
1947 1405 2049 1458 γὰρ
2033 1422 2074 1444 αν
2092 1406 2294 1458 διαλεγθείη
2312 1422 2365 1450 τις

1305 1457 1354 1507 οις
1385 1465 1521 1516 ἀγνοεῖ;
1541 1468 1615 1510 πῶς
1644 1464 1690 1503 δὲ
1710 1465 1817 1518 δῶρον
1848 1464 2013 1526 προσάξει
2043 1464 2199 1513 τούτοις,
2223 1469 2269 1503 ὡν
2302 1464 2365 1512 τὴν

1306 1522 1405 1568 ἀξίαν
1436 1526 1499 1563 οὐκ
1527 1518 1630 1573 οἰδεν;
1652 1523 1697 1564 'H
1723 1524 1848 1577 πρώτη
1874 1527 1933 1563 οὐν
1965 1525 2024 1563 καὶ
2046 1524 2154 1568 ὄντως
2173 1524 2283 1576 τιμή,
2305 1524 2365 1563 καὶ

1306 1582 1363 1620 ἐπὶ
1383 1585 1452 1621 τῶν
1474 1585 1651 1635 ἀγαυῶν
1683 1586 1705 1631 ἡ
1719 1582 1854 1636 ρώων,
1881 1583 1974 1622 ἔστιν
1991 1588 2012 1632 ἡ
2030 1600 2091 1631 της
2111 1584 2232 1630 οὐσίας
2251 1587 2365 1624 αυτῶν

1305 1641 1367 1681 καὶ
1386 1645 1448 1690 τῆς
1466 1643 1597 1689 τάξεως
1615 1645 1742 1695 γνῶσις
1762 1642 1823 1682 καὶ
1848 1647 1871 1691 ἡ
1899 1646 1961 1690 τῆς
1988 1642 2236 1696 παρεπομένης
2266 1644 2364 1695 ἔνερ-

1304 1701 1401 1753 γείας
1419 1702 1480 1742 καὶ
1497 1704 1544 1747 εἷς
1562 1703 1639 1741 τόδε
1654 1701 1693 1741 τὸ
1708 1708 1778 1742 πᾶν
1799 1700 2035 1750 διατεινούσης
2056 1700 2253 1744 συντελείας
2271 1701 2367 1748 εἴδη-

1307 1859 1447 1907 Legem
1466 1858 1581 1907 igitur
1603 1869 1780 1894 reverere
1795 1884 1805 1903 ‚
1825 1857 1993 1892 instituta
2015 1854 2096 1903 ejus
2112 1855 2365 1904 observando,

1308 1924 1345 1953 et
1355 1915 1624 1964 jusjurandum
1643 1917 1745 1962 cole,
1769 1916 2013 1952 temerarium
2027 1914 2106 1962 ejus
2121 1915 2283 1951 abusum
2302 1915 2359 1950 vi-

1310 1975 1450 2023 tando,
1480 1983 1523 2012 ut
1551 1988 1640 2012 raro
1667 1974 1920 2023 jurisjurandi
1944 1986 2016 2010 usu
2048 1981 2175 2010 sancte
2209 1972 2367 2021 jurandi

1307 2047 1455 2070 morem
1478 2035 1664 2071 obtineas.
1697 2036 1789 2070 Pars
1818 2034 1919 2070 enim
1939 2046 2021 2069 non
2048 2034 2184 2082 exigua
2212 2033 2364 2081 pietatis

1307 2101 1360 2131 est
1374 2092 1629 2144 jurisjurandi
1649 2100 1778 2130 sancta
1801 2092 2034 2129 observatio.
2062 2090 2252 2127 Hactenus
2274 2103 2366 2127 vero

1308 2154 1357 2191 de
1392 2155 1519 2203 primo
1542 2166 1771 2202 superorum
1800 2164 1939 2201 genere
1965 2158 2003 2187 et
2040 2150 2086 2187 de
2108 2150 2236 2186 divina
2267 2150 2367 2198 lege,

1309 2226 1392 2262 quae
1414 2213 1543 2250 ordini
1562 2219 1718 2262 praeest,
1740 2218 1778 2248 et
1807 2211 1855 2247 de
1881 2209 2133 2258 jurejurando
2148 2236 2158 2254 ,
2187 2208 2291 2257 quod
2312 2209 2367 2245 le-

1307 2285 1394 2321 gem
1411 2273 1628 2309 comitatur.
1643 2273 1766 2308 Porro
1781 2277 1905 2306 autem
1918 2281 2072 2305 carmen
2080 2268 2222 2304 docens
2233 2268 2368 2316 proxi-

1306 2342 1411 2366 mum
1444 2342 1601 2380 quoque
1633 2329 1704 2366 diis
1736 2340 1880 2378 genus,
1915 2327 2023 2375 quod
2059 2339 2130 2362 nos
2157 2325 2366 2362 secundum

1307 2389 1496 2439 diximus,
1530 2387 1699 2425 secundo
1731 2388 1820 2423 loeo
1855 2385 2130 2422 honorandum
2167 2397 2266 2433 esse,
2296 2383 2366 2421 ad-

1301 2447 1399 2496 jicit.

1767 2510 1839 2547 111.
1872 2521 1911 2546 2.

1392 2610 1682 2622 .........
1708 2585 1824 2618 deinde
1838 2585 1952 2617 heroes
1966 2583 2122 2616 illustres.

1362 2668 1411 2706 Hi
1428 2674 1516 2703 sunt
1533 2665 1704 2703 medium
1723 2663 1820 2700 illud
1839 2675 1958 2713 genus
1978 2668 2200 2698 naturarum
2221 2660 2366 2698 intelli-

1305 2728 1489 2777 gentium,
1506 2726 1572 2774 qui
1588 2723 1798 2761 secundum
1817 2735 1838 2759 a
1857 2722 1929 2758 diis
1950 2720 2364 2757 immortalibuslocurn

1307 2794 1475 2823 tenentes
1492 2786 1700 2822 humanam
1719 2790 1896 2819 naturam
1914 2780 2136 2830 praecedunt
2152 2780 2364 2829 primisque

1306 2847 1439 2883 ultima
1458 2847 1677 2882 interventu
1700 2856 1768 2880 suo
1801 2848 2048 2879 connectunt.
2085 2839 2151 2876 His
2176 2841 2303 2890 igitur,
2323 2847 2366 2875 ut

1307 2906 1501 2953 secundis,
1519 2903 1731 2942 secundum
1749 2903 1939 2938 honorem
1969 2900 2137 2936 tribuere
2158 2899 2292 2935 debem
2300 2912 2339 2935 us
2352 2927 2362 2944 ,

1308 2966 1385 3003 de
1376 2967 1420 3002 lis
1440 2977 1595 3014 quoque
1611 2963 1863 3029 intelligentes
1877 2960 1974 2996 illud
1997 2970 2194 3000 venerare,
2212 2960 2267 2992 uti
2281 2958 2365 3006 lege

1305 3027 1480 3074 dispositi
1498 3031 1599 3062 sunt.
1620 3024 1716 3059 Tota
1733 3021 1833 3059 enirn
1855 3020 1911 3056 vis
1928 3018 2088 3055 honoris
2105 3017 2227 3065 posita
2247 3022 2303 3051 est
2321 3015 2361 3050 in

1306 3092 1448 3121 naturae
1468 3096 1604 3121 eorum
1636 3082 1704 3131 qui
1733 3081 1975 3117 honorantur
1996 3076 2240 3125 cognitione,
2259 3073 2363 3109 unde

1307 3144 1402 3193 quid
1435 3144 1563 3180 dicere
1592 3142 1653 3178 vel
1686 3141 1811 3177 facere
1847 3143 2025 3188 oporteat
2060 3135 2209 3171 ratione
2234 3133 2364 3169 habita

1307 3216 1462 3249 eorum,
1482 3201 1622 3251 quibus
1639 3201 1830 3236 honorem
1863 3197 2085 3240 tribuimus,
2113 3200 2217 3230 reete
2238 3199 2275 3228 et
2296 3204 2363 3227 or-

1307 3263 1394 3300 dine
1406 3262 1580 3299 ducitur.
1598 3261 1684 3309 Quo
1706 3260 1806 3296 enirn
1820 3264 1934 3307 pacto
1952 3255 2037 3303 quis
2053 3252 2237 3289 sermonis
2257 3263 2362 3286 com-

1306 3322 1491 3359 mercium
1511 3333 1598 3357 cum
1619 3320 1665 3356 iis
1678 3318 1817 3354 habeat
1838 3328 1934 3365 quos
1964 3311 2137 3362 ignorat?
2164 3307 2361 3358 quomodo

1305 3395 1397 3421 vero
1435 3383 1509 3418 illis
1541 3391 1700 3417 munera
1741 3377 1898 3421 offeret,
1940 3384 2106 3422 quorum
2141 3368 2362 3417 dignitatem

1305 3443 1446 3480 nescit?
1467 3441 1616 3478 Primus
1638 3439 1756 3488 igitur
1786 3443 1824 3473 et
1840 3446 1952 3471 verus
1968 3433 2093 3468 honos
2113 3429 2239 3472 etiam,
2256 3425 2362 3474 quod

1307 3501 1356 3538 ad
1375 3503 1537 3538 illusties
1554 3500 1691 3535 heroes
1719 3497 1874 3541 attinet,
1898 3499 1952 3529 est
1979 3501 2112 3526 eorum
2134 3499 2215 3522 non
2238 3485 2360 3520 solum

1306 3569 1449 3598 natuiae
1466 3567 1504 3596 et
1524 3570 1569 3595 or
1573 3557 1670 3594 dinis
1688 3554 1863 3599 scientia,
1883 3550 1949 3587 sed
1964 3549 2075 3585 etiam
2097 3544 2256 3582 actionis
2272 3542 2361 3578 iude
