2612 3814
391 218 836 315 Allhl.H'r1310Y
887 261 1286 315 ΦΑΛΗΡΕΩΣ

308 391 432 437 ΤΩΝ
454 393 578 438 EHT
581 392 620 438 A
643 392 859 439 ΣΟΦΩΝ
884 393 1368 439 ΑΠΟΦΘΕΓΜΑΤΑ.

363 689 410 730 α’.
430 688 649 734 Κλεόὸουλος
667 688 848 743 Εὐαγόρου
866 688 1004 733 Λίνδιος
1024 689 1110 742 ἔφη·

361 780 501 834 Μέτρον
519 779 674 833 ἄριστον.
699 802 752 808 —
782 777 928 830 Πατέρα
955 779 1006 817 δεῖ
1040 780 1225 819 αἰδεῖσθαι.
1245 802 1300 809 -
1319 775 1372 818 Εὖ

306 840 347 880 τὸ
364 843 468 891 σῶμα
489 839 581 892 ἔχειν
609 838 669 877 καὶ
694 837 758 886 τὴν
795 837 928 891 ψυχήν.
949 861 1004 867 -
1031 839 1212 886 Φιλήκοον
1241 839 1300 878 καὶ
1321 838 1370 889 μὴ

307 900 519 947 πολυήκοον.
539 921 593 928 —
623 899 846 948 Πολυμαθῆ,
882 896 932 948 μὴ
965 898 1098 948 ἀμαθῆ.
1119 921 1173 928 -
1198 899 1370 938 Γλῶσσαν

309 958 465 1014 εὔφημον
498 960 701 1005 κεκτῆσθαι.
734 979 790 986 —
822 956 964 1010 Ἀρετῆς
996 957 1123 996 οἰκεῖον
1155 957 1217 997 καὶ
1245 957 1372 1000 κακίας

310 1013 493 1065 ἀλλότριον
514 1010 650 1051 ἀδικίαν
666 1016 794 1062 μισεῖν.
812 1033 867 1040 -
888 1010 1081 1050 Εὖσέὸειαν
1094 1011 1300 1064 φυλάσσειν.
1318 1034 1371 1041 -

308 1073 478 1116 Πολίταις
497 1070 539 1109 τὰ
563 1069 729 1124 βέλτιστα
744 1068 1011 1120 συμὸουλεύειν.
1031 1069 1261 1119 -Γλώττης
1281 1085 1371 1122 κρα-

307 1133 394 1173 τεῖν.
415 1155 471 1163 -
490 1131 558 1184 Βία
583 1129 692 1183 μηδὲν
728 1130 910 1184 πράττειν.
941 1152 996 1160 -
1024 1129 1142 1170 Τέκνα
1180 1129 1369 1169 παιδεύειν.

306 1215 361 1223 -
379 1191 485 1246 Τύχῃ
510 1191 687 1246 εὔχεσθαι.
705 1214 758 1221 --
776 1189 939 1244 Ἔχθρας
953 1190 1119 1231 διαλύειν.
1147 1213 1202 1221 ·-·
1220 1190 1292 1231 Τὸν
1313 1194 1371 1229 τοῦ

308 1252 420 1305 δήμου
437 1253 560 1306 ἐχθρὸν
579 1251 746 1303 πολέμιον
763 1251 931 1302 νομίζειν.
947 1246 1002 1280 -’-
1025 1252 1055 1292 Γ
1057 1250 1172 1290 υναικὶ
1192 1249 1242 1303 μὴ
1262 1250 1373 1303 μάχε-

309 1316 410 1363 σθαι,
425 1311 513 1364 μηδὲ
527 1313 809 1366 φιλοφρονεῖσθαι
829 1309 1022 1362 ἀλλοτρίων
1037 1310 1232 1364 παρόντων·
1249 1309 1289 1349 τὸ
1307 1309 1370 1362 μὲν

307 1373 375 1426 γάρ
397 1374 470 1411 ἐστι
490 1372 634 1426 χέρηον,
658 1371 698 1410 τὸ
721 1371 757 1410 δὲ
788 1370 918 1422 μανίαν
947 1370 1095 1411 δύναται
1115 1371 1296 1423 παρέχειν.
1321 1394 1371 1400 -

308 1433 461 1478 Οἰκέτας
495 1431 684 1484 μεθύοντας
702 1431 752 1482 μὴ
777 1431 951 1477 κολάζειν·
979 1433 1009 1470 εἷ
1038 1429 1074 1469 δὲ
1093 1431 1160 1483 μή,
1185 1430 1292 1477 δόξεις
1311 1430 1371 1470 καὶ

309 1493 412 1539 αὐτὸς
431 1491 584 1544 μεθύειν.
605 1514 658 1522 —
688 1493 823 1541 Γαμεῒν
844 1494 883 1531 ἐκ
902 1495 971 1531 τῶν
997 1491 1148 1542 ὁμοίων·
1167 1489 1227 1530 ἐὰν
1244 1490 1311 1544 γὰρ
1332 1491 1372 1530 ἐκ

307 1557 376 1593 τῶν
395 1553 618 1607 κρειττόνων,
641 1551 827 1604 δεσπότας,
848 1552 887 1590 οὗ
904 1556 1078 1604 συγγενεῖς
1093 1550 1224 1603 κτήσῃ.
1239 1573 1294 1580 -—
1308 1549 1370 1598 Μὴ

308 1613 453 1666 ἐπιγέλα
475 1615 525 1664 τῷ
544 1611 764 1651 σκώπτοντι·
788 1610 944 1664 ἀπεχθὴς
956 1611 1021 1664 γὰρ
1039 1610 1100 1661 ἔσῃ
1119 1615 1190 1653 τοῖς
1211 1625 1371 1648 σκωπτο·

308 1673 741 1724 μένοις.-Εὐποροῧντα
763 1667 813 1722 μὴ
833 1669 1058 1725 ὑπερήφανον
1080 1661 1181 1718 εἶναι,
1197 1670 1372 1724 ἀποροῦν-

306 1748 351 1771 τα
368 1731 418 1783 μὴ
439 1733 702 1770 ταπεινοῦσθαι.

363 1813 410 1867 β’.
435 1813 560 1853 Σόλων
581 1812 834 1861 Ἐξηκεστίδου
855 1814 1034 1861 Ἀθηναῖος
1058 1811 1142 1865 ἔφη·

362 1903 484 1951 Μηδὲν
507 1894 610 1956 ἀγαν.
635 1926 688 1933 ——
706 1901 841 1957 Κριτὴς
862 1901 911 1954 μὴ
933 1901 1087 1950 κάθησο·
1113 1903 1143 1941 εἷ
1171 1901 1206 1940 δὲ
1234 1901 1298 1954 μή,
1322 1905 1372 1956 τῷ

306 1964 473 2018 ληφθέντι
495 1962 617 2016 ἐχθρὸς
648 1963 726 2015 ἔσῃ.
760 1985 815 1993 -
846 1961 997 2009 Ἡδονὴν
1029 1965 1135 2015 φεῦγε
1163 1961 1239 2010 ἥτις
1257 1961 1372 2010 λύπην

307 2022 432 2062 τίκτει.
444 2047 500 2054 -
514 2022 686 2062 Φύλασσε
707 2023 837 2075 τρόπου
854 2021 1115 2074 καλοκαγαθίαν
1127 2021 1236 2076 ὅρκου
1251 2038 1373 2061 πιστο-

306 2082 424 2136 τέραν.
446 2106 496 2113 —-
517 2081 697 2135 Σφράγιζε
718 2080 794 2125 τοὺς
813 2079 876 2131 μὲν
897 2080 1019 2132 λόγους
1050 2084 1149 2135 σιγῇ,
1168 2080 1231 2130 τὴν
1256 2082 1291 2120 δὲ
1311 2098 1373 2121 σι·-

305 2143 371 2195 γὴν
398 2146 525 2196 καιρῷ.
559 2165 615 2172 -
644 2141 707 2189 Μὴ
741 2139 882 2195 ψεύδου,
917 2140 995 2180 ἀλλ’
1030 2141 1192 2189 ἀλήθευε.
1227 2164 1283 2171 -
1313 2141 1372 2182 Τὰ

308 2203 482 2242 σπουδαῖα
503 2201 650 2255 μελέτα.
670 2224 725 2232 —
740 2203 819 2240 Τῶν
836 2199 963 2253 γονέων
985 2200 1035 2252 μὴ
1059 2201 1139 2252 λέγε
1157 2201 1372 2254 δικαιότερα.

308 2287 360 2293 —
380 2262 515 2307 Φίλους
549 2261 598 2313 μὴ
633 2260 726 2314 ταχὺ
746 2255 835 2310 κτῶ,
852 2259 910 2306 οὓς
931 2261 961 2299 δ’
993 2260 1035 2300 ἂν
1056 2261 1187 2314 κτήσῃ,
1209 2259 1258 2312 μὴ
1280 2269 1371 2314 ταχὺ

309 2321 560 2372 ἀποδοκίμαζε.
577 2343 632 2352 ·-
662 2318 854 2375 Ἀρχεσθαι
888 2318 1009 2370 μαθὼν
1033 2320 1157 2373 ἄρχειν
1180 2320 1369 2372 ἐπιστήσῃ.

306 2404 361 2412 -
380 2380 538 2425 Εὖθύνας
559 2380 696 2434 ἑτέρους
715 2380 819 2425 ἀξιῶν
837 2379 970 2419 διδόναι
985 2378 1046 2418 καὶ
1064 2378 1165 2423 αὐτὸς
1183 2378 1304 2433 ὕπεχε.
1319 2403 1374 2410 —

308 2440 537 2493 Συμὸούλευε
576 2438 626 2490 μὴ
662 2438 706 2478 τὰ
735 2439 862 2487 ἥδιστα
872 2469 886 2490 ,
924 2437 1015 2477 ἀλλὰ
1049 2438 1092 2476 τὰ
1115 2438 1282 2491 βέλτιστα
1303 2444 1374 2484 τοῖς

308 2500 483 2544 πολίταις.
501 2523 556 2530 -
573 2499 635 2548 Μὴ
659 2499 845 2552 θρασύνου.
874 2521 929 2530 --
947 2497 1011 2546 Μὴ
1033 2501 1154 2544 κακοῖς
1177 2498 1303 2551 ὁμίλει.
1320 2521 1370 2529 —

309 2561 342 2598 Χ
349 2562 397 2612 ρῶ
418 2562 488 2604 τοῖς
508 2562 611 2604 θεοῖς.
632 2582 687 2589 --
706 2559 839 2603 Φίλους
858 2558 1007 2599 εὐσέὸει.
1040 2581 1096 2589 --
1123 2559 1240 2603 Γονεῒς
1262 2560 1371 2599 αἰδοῦ.

307 2642 362 2649 --
378 2622 470 2658 Νοῦν
486 2618 644 2671 ἡγεμόνα
658 2622 772 2659 ποιοῦ.
792 2642 848 2649 --
860 2617 910 2658 ⁰0
932 2619 963 2657 δ’
985 2617 1026 2657 ἂν
1048 2618 1125 2672 ἴδῃς
1141 2618 1190 2670 μὴ
1211 2619 1304 2672 λέγε.
1319 2642 1374 2649 —-

311 2677 425 2725 Εἰδὼς
450 2677 548 2730 σίγα.
566 2701 621 2709 -
638 2682 721 2722 Τοῖς
736 2682 865 2718 σαυτοῦ
887 2684 996 2732 πρᾶος
1016 2678 1100 2718 ἴσθι.
1120 2677 1239 2717 -Τὰ
1257 2679 1373 2733 ἀφανῆ

309 2738 379 2783 τοῖς
399 2739 559 2793 φανεροῖς
577 2738 783 2792 τεκμαίρου.

364 2826 410 2879 γ’.
434 2827 553 2867 Χίλων
571 2826 641 2872 υἱὸς
661 2826 880 2880 Δαμαγήτου
900 2827 1181 2879 Λακεδαιμόνιος
1201 2826 1285 2883 ἔφη·

365 2917 480 2955 Γνῶθι
501 2914 643 2955 σαυτόν.
666 2938 720 2945 -
742 2915 859 2955 Πίνων
875 2914 925 2967 μὴ
943 2914 1059 2954 πολλὰ
1079 2915 1192 2954 λάλει·
1211 2915 1374 2969 ἁμαρτή-

312 2991 382 3020 σεις
401 2976 481 3030 γάρ.
496 2998 550 3005 -
565 2974 626 3022 Μὴ
644 2974 781 3013 ἀπείλει
800 2980 872 3019 τοῖς
889 2974 1098 3027 ἐλευθέροις·
1117 2975 1235 3030 οὐγὰρ
1252 2977 1388 3028 καλόν,

312 3057 364 3064 -
384 3033 448 3082 Μὴ
471 3034 658 3086 κακολόγει
674 3032 752 3077 τοὺς
771 3033 940 3081 πλησίον·
963 3035 993 3072 εἷ
1013 3034 1048 3072 δὲ
1072 3033 1144 3084 μή,
1168 3034 1302 3087 ἀκούσῃ
1320 3035 1374 3089 ἐφ’

311 3086 360 3138 οἷς
378 3092 582 3145 λυπηθήσῃ.
607 3114 663 3122 -—
680 3092 768 3133 Ἐπὶ
796 3091 839 3130 τὰ
859 3094 980 3131 δεῖπνα
1000 3096 1069 3132 τῶν
1087 3094 1195 3148 φίλων
1221 3094 1375 3147 βραδέως

313 3152 481 3207 πορεύου,
499 3151 557 3191 ἐπὶ
576 3151 612 3192 δὲ
631 3151 694 3197 τὰς
714 3151 861 3205 ἀτυχίας
878 3151 1030 3206 ταχέως.
1048 3175 1102 3183 -
1118 3152 1259 3204 Γοίμους
1281 3157 1373 3193 εὖτε-

310 3213 382 3256 λεῒς
399 3215 515 3251 ποιοῦ.
533 3234 588 3242 -
600 3211 669 3251 Τὸν
691 3211 964 3261 τετελευτηκότα
983 3212 1172 3266 μακάριζε.
1200 3237 1252 3243 --
1277 3215 1351 3267 Πρε
1364 3237 1376 3244 -

312 3271 481 3325 σὲύτερον
502 3270 622 3311 σέὸου.
643 3293 699 3301 -
716 3271 786 3311 Τὸν
804 3271 848 3311 τὰ
866 3266 1035 3326 ἀλλότρια
1059 3273 1374 3327 περιεργαζόμενον

313 3330 423 3382 μίσει.
443 3353 499 3361 -
516 3330 659 3382 Ζημίαν
682 3332 782 3384 αἱροῦ
804 3330 978 3383 μᾶλλονῆ
1005 3329 1126 3385 κέρδος
1146 3332 1291 3385 αἰσχρόν
1306 3344 1316 3354 ·
1335 3333 1375 3372 τὸ

314 3389 378 3442 μὲν
398 3391 467 3443 γὰρ
485 3389 579 3436 ἅπαξ
595 3405 634 3429 σε
644 3390 808 3440 λυπήσει,
819 3390 858 3429 τὸ
879 3391 907 3429 δ’
925 3389 993 3429 ἀεί.
1005 3412 1059 3420 ·—-
1071 3393 1132 3446 Τῷ
1147 3391 1374 3444 δυστυχοῦντι

313 3449 362 3499 μὴ
385 3448 546 3502 ἐπιγέλα.
565 3473 616 3479 -
641 3449 800 3503 Ἰσχυρὸς
819 3447 886 3499 ὤν,
906 3449 1040 3504 ἥσυχον
1062 3449 1208 3489 σεαυτὸν
1228 3450 1374 3505 πάρεχε,

312 3508 407 3555 ὅπως
420 3525 458 3548 σε
474 3509 711 3562 αἰσχύνωνται
731 3510 864 3549 μᾶλλον
882 3508 904 3557 ἢ
923 3509 1112 3562 φοὸὤνται.
1127 3532 1181 3540 -
1199 3512 1269 3557 Τῆς
1287 3510 1374 3554 ἰδίας
1399 3556 1404 3560 .

1604 268 1931 322 DEMETRll
1982 267 2320 324 PHALEREI

1444 396 1643 439 SEPTEM
1675 398 1969 441 SAPIENTUM
2000 398 2477 443 APOPHTHEGMATA.

1478 692 1506 723 1.
1527 689 1706 723 Cleobulus
1723 692 1876 732 Evagorae
1887 691 1972 725 filius
1992 691 2126 726 Lindius
2143 692 2224 726 dixit
2241 702 2250 725 ε

1473 777 1590 811 Modus
1609 779 1734 821 optima
1750 787 1813 813 res,
1831 798 1873 804 —
1898 782 2028 814 Patrem
2051 781 2190 814 revereri
2212 783 2352 824 oportet.
2370 802 2413 811 —
2431 785 2498 818 Cn-

1432 840 1570 871 randum
1588 842 1636 872 est
1654 842 1689 873 ut
1702 849 1836 882 corpore
1850 843 1883 873 et
1909 841 2017 874 auimo
2033 840 2116 874 bene
2130 842 2305 876 valeamus.
2320 842 2497 877 —Liben·

1433 901 1482 932 ter
1503 899 1615 932 audire
1634 901 1782 941 oportet,
1794 908 1861 933 -non
1876 892 2000 942 quaevis
2013 901 2123 933 tamen
2140 903 2272 934 temere.
2283 919 2326 926 -—
2340 903 2497 945 Doctum,

1434 968 1497 991 non
1525 959 1694 992 indoctum
1723 969 1792 993 esse
1822 959 1926 994 decet.
1944 977 1987 984 —
2008 960 2166 1002 Linguam
2191 959 2274 994 bene
2299 960 2498 996 omInantem

1434 1018 1562 1052 habeto.
1577 1036 1620 1043 -—
1630 1019 1768 1052 Virtutis
1782 1019 1950 1062 proprium
1965 1022 2014 1053 est
2032 1020 2065 1053 et
2082 1019 2123 1052 ab
2134 1019 2341 1062 improbitate
2354 1020 2497 1054 alienum

1432 1078 1621 1120 injustitiam
1641 1079 1761 1112 odisse.
1779 1097 1821 1102 —
1849 1079 2007 1112 Pietatem
2036 1088 2141 1112 serva.
2157 1094 2198 1103 -
2221 1079 2356 1112 Civibus
2371 1080 2498 1122 optima

1432 1138 1545 1171 suade.
1566 1159 1607 1166 -
1626 1139 1785 1180 Linguam
1807 1138 1948 1173 contine.
1976 1156 2018 1164 —
2038 1141 2098 1172 Per
2123 1138 2189 1172 vim
2217 1139 2298 1173 nibil
2322 1139 2498 1181 agendum.

1433 1198 1621 1231 —Liberos
1646 1199 1787 1232 institue.
1807 1218 1848 1226 -
1865 1201 2043 1232 Fortunam
2072 1207 2215 1241 precare.
2239 1218 2282 1227 -
2307 1199 2499 1246 {nimicitias

1432 1258 1585 1291 dissolve.
1598 1279 1639 1286 -
1654 1259 1769 1300 Populi
1782 1259 1948 1291 inimicum
1964 1258 2092 1293 hostem
2108 1258 2382 1292 habeto-cum
2397 1267 2500 1293 uxore

1433 1328 1536 1361 neque
1549 1319 1678 1361 jurgare
1696 1319 1855 1352 debemus
1870 1319 2083 1361 praesentibus
2096 1319 2223 1362 alienis,
2237 1327 2343 1362 neque
2360 1318 2390 1353 ei
2405 1319 2500 1353 blan-

1433 1380 1494 1413 diri
1515 1390 1524 1413 :
1552 1380 1631 1413 illud
1649 1380 1780 1422 quidem
1798 1380 1891 1423 pejus
1909 1382 1968 1422 est,
1991 1380 2054 1414 hoc
2069 1382 2181 1414 autem
2196 1380 2238 1414 ad
2261 1381 2404 1415 furorem
2425 1390 2498 1424 per-

1433 1429 1550 1476 ducere
1564 1443 1681 1482 potest.
1699 1458 1742 1464 —
1760 1440 1912 1474 servulos
1937 1440 2047 1473 ebrios
2073 1449 2114 1474 ne
2135 1440 2258 1482 castiga
2277 1453 2286 1474 ε
2310 1440 2360 1474 sin
2378 1441 2498 1482 minus,

1432 1500 1546 1542 etipse
1559 1499 1667 1533 ebrius
1682 1500 1852 1533 videberis.
1868 1518 1910 1524 —
1930 1502 2073 1533 Uxorem
2095 1499 2160 1532 duc
2185 1509 2224 1533 ex
2247 1500 2451 1542 aequalibus:
2471 1499 2499 1534 si

1432 1558 1518 1592 enim
1538 1568 1556 1592 e
1581 1559 1819 1600 potentioribus
1835 1558 1987 1600 duxeris,
2013 1558 2188 1600 dominos,
2212 1568 2277 1592 non
2307 1559 2419 1592 affines
2440 1559 2500 1593 tibi

1433 1620 1646 1662 comparabis.
1663 1638 1703 1643 —-
1720 1619 1806 1652 Alios
1822 1619 1987 1653 cavillanti
2010 1629 2051 1653 ne
2069 1620 2260 1663 subrideae;
2278 1621 2400 1654 invisus
2412 1622 2499 1655 enim
2562 1666 2566 1670 ι
2584 1614 2589 1618 ”

1432 1679 1490 1712 ties
1504 1679 1542 1712 iis
1556 1679 1674 1722 quibus
1686 1679 1845 1712 illuditur.
1857 1681 1943 1730 ÷1n
1952 1679 2072 1712 divitiis
2081 1688 2120 1712 ne
2127 1671 2305 1722 superbias,
2313 1681 2347 1714 in
2356 1682 2501 1723 egestate

1431 1749 1472 1773 ne
1491 1739 1615 1782 abJeclo
1631 1739 1674 1773 sis
1687 1739 1807 1773 animo.

1475 1833 1505 1862 2.
1521 1829 1619 1862 Solon
1641 1828 1842 1862 Execestidae
1858 1828 1942 1861 tilius
1956 1829 2160 1863 Atheniensis
2177 1829 2260 1863 dixit
2278 1841 2287 1863 ε

1475 1905 1522 1937 Ne
1541 1904 1619 1945 quid
1635 1903 1745 1936 nimis.
1765 1923 1803 1931 -
1822 1903 1930 1937 Judex
1944 1912 1985 1937 ne
2006 1903 2143 1938 sedeas:
2160 1904 2209 1937 sin
2225 1905 2348 1946 minus,
2368 1905 2404 1939 in
2420 1905 2496 1940 odio

1432 1964 1496 1997 cris
1507 1964 1673 1997 damnato.
1689 1981 1731 1989 —
1748 1963 1960 2006 Voluptatem
1987 1964 2061 2005 suge
2079 1973 2152 2006 quae
2167 1964 2331 1998 tristitiam
2346 1965 2441 2007 parit,
2455 1983 2499 1991 -

1433 2026 1561 2057 Morum
1574 2024 1769 2066 probitatem
1782 2033 1875 2057 serva
1885 2024 1935 2057 vel
1947 2023 2157 2066 iureiurando
2174 2024 2237 2058 tide
2249 2019 2441 2067 digniorem.
2457 2044 2499 2051 —

1432 2085 1606 2117 Sermones
1618 2083 1764 2124 silentio,
1780 2083 1946 2117 silentium
1966 2084 2120 2126 temporis
2142 2086 2386 2126 opportunitate
2404 2093 2496 2118 com-

1434 2143 1544 2184 proba.
1564 2163 1607 2171 -
1636 2144 1686 2176 Ne
1714 2143 1879 2176 mentiaris
1890 2166 1899 2183 ,
1926 2143 1984 2176 sed
2009 2152 2086 2176 vera
2113 2143 2257 2186 loquere.
2281 2161 2326 2170 -
2353 2146 2497 2179 Honesta

1434 2203 1601 2236 meditare.
1631 2223 1673 2230 -
1694 2203 1887 2236 Parentibus
1906 2203 2044 2244 justiora
2069 2212 2110 2237 ne
2126 2204 2227 2238 dicas.
2242 2222 2285 2232 -
2309 2206 2440 2238 Amicos
2455 2214 2498 2238 ne

1433 2264 1496 2296 cito
1510 2273 1691 2305 compares,
1712 2272 1794 2304 quos
1812 2265 1924 2297 autem
1941 2265 2192 2306 compar-averte,
2217 2273 2259 2297 ne
2273 2264 2385 2298 statim
2399 2274 2496 2308 repu-

1433 2324 1512 2358 dies.
1525 2342 1567 2349 -
1586 2326 1706 2359 Parere
1733 2333 1835 2366 quum
1855 2324 2017 2364 didiceris,
2035 2324 2196 2366 imperare
2219 2324 2314 2358 scies.
2328 2343 2373 2350 —
2392 2327 2497 2364 Quam

1438 2385 1517 2417 alios
1532 2384 1671 2426 reposcis
1686 2384 1857 2424 rationem,
1876 2384 1945 2425 ipse
1959 2393 2089 2426 quoque
2104 2383 2213 2417 redde.
2227 2405 2269 2413 -
2285 2385 2420 2418 Civibus
2432 2394 2499 2418 non

1431 2444 1686 2486 iucundissima,
1701 2444 1758 2477 sed
1783 2444 1907 2486 optitna
1929 2444 2092 2477 suadebis.
2109 2464 2151 2471 —
2171 2446 2218 2478 Ne
2239 2444 2369 2478 fastidio
2385 2445 2501 2478 effera-

1434 2506 1489 2538 ris.
1508 2523 1549 2529 —
1566 2495 1649 2538 Cum
1663 2504 1864 2546 improbisne
1881 2504 2025 2538 verseris.
2040 2525 2083 2532 --
2094 2504 2234 2538 Consule
2250 2504 2339 2538 deos.
2350 2523 2391 2529 —-
2402 2505 2494 2538 Ami·

1433 2572 1487 2596 cos
1507 2563 1589 2597 cole.
1609 2584 1649 2591 -
1665 2565 1818 2596 Parentes
1831 2572 1990 2596 reverere.
2004 2583 2045 2591 —
2062 2564 2206 2596 Mentem
2215 2562 2334 2597 ducem
2349 2572 2496 2605 sequere.

1433 2625 1533 2657 -Ne
1550 2623 1638 2656 dicas
1655 2625 1767 2656 autem
1794 2623 2013 2665 quodcunque
2033 2622 2162 2656 videris.
2177 2622 2341 2656 ——sciens
2355 2625 2438 2656 tace.
2454 2639 2498 2647 —

1434 2683 1532 2717 Lenis
1553 2683 1584 2715 in
1608 2685 1684 2716 tuos
1701 2683 1755 2716 sis.
1775 2700 1816 2706 -
1837 2682 1985 2717 Obscura
1999 2690 2016 2715 e
2030 2681 2210 2716 manifestis
2223 2680 2358 2723 conjice.

1477 2831 1508 2861 3.
1534 2827 1648 2860 Chilon
1670 2825 1838 2867 Damageti
1863 2825 1946 2858 filius
1965 2824 2232 2858 Lacedaemonius
2248 2823 2332 2857 dixit
2352 2836 2361 2857 ε

1477 2918 1578 2949 Nosce
1592 2915 1752 2956 teipsum.
1771 2931 1815 2939 —-
1829 2915 1919 2947 Inter
1944 2913 2121 2946 bibendum
2139 2920 2179 2945 ne
2200 2910 2303 2945 multa
2325 2911 2495 2954 loquaris:

1436 2982 1601 3024 delinques
1614 2981 1713 3015 enim.
1736 2997 1778 3005 -
1802 2980 1925 3013 Liberis
1953 2964 2137 3011 hominibus
2153 2986 2194 3011 ne
2216 2977 2348 3011 mineris
2364 2989 2374 3011 ι
2393 2986 2500 3020 neque

1434 3041 1521 3073 enim
1537 3041 1642 3074 decet.
1662 3060 1703 3067 —
1715 3041 1765 3073 Ne
1780 3038 1950 3071 maledicas
1966 3038 2037 3070 aliis
2054 3048 2061 3069 :
2086 3038 2135 3070 sin
2158 3038 2278 3079 minus,
2298 3037 2409 3071 audies
2423 3046 2499 3080 qum

1437 3102 1493 3135 tibi
1524 3101 1662 3134 molesta
1685 3101 1793 3134 erunt.
1809 3117 1854 3124 —
1882 3099 1932 3132 Ad
1953 3098 2134 3132 amicorum
2159 3099 2309 3133 convivia
2339 3099 2438 3141 lente,
2454 3098 2499 3132 ad

1435 3161 1633 3194 calamitates
1652 3161 1760 3193 autem
1782 3160 1847 3192 cito
1867 3158 1996 3192 accede.
2013 3178 2056 3187 —
2075 3159 2212 3201 Nuptias
2233 3158 2400 3200 frugaliter
2417 3157 2499 3191 taci-

1435 3223 1481 3256 to.
1501 3239 1546 3246 —
1563 3221 1638 3255 Vita
1666 3220 1814 3253 functum
1834 3219 1965 3252 beatum
1995 3218 2144 3261 praedica.
2167 3237 2210 3246 —
2225 3219 2311 3251 Natu
2341 3216 2500 3259 majorem

1435 3282 1518 3315 cole.
1546 3299 1589 3305 —
1618 3280 1806 3314 Alienarum
1833 3288 1942 3312 rerum
1970 3287 2048 3311 cura
2077 3279 2273 3319 o‹.cupatum
2305 3275 2424 3311 oderis.
2457 3293 2500 3300 —

1434 3342 1600 3374 ,iacturam
1619 3340 1710 3381 turpi,
1721 3339 1810 3372 lucro
1827 3337 1943 3381 praefer
1961 3352 1968 3371 :
1985 3338 2040 3370 illa
2062 3338 2148 3371 enim
2165 3337 2278 3378 semel,
2293 3336 2356 3370 boc
2371 3344 2500 3378 semper

1435 3400 1495 3434 tibi
1515 3400 1659 3433 dolorem
1686 3398 1811 3432 afferet.
1837 3414 1879 3423 —
1909 3397 2144 3431 calamitosum
2171 3406 2213 3430 ne
2238 3395 2383 3430 irrideas.
2400 3413 2445 3424 -—
2466 3394 2499 3427 Si

1436 3459 1590 3493 robustus
1608 3468 1654 3500 ee,
1680 3456 1892 3500 tranquillum
1918 3457 1951 3490 te
1966 3456 2087 3498 praebe,
2115 3457 2154 3489 nt
2170 3455 2380 3489 revereantur
2397 3454 2429 3486 te
2443 3450 2499 3485 alii
2539 3480 2545 3485 .

1436 3520 1542 3561 polius
1572 3529 1671 3562 qnam
1703 3519 1861 3552 metuant.
1891 3534 1934 3541 -
1966 3516 2085 3550 Domui
2105 3517 2170 3550 tuae
2188 3515 2268 3548 bene
2285 3513 2437 3557 proeesto.
2457 3530 2500 3540 -
2561 3533 2562 3536 =

1385 3589 1460 3620 ¹212
