2612 3814
1079 233 1487 274 SIMILITUDINES.

321 326 479 378 (Anton.
497 334 535 363 et
554 324 656 363 Max.
674 337 788 366 serm.
812 322 892 376 περὶ
911 322 1118 372 κολακείας,
1139 323 1242 364 Plut.

263 386 291 425 1.
315 399 346 423 c.
364 399 403 437 p.
423 383 531 435 364.)

188 445 420 485 121.Γλῶσσα
440 443 648 497 βλάσφημος
670 441 822 486 διανοίας
849 444 962 489 κακῆς
982 441 1140 494 ἔλεγχος.

318 503 476 556 (Anton.
501 511 539 540 et
555 501 657 541 Max.
680 501 807 541 Serm.
829 500 910 554 περὶ
927 500 1044 555 ψόγου
1068 500 1130 540 καὶ
1159 501 1241 540 δια-

264 562 391 612 ὅολῆς,
414 563 518 602 Plut.
541 575 579 614 p.
603 561 720 613 364.)

190 636 252 662 125.
268 622 314 662 ‘0
335 623 404 661 τῶν
423 620 571 660 ἀσώτων
593 620 666 674 βίος
685 619 807 674 ὥσπερ
825 621 904 659 καθ’
926 619 1063 673 ἡμέραν
1082 618 1243 667 ἀποθνή-

265 697 359 721 σκων
377 679 573 734 ἐκφέρεται.

318 740 476 793 (Anton.
491 748 529 778 et
544 739 649 780 Max.
668 739 793 779 Serm.
820 738 901 791 περὶ
929 738 1106 790 ἀσωτίας,
1140 738 1242 777 Plut.

263 801 292 839 1.
312 814 344 840 c.
363 814 404 851 p.
423 798 542 852 364.)
1028 790 1042 802 '

186 873 250 898 126.
267 858 314 898 ‘H
333 859 438 912 χάρις
455 857 575 914 ὥσπερ
597 860 619 904 ἡ
653 856 804 906 σελήνη,
825 856 908 902 ὅταν
934 856 1050 896 τελεία
1076 855 1239 908 γένηται,

268 917 346 957 τότε
366 916 457 964 καλὴ
476 916 647 970 φαίνεται.

321 976 480 1029 (Anton.
518 984 557 1014 et
591 975 694 1014 Max.
732 975 857 1014 Serm.
898 973 980 1026 περὶ
1018 971 1237 1025 εὐεργεσίας,

265 1034 465 1074 Plutarch.
488 1035 516 1073 l.
543 1049 576 1074 c.
598 1043 695 1086 pag.
721 1035 813 1072 365.
839 1033 916 1072 Sed
938 1033 980 1071 in
1002 1031 1242 1071 membranis

264 1093 345 1132 haec
364 1093 555 1132 sententia
570 1097 714 1145 partim
739 1093 899 1132 Philoni
916 1091 1060 1144 partim
1085 1091 1243 1129 Plutar-

264 1153 336 1190 cho
354 1153 595 1192 attribuitur.
610 1152 620 1205 )

186 1225 252 1252 127.
269 1210 475 1264 Ἀχοίριστον
499 1212 693 1265 εὐεργετεῖν
714 1211 776 1250 καὶ
795 1211 919 1264 νεκρὸν
942 1209 1098 1263 μυρίζειν
1118 1211 1152 1248 ἐν
1174 1210 1242 1264 ἴσῳ

265 1286 392 1311 κειται.

320 1330 478 1382 (Anton.
496 1339 534 1368 et
546 1330 650 1370 Max.
669 1330 792 1370 Serm.
811 1328 891 1381 περὶ
909 1327 1110 1382 εὐεργεσίας
1122 1359 1132 1376 ,
1150 1329 1241 1367 Plu-

266 1389 423 1428 tarchus
443 1389 471 1429 1.
495 1403 530 1429 0.
553 1402 640 1441 pag.
664 1389 760 1437 3653
783 1389 958 1441 Apostol.
978 1387 1168 1427 Proverb.
1192 1387 1239 1436 V,

268 1448 317 1486 3ο
340 1447 616 1502 Πλουτάρχου.)

189 1519 254 1546 me.
280 1506 474 1559 Φθείρεται
495 1509 513 1545 ὁ
534 1506 597 1558 μὲν
619 1505 751 1558 κόσμος
769 1505 854 1559 πυρὶ
869 1505 929 1545 καὶ
945 1504 1067 1557 ὕδατι,
1084 1509 1102 1545 ὁ
1122 1504 1157 1544 δὲ
1172 1504 1239 1544 τῶν

266 1566 470 1604 ἀκολάστων
491 1568 640 1610 πλοῦτος
657 1565 762 1619 ἔρωτι
781 1567 842 1605 καὶ
865 1565 969 1618 μέθῃ.

318 1624 475 1676 (Anton.
505 1633 543 1663 et
566 1625 669 1664 Max.
695 1624 818 1664 Serm.
833 1624 915 1676 περὶ
944 1623 1069 1675 μέθης,
1089 1623 1191 1662 Plut.
1214 1624 1239 1662 l.

267 1697 301 1723 0.
322 1697 360 1734 p.
393 1682 494 1731 365;
518 1684 659 1723 Arsen.
678 1682 823 1723 Violet.
846 1683 971 1721 Serm.
992 1681 1072 1734 περὶ
1095 1681 1238 1733 μέθης.)

186 1755 253 1782 129.
270 1741 399 1795 ’Ύὸρις
422 1741 484 1780 καὶ
510 1736 602 1785 οἶνος
624 1742 891 1781 ἀποκαλύπτειν
912 1741 1055 1780 εἰώθασι
1076 1740 1187 1794 φίλοις
1199 1740 1244 1779 τὰ

265 1801 333 1849 ἤθη
354 1802 422 1839 τῶν
444 1802 568 1855 φίλων.

325 1861 336 1911 (
352 1862 494 1901 Anton.
525 1870 563 1900 et
583 1861 686 1901 Max.
721 1861 846 1899 Serm.
877 1859 958 1914 περὶ
980 1859 1108 1911 μέθης,
1134 1858 1242 1897 1111110

265 1920 424 1959 nomine
444 1918 602 1969 addito;
622 1919 819 1958 Plutarch.
838 1920 863 1959 l.
879 1934 913 1957 c.
930 1933 968 1971 p.
991 1919 1105 1968 365.)

188 1993 252 2019 tao.
266 1978 385 2033 Ὅπερ
407 1979 449 2018 ἂν
472 1984 673 2019 σιωπᾶσθαι
695 1981 804 2032 βούλῃ
818 2009 828 2026 ,
848 1979 972 2029 μηδενὶ
994 1978 1094 2030 εἴπῃς
1106 2008 1116 2026 ,
1133 1977 1155 2025 ἢ
1171 1979 1244 2021 πῶς

265 2039 364 2092 παρά
383 2055 474 2084 τινος
490 2034 750 2087 ἀπαιτήσειςτὸ
766 2038 890 2078 πιστὸν
905 2041 968 2085 τῆς
988 2040 1122 2084 σιωπῆς
1136 2067 1147 2089 ,
1161 2036 1179 2076 ὃ
1191 2037 1241 2088 μὴ

266 2097 443 2151 παρέσχες
457 2100 595 2150 σεαυτῷ
609 2112 620 2149 ;

322 2158 334 2208 (
352 2159 497 2197 Anton.
522 2166 560 2195 et
578 2157 683 2196 Max.
707 2156 832 2195 Serni.
859 2155 940 2208 περὶ
960 2157 1114 2203 σιωπῆς,
1134 2155 1239 2195 Plut.

267 2217 294 2256 1.
314 2231 348 2254 0.
367 2231 406 2268 p.
427 2215 541 2269 365.)

186 2289 248 2315 131.
262 2273 406 2329 ιὭσπερ
427 2275 496 2314 ὑπὸ
516 2278 577 2314 τοῦ
600 2275 652 2313 ἰοῦ
679 2273 738 2312 τὸν
759 2274 922 2326 σίδηρον,
945 2272 1036 2312 οὕτω
1055 2272 1132 2317 τοὺς
1156 2276 1238 2325 φθο-

266 2332 385 2385 νεροὺς
405 2333 474 2371 ὑπὸ
490 2337 551 2372 τοῦ
569 2333 656 2371 ἰδίου
675 2331 778 2380 ἤθους
791 2330 1051 2371 κατεσθίεσθαι.

320 2393 490 2444 (Anton.
515 2402 554 2432 et
572 2393 677 2432 Max.
700 2392 824 2430 Serm.
852 2392 934 2445 περὶ
958 2390 1084 2444 φθόνου
1106 2391 1244 2429 Clitar·
1280 2420 1282 2422 .

264 2453 328 2492 chi
356 2453 417 2491 vel
446 2452 674 2500 Plutarchi3
714 2452 911 2491 Plutarch.
938 2454 964 2491 l.
992 2465 1027 2492 c.
1052 2465 1094 2503 p.
1119 2448 1238 2502 366.)

187 2526 253 2553 152.
269 2512 328 2552 Τὰ
358 2509 421 2562 μὲν
449 2510 540 2563 φυτὰ
569 2512 639 2549 ἀπὸ
663 2513 726 2559 τῆς
744 2511 861 2565 ῥίζης,
883 2514 906 2558 ἡ
928 2509 965 2550 δὲ
985 2509 1066 2555 δόξα
1088 2508 1158 2548 ἀπὸ
1178 2511 1240 2556 τῆς
1264 2567 1271 2573 η

265 2570 410 2624 πρώτης
427 2569 634 2623 ὑπολήψεως
651 2569 805 2615 αὔξεται.

230 2685 298 2716 124.
316 2682 439 2723 Lingua
456 2681 611 2714 maledica
632 2681 726 2713 1113130
749 2680 868 2713 mentis
888 2680 984 2713 index
1002 2681 1064 2713 est.

230 2746 300 2775 125.
320 2741 577 2774 Luxuriosorum
591 2740 658 2773 vita
667 2740 763 2782 quasi
779 2739 925 2781 quotidie
936 2739 1077 2772 moriens
1094 2738 1241 2771 effertur.

231 2803 304 2832 126.
332 2798 570 2839 Beneficentia‚
596 2798 679 2831 sicut
705 2798 800 2839 111113,
834 2799 903 2830 tum
926 2797 1064 2839 pulchra
1085 2798 1242 2838 apparet,

184 2867 286 2899 quum
302 2858 394 2899 plena
408 2861 468 2890 est.

229 2920 300 2950 127.
326 2919 456 2958 Ingrato
478 2916 666 2949 benefacere
680 2916 713 2949 et
730 2924 849 2958 ungere
872 2916 1039 2948 mortuum
1054 2939 1062 2954 ‚
1078 2914 1162 2947 idem
1180 2917 1241 2948 est.

230 2980 300 3010 128.
325 2976 467 3009 Mundus
484 2970 615 3017 quidem
639 2976 711 3017 igne
732 2978 764 3008 et
783 2984 868 3017 aqua
890 2974 1135 3016 corrumpitur:
1152 2975 1244 3007 luxu-

182 3035 342 3068 riosorum
362 3037 472 3068 autem
486 3043 564 3077 opes
584 3043 694 3067 amore
707 3036 740 3067 et
754 3034 926 3067 ebrietate.

232 3096 300 3126 129.
325 3094 446 3135 Injuria
467 3096 500 3127 et
529 3094 644 3126 vinum
674 3094 826 3135 detegere
857 3094 961 3126 solent
991 3093 1103 3125 amicis
1139 3101 1244 3125 mores

185 3153 378 3186 amicorum.

228 3215 298 3246 130.
323 3214 369 3245 Ne
379 3214 432 3245 cui
449 3212 538 3246 dicas
553 3213 640 3254 quod
653 3212 749 3245 taceri
768 3212 836 3245 vis:
852 3212 1015 3254 quomodo
1032 3211 1118 3244 enim
1126 3211 1167 3244 ab
1180 3212 1244 3245 alic

183 3269 361 3310 postulabis
382 3270 498 3302 silentii
517 3270 627 3311 tidem,
642 3280 741 3312 quam
764 3272 836 3304 tute
854 3270 914 3303 tibi
932 3279 995 3303 non
1020 3270 1223 3310 praestitisti?

230 3330 302 3360 131.
326 3330 372 3361 Ut
398 3328 558 3370 ferrugine
594 3330 715 3363 ferrum
731 3355 742 3372 ‚
777 3331 824 3364 sic
846 3330 972 3364 invidos
995 3330 1063 3363 suis
1095 3331 1240 3372 ipsorum

189 3383 334 3416 moribus
350 3383 498 3416 consumi
517 3384 676 3418 videmus.

235 3445 304 3475 132.
329 3443 450 3475 Plantae
467 3443 599 3484 capiunt
611 3452 630 3476 a
649 3444 756 3478 radice
773 3445 1008 3479 incrementum
1019 3470 1028 3485 ‚
1052 3445 1153 3488 gloria
1167 3454 1244 3479 vero

187 3510 206 3534 a
225 3501 308 3533 sama
331 3501 470 3543 primum
489 3502 623 3535 collecta
639 3504 784 3544 augetur.

2283 240 2360 274 495

1442 323 1615 374 (Anton.
1654 331 1691 360 et
1719 322 1822 361 Max.
1846 321 1970 362 Serm.
1998 321 2079 374 περὶ
2105 321 2226 370 δόξης,
2269 323 2362 362 Ρ111-

1386 383 1508 422 tal-ch.
1529 382 1556 421 1.
1580 396 1615 421 0.
1637 395 1677 433 p.
1702 382 1792 420 366.
1815 381 1935 419 Posui
1953 395 2040 420 cum
2060 382 2364 433 Wyttenbachio

1386 441 1595 496 ὑπολήψεως
1613 439 1758 484 αὔξεται
1771 454 1846 492 pro
1866 440 2181 479 membranarum
2196 442 2364 480 lectione

1384 501 1527 555 λήψεως
1546 499 1655 546 αὔξει.
1671 499 1682 551 )

1307 581 1371 607 133.
1389 566 1522 607 Ἵππου
1541 564 1604 618 μὲν
1623 562 1751 618 ἀρετὴν
1777 565 1811 604 ἐν
1827 563 1996 618 πολέμῳ,
2014 564 2114 618 φίλου
2132 564 2168 603 δὲ
2186 565 2305 605 πίστιν
2326 568 2360 605 ἐν

1386 624 1516 678 ἀτυχία
1537 624 1716 677 κρίνομεν.

1441 686 1614 736 (Anton.
1639 692 1678 722 et
1696 683 1800 722 Max.
1821 683 1947 722 Serm.
1977 681 2057 734 περὶ
2090 682 2198 735 φίλων
2218 683 2277 722 καὶ
2307 699 2362 737 ιρι-

1389 744 1486 792 λίας,
1508 743 1710 783 Plutarch.
1730 743 1756 781 1.
1779 757 1812 782 0.
1832 756 1922 794 pag.
1944 742 2063 794 366.)

1307 823 1371 850 134.
1391 808 1510 856 Σκεύη
1532 807 1578 848 τὰ
1598 808 1662 861 μὲν
1680 807 1789 848 ’καινὰ
1818 807 2023 860 κρείττονα,
2047 806 2147 860 φιλία
2174 807 2211 847 δὲ
2239 812 2261 857 ἡ
2287 825 2360 849 πα-

1385 867 1565 920 λαιοτέρα.

1440 928 1608 980 (Anton.
1628 936 1665 966 et
1679 927 1782 966 Max.
1802 926 1927 965 Serm.
1948 926 2029 979 περὶ
2044 926 2154 980 φίλων
2169 926 2229 965 καὶ
2248 926 2365 978 φιλίας

1386 989 1496 1026 1111110
1555 988 1715 1026 nomine
1760 987 1953 1039 ascript03
2007 987 2207 1028 Plutarch.
2256 988 2285 1026 l.
2328 1002 2362 1028 c.

1384 1062 1424 1100 p.
1450 1049 1570 1099 366.)

1306 1120 1370 1147 ¹35.
1389 1106 1542 1158 Φεύγειν
1564 1108 1615 1146 δεῖ
1643 1105 1708 1154 τὴν
1729 1105 1871 1159 φιλίαν,
1897 1099 1944 1144 ὧν
1979 1121 2082 1144 τινων
2117 1105 2313 1159 ἀμφίὸολος
2338 1109 2361 1154 ἡ

1388 1165 1553 1209 διάθεσις.

1442 1226 1451 1273 (
1469 1226 1614 1264 Anton.
1638 1233 1676 1262 et
1695 1224 1800 1263 Max.
1825 1224 1951 1262 Serm.
1982 1223 2063 1275 περὶ
2093 1223 2203 1277 φίλων
2225 1224 2286 1263 καὶ
2307 1240 2362 1278 φι-

1382 1283 1480 1331 λίας,
1500 1283 1699 1323 Plutarch.
1717 1283 1747 1323 1.
1770 1297 1802 1322 0.
1820 1296 1905 1335 pag.
1922 1284 2012 1324 366.
2029 1282 2039 1336 )

1305 1363 1366 1388 130.
1382 1351 1426 1388 Αἱ
1448 1350 1627 1400 ἐπιφανεῖς
1641 1348 1770 1401 τύχαι,
1790 1348 1951 1400 καθάπερ
1972 1351 2004 1388 οἱ
2024 1348 2167 1401 σφοδροὶ
2194 1351 2264 1388 τῶν
2285 1350 2364 1389 ἀνέ-

1385 1423 1484 1458 μων,
1505 1407 1645 1458 μεγάλα
1660 1410 1797 1446 ποιοῦσι
1816 1406 1983 1459 ναυάγια.
2276 1424 2278 1427 ’

1438 1473 1597 1524 (Anton.
1633 1482 1670 1512 et
1695 1472 1797 1512 Max.
1831 1472 1957 1512 Serm.
1994 1472 2075 1525 περὶ
2110 1472 2273 1526 εὐτυχίας
2304 1474 2364 1512 καὶ

1385 1531 1573 1585 δυστυχίας
1594 1533 1703 1571 1111110
1718 1541 1874 1571 auctore
1895 1533 2033 1580 citato;
2059 1532 2259 1573 Plutarch.
2278 1533 2303 1573 l.
2329 1548 2362 1575 c.

1384 1606 1421 1643 p.
1447 1593 1566 1642 367.)

1305 1663 1369 1689 137.
1387 1651 1639 1704 Ἀῤῥωστοῧντι
1658 1649 1796 1704 φορτίον
1811 1649 2032 1702 ἐπιθεῖναι,ἢ
2050 1651 2251 1704 ἀπαιδεύτῳ
2266 1653 2363 1705 ψυχῇ

1385 1710 1550 1763 εὐτυχίαν
1569 1710 1694 1749 ταυτόν
1713 1711 1821 1749 ἐστιν.

1441 1776 1613 1826 (Α111011.
1634 1784 1672 1813 et
1698 1775 1804 1814 Max.
1844 1774 1968 1814 Serm.
2000 1774 2082 1827 περὶ
2109 1775 2273 1828 εὐτυχίας
2303 1777 2363 1814 καὶ

1388 1833 1579 1886 δυστυχίας
1599 1833 1746 1872 omisso
1767 1833 1938 1871 auctoris
1959 1834 2139 1881 nomine3
2160 1834 2360 1875 Plutarch.

1388 1894 1414 1931 1.
1436 1907 1471 1932 0.
1494 1906 1535 1944 p.
1560 1893 1649 1931 368.
1668 1891 1677 1944 )

1307 1972 1371 1997 138.
1392 1957 1438 1997 ‘H
1459 1957 1552 2009 τύχη
1579 1956 1740 2009 καθάπερ
1756 1955 1917 2005 τοξότης,
1940 1955 2024 1994 ποτὲ
2048 1955 2112 2007 μὲν
2134 1958 2362 2011 ἐπιτυγχάνει

1388 2017 1567 2069 βάλλουσα
1584 2017 1636 2069 ἐφ’
1656 2019 1771 2067 ἡμᾶς,
1790 2014 1910 2068 ὥσπερ
1931 2014 1990 2053 ἐπί
2010 2031 2087 2054 τινα
2109 2016 2260 2067 σκοπόν,
2278 2018 2361 2057 ποτὲ

1386 2076 1421 2116 δὲ
1435 2076 1492 2114 ἐπὶ
1510 2075 1554 2114 τὰ
1572 2075 1739 2128 σύνεγγυς
1753 2074 1996 2128 παρακείμενα
2016 2075 2114 2125 ἡμῖν.

1440 2142 1610 2192 (Α111011.
1634 2150 1672 2179 et
1705 2141 1808 2180 Max.
1842 2140 1968 2181 Serm.
2001 2141 2084 2192 περὶ
2109 2141 2274 2192 εὐτυχίας
2302 2142 2363 2180 καὶ

1386 2200 1574 2252 δυστυχίας
1589 2200 1699 2238 nullo
1720 2209 1879 2238 auctore
1896 2200 2037 2246 citat03
2063 2200 2261 2238 Plutarch.
2279 2202 2305 2239 l.
2324 2216 2359 2241 c.

1386 2274 1427 2312 p.
1450 2260 1570 2309 368.)

1303 2338 1368 2364 139.
1385 2322 1563 2374 Στάσιμοί
1583 2324 1669 2361 εἰσιν
1687 2324 1723 2360 αἱ
1742 2324 1810 2361 τῶν
1833 2322 2120 2375 πεπαιδευμένων
2139 2323 2294 2374 ἐλπίδες,
2317 2328 2363 2369 ὡς

1385 2385 1420 2422 ἐν
1441 2383 1557 2432 λιμένι
1574 2383 1625 2436 τῷ
1645 2383 1806 2435 λογισμῷ
1824 2385 2008 2435 ὁρμοῦσαι.

1360 2448 1579 2500 (Maximus
1596 2447 1719 2488 Serm.
1737 2447 1816 2499 περὶ
1834 2447 1972 2490 ἐλπίδος
1993 2449 2078 2486 sine
2096 2450 2266 2488 auctoris
2287 2463 2361 2488 no-

1385 2508 1515 2555 mine3
1543 2508 1730 2546 Arsenius
1761 2507 1904 2546 Violet.
1940 2507 2063 2546 Serm.
2097 2507 2178 2562 περὶ
2210 2510 2358 2561 ἀρετῆς,

1386 2566 1585 2606 Plutarch.
1607 2566 1635 2606 l.
1657 2580 1691 2606 e.
1712 2579 1751 2617 p.
1773 2565 1889 2617 368.)

1347 2679 1417 2710 133.
1447 2677 1527 2717 Equi
1548 2676 1725 2708 bonitatem
1740 2675 1773 2707 in
1788 2675 1891 2716 bello,
1909 2675 2005 2709 amici
2024 2685 2100 2709 vero
2116 2677 2210 2710 fidem
2225 2678 2257 2709 in
2272 2678 2362 2710 caia-

1303 2736 1414 2768 mitate
1430 2735 1624 2776 judicamus.

1351 2797 1420 2827 134.
1443 2797 1531 2827 Vasa
1560 2793 1691 2835 quidem
1715 2794 1848 2827 meliora
1880 2795 1957 2827 sunt
1982 2804 2086 2836 nova,
2117 2796 2173 2828 sed
2200 2797 2363 2829 vetustior

1303 2855 1442 2886 amicitia
1462 2854 1604 2895 praestat.

1349 2916 1419 2946 135.
1442 2915 1563 2945 Eorum
1578 2912 1727 2954 fugienda
1743 2913 1885 2946 amicitia
1909 2914 1959 2946 est
1975 2922 2115 2954 quorum
2138 2915 2267 2947 animus
2288 2923 2360 2947 am-

1303 2972 1418 3013 biguus
1437 2975 1469 3005 et
1491 2972 1676 3006 inconstans
1692 2973 1754 3006 est.

1348 3034 1418 3064 136.
1441 3031 1623 3072 Splendidae
1636 3031 1774 3064 fortunae
1786 3056 1795 3072 ,
1810 3032 1895 3065 sicut
1908 3032 1995 3064 venti
2008 3032 2229 3072 vehementes,
2244 3041 2359 3074 magna

1303 3090 1444 3123 afferunt
1464 3090 1639 3132 naufragia.

1350 3152 1419 3182 137.
1444 3149 1575 3182 Infirmo
1593 3158 1677 3182 onus
1697 3149 1864 3191 imponere
1877 3151 1909 3183 et
1926 3150 2035 3182 animo
2052 3149 2182 3182 indocto
2201 3150 2359 3191 prosperi-

1304 3210 1404 3241 tatem
1420 3217 1555 3250 prorsus
1576 3208 1660 3242 idem
1675 3210 1736 3242 est.

1351 3270 1419 3301 138.
1436 3269 1581 3301 Fortuna
1601 3268 1755 3309 sagittarii
1773 3276 1863 3300 more
1877 3268 2049 3308 collineat,
2071 3268 2232 3301 interdum
2249 3267 2281 3299 in
2299 3277 2360 3300 nos

1301 3327 1466 3369 jaculans,
1485 3331 1638 3368 tanquam
1656 3328 1688 3359 in
1709 3336 1845 3368 scopum
1872 3328 2054 3369 quendam,
2075 3327 2237 3360 interdum
2267 3327 2298 3358 in
2323 3335 2362 3359 ea

1303 3396 1377 3428 quae
1395 3387 1487 3420 nobis
1509 3388 1690 3422 adhaerent.

1351 3448 1422 3479 139.
1442 3447 1578 3481 stabiles
1593 3448 1794 3481 eruditorum
1817 3452 1895 3482 sunt
1914 3457 2007 3490 spes,
2034 3449 2070 3481 ut
2091 3456 2163 3490 quae
2186 3447 2218 3480 in
2236 3447 2359 3481 ratione

1306 3508 1463 3548 tanquam
1480 3506 1511 3539 in
1528 3508 1620 3548 portu
1641 3507 1859 3549 acquiescant.
