2612 3814
247 252 287 300 vj
1157 244 1482 285 ΡιιοοΕΜιυΜ.

247 343 473 387 sparserunt
486 343 524 374 et
539 332 790 373 maturiorem
808 332 1005 384 cogitandi
1025 333 1297 384 sentiendique
1362 340 1637 371 consummatae
1657 331 1944 385 elaborataeque
1971 342 2121 381 essent,
2146 333 2261 373 rudia
2281 348 2407 387 quon-

248 394 439 433 rationem
455 400 742 445 praepararunt.
765 391 840 430 Sed
861 390 1076 430 debebatur
1101 392 1190 430 fatis
1208 391 1296 444 phi-

248 452 442 504 losophiae
461 452 589 502 origo.
610 451 707 490 Nam
729 451 896 502 septimo
918 450 996 488 fere
1028 458 1116 488 ante
1134 450 1229 490 Chr.
1253 464 1294 491 n.

249 511 393 551 saeculo
407 511 547 561 ingens
566 523 697 549 rerum
720 509 926 548 conversio
942 509 1038 546 facta
1054 517 1132 556 est,
1151 522 1237 560 quae
1255 509 1298 546 in

248 571 342 610 Asia
356 570 504 608 minori
518 569 650 608 subito
667 577 752 607 orta
770 567 862 606 inde
878 580 950 620 per
970 567 1122 606 Italiam
1142 576 1180 606 et
1200 568 1297 606 Sici-

249 631 342 669 liam
365 629 560 679 manavit,
591 629 761 679 denique
790 640 862 679 per
894 626 1087 665 Graeciam
1117 627 1296 666 dissemi-

250 701 341 732 nata
374 691 582 730 maximam
624 690 754 728 effecit
802 689 1002 727 civitatum
1017 718 1028 737 ,
1077 689 1298 741 disciplinae

251 751 420 804 publicae
434 780 444 799 ,
485 749 707 788 studiorum
749 748 1074 787 immutationem.
1113 748 1298 786 Civitates

251 810 338 848 aliae
369 808 542 847 motibus
575 820 792 854 concussae,
821 806 910 844 aliae
939 805 1055 844 novis
1084 805 1237 856 legibus
1263 815 1300 844 et

251 868 443 908 institutis
482 875 722 919 temperatae,
762 866 942 918 plurimae
983 866 1099 904 etiam
1133 866 1299 904 coloniae

253 928 432 968 conditae.
450 927 578 973 Quid?
598 925 704 977 quod
724 934 827 964 artes
846 925 1042 977 pleraeque
1058 938 1154 976 quas
1170 925 1302 965 huma-

253 1001 328 1027 nus
350 987 561 1037 civilisque
589 984 717 1022 cultus
738 983 933 1022 desiderat
962 992 1042 1022 tum
1074 992 1140 1022 aut
1165 984 1298 1022 incho-

252 1055 323 1085 atae
345 1054 410 1084 aut
447 1045 502 1083 ita
523 1051 694 1081 tractatae
727 1051 841 1090 sunt,
863 1052 906 1081 ut
928 1043 977 1081 ad
1001 1056 1192 1081 summum
1213 1057 1302 1094 per·

252 1105 408 1143 venisse
441 1103 685 1142 viderentur.
713 1101 838 1140 Porro
873 1114 978 1140 nova
1018 1102 1237 1140 litterarum
1264 1111 1302 1140 et

253 1166 385 1217 poesis
402 1175 545 1213 genera
563 1161 725 1200 inventa
736 1160 851 1199 brevi
868 1161 1135 1200 invaluerunt.
1153 1160 1304 1206 Quibus

253 1222 371 1261 rebus
391 1219 575 1260 omnibus
596 1221 781 1258 commoti
799 1220 980 1258 mortales
999 1219 1156 1258 altiores
1175 1219 1302 1270 spiri-

257 1289 319 1320 tus
341 1291 494 1331 gessere
511 1288 549 1317 et
573 1278 775 1330 quaerendi
790 1278 922 1317 studio
939 1278 1090 1316 incensi
1109 1278 1150 1316 in
1171 1291 1302 1316 rerum

253 1340 480 1379 divinarum
498 1336 835 1389 humanarumque
861 1338 1191 1390 contemplatione
1205 1352 1302 1390 ope-

254 1413 340 1440 ram
360 1400 491 1438 locare
509 1406 738 1438 statuerunt.
767 1397 903 1449 ltaque
923 1398 1036 1436 multi
1056 1410 1102 1436 ea
1121 1411 1208 1448 quae
1233 1411 1302 1436 ve·

255 1468 356 1499 teres
382 1459 534 1510 poetice
549 1458 735 1496 lusissent
754 1469 893 1507 magna
912 1470 998 1495 cum
1014 1469 1106 1495 cura
1125 1465 1306 1495 retracta·

256 1527 349 1558 runt
369 1518 611 1570 placitusque
630 1515 752 1566 vulgo
782 1515 932 1554 fabulas
951 1525 989 1554 et
1008 1525 1227 1555 commenta
1255 1517 1305 1555 ad

257 1586 404 1617 naturae
429 1577 633 1616 veritatem
665 1583 915 1614 revocarunt.
948 1575 1029 1613 Hoc
1058 1576 1231 1614 studium
1263 1586 1306 1616 ut

258 1637 433 1690 primum
460 1635 665 1674 hominum
695 1643 842 1673 mentes
872 1634 1101 1685 occupavit,
1127 1634 1207 1672 dici
1241 1635 1307 1674 vix

258 1703 386 1748 potest
418 1702 564 1746 quanta
597 1692 772 1732 discendi
802 1692 1017 1744 cupiditate
1037 1692 1303 1742 flagraverint.

261 1754 416 1795 Etenim
456 1752 560 1791 haud
593 1753 707 1804 pauci
745 1751 882 1790 relicta
912 1751 1039 1803 patria
1070 1751 1309 1802 peregrinati

260 1821 372 1861 sunt,
392 1821 436 1851 ut
452 1812 485 1851 si
517 1811 615 1863 quid
644 1810 846 1862 sapientiae
870 1809 974 1861 apud
993 1817 1144 1848 exteras
1176 1818 1309 1860 gentes

259 1880 378 1922 esset,
408 1871 442 1910 si
467 1870 563 1922 quid
597 1868 797 1908 laudabile
836 1869 879 1908 in
904 1868 1069 1908 aliarum
1103 1869 1305 1908 civitatum

260 1932 450 1971 institutis
461 1960 472 1977 ,
486 1930 527 1969 id
547 1930 759 1980 diligenter
772 1929 972 1979 cognitum
987 1929 1145 1968 domum
1160 1930 1308 1968 reversi

261 2004 349 2031 cum
385 1989 539 2029 civibus
573 1990 656 2029 suis
684 1989 1030 2028 communicarent.
1063 1989 1311 2042 Quapropter

262 2063 342 2088 non
360 2049 568 2088 defuerunt
584 2049 653 2100 qui
679 2048 900 2088 sacerdotes
916 2049 1032 2087 etiam
1053 2049 1229 2099 aliosque
1250 2050 1310 2089 vi·

260 2123 326 2148 ros
342 2109 536 2159 sapientia
557 2116 784 2161 praestantes
814 2116 894 2147 tum
915 2107 957 2146 in
978 2106 1143 2159 AEgypto
1164 2115 1245 2146 tum
1267 2108 1309 2146 in

263 2167 418 2217 reliqua
443 2166 630 2205 barbaria
655 2166 924 2205 convenirent.
949 2165 1055 2212 Quin
1082 2166 1198 2204 etiam
1228 2180 1312 2205 me-

263 2227 398 2267 moriae
421 2226 619 2279 proditum
640 2234 699 2266 est
716 2226 905 2278 quosdam
923 2238 984 2264 res
999 2225 1210 2264 familiares
1227 2239 1313 2265 suas

264 2285 454 2338 abjecisse
476 2297 669 2336 agrosque
698 2284 917 2324 deseruisse
936 2285 1130 2333 incultos,
1153 2298 1231 2336 quo
1260 2285 1313 2324 li-

261 2344 397 2384 berius
430 2342 676 2395 inquirendae
709 2343 867 2383 veritati
911 2351 1107 2382 vacarent.
1164 2345 1225 2381 Ab
1253 2343 1315 2383 his

202 2439 210 2443 -
264 2403 391 2442 initiis
414 2403 588 2455 prosecta
617 2411 676 2442 est
700 2402 973 2456 philosophia,
995 2403 1059 2441 cui
1079 2402 1311 2454 praeclarum

262 2462 336 2502 hoc
368 2475 391 2500 a
417 2461 593 2500 discendi
624 2462 845 2514 cupiditate
872 2470 910 2501 et
946 2461 1150 2514 sapientiae
1177 2462 1308 2501 studio

268 2520 401 2559 Graeci
427 2533 570 2558 nomen
585 2520 826 2559 indiderunt.

319 2579 456 2626 Qualis
484 2587 612 2618 autem
646 2579 728 2618 illis
760 2579 1007 2632 temporibus
1039 2580 1167 2632 prima
1195 2581 1313 2620 suerit

268 2637 530 2691 philosophiae
551 2638 698 2685 forma,
717 2652 830 2677 nemo
852 2639 964 2678 facile
983 2639 1142 2680 dixerit.
1166 2640 1310 2687 Quem-

266 2697 475 2736 admodum
492 2696 596 2735 enim
618 2697 888 2750 pulcherrimae
908 2707 1043 2738 statuae
1065 2713 1151 2751 quae
1170 2713 1191 2738 e
1214 2700 1312 2738 Phi-

266 2757 342 2796 ‹liae
364 2756 523 2795 officina
550 2756 751 2807 prodiere,
779 2766 984 2807 antequam
1005 2759 1173 2797 artificis
1197 2771 1315 2797 manu

1359 391 1445 429 dam
1466 400 1505 430 et
1528 391 1771 431 inelaborata
1790 393 1902 443 signa
1927 393 2083 432 fuerunt
2102 393 2143 432 in
2164 393 2309 445 quibus
2335 395 2406 434 vix

1360 465 1567 503 corporum
1588 451 1822 490 lineamenta
1844 445 2080 502 ¹agnosceres
2115 466 2124 490 ι
2148 453 2204 492 sic
2229 453 2407 505 philoso-

1359 512 1462 563 phiae
1493 511 1731 550 incunabula
1759 525 1780 550 a
1807 513 1977 564 perfecta
2009 513 2096 564 ejus
2130 513 2257 552 forma
2281 514 2411 566 pluri·

1361 584 1466 608 mum
1508 570 1666 608 distant.
1703 570 1847 609 Omnes
1884 584 1978 609 vero
2014 580 2114 609 artes
2147 585 2234 623 quae
2273 581 2409 623 postea

1361 629 1570 679 generibus
1596 628 1790 667 distinctae
1813 638 1903 668 sunt
1919 659 1930 677 ,
1950 630 2067 668 initio
2096 631 2295 670 communi
2318 631 2409 683 phi·

1360 689 1551 741 losophiae
1574 689 1733 727 vinculo
1753 688 2066 728 continebantur.
2094 689 2138 727 ld
2156 690 2408 742 antiquorum

1361 749 1582 801 exemplum
1616 757 1764 786 tantum
1793 748 1943 796 valuit,
1974 758 2015 787 ut
2045 750 2222 800 sequenti
2251 763 2414 802 quoque

1361 815 1536 859 tempore
1556 820 1632 858 qua
1652 806 1791 845 mentis
1816 807 1899 844 acie
1918 807 2164 846 Democritus
2181 817 2409 847 cunctarum

1361 879 1490 904 rerum
1504 866 1586 904 vim
1607 874 1864 917 naturamque
1880 864 2031 903 viderat
2043 864 2239 916 editisque,
2252 866 2414 918 scriptis

1362 925 1646 975 illustraverat,
1667 925 1799 964 eadem
1821 924 2047 963 Aristoteles
2066 924 2255 963 doctrinae
2274 925 2409 964 orbem

1362 985 1581 1023 ornandum
1599 985 1828 1037 susciperet.
1847 985 1896 1022 At
1911 997 2038 1022 serum
2056 983 2126 1022 fuit
2148 984 2412 1038 philosophia.»

1363 1057 1527 1091 nomen,
1547 1044 1631 1096 ipsa
1647 1057 1709 1082 res
1729 1043 2007 1083 vetustissima.
2039 1042 2136 1082 Nam
2160 1044 2228 1095 qui
2251 1054 2414 1085 caeteros

1363 1103 1586 1141 eruditione
1599 1111 1637 1141 et
1649 1102 1859 1155 prudentia
1871 1102 2127 1155 superabant,
2144 1103 2340 1155 sapientes
2356 1103 2411 1155 (l.)

1365 1161 1483 1212 vulgo
1497 1170 1534 1200 et
1546 1161 1790 1200 habebantur
1803 1170 1841 1200 et
1856 1162 2174 1203 nominabantur.
2189 1163 2253 1201 Sic
2266 1171 2414 1215 septem

1365 1220 1424 1258 illi
1444 1221 1513 1272 qui
1533 1234 1555 1259 a
1574 1221 1723 1260 Graecis
1753 1220 1875 1274 σοφοί,
1907 1221 2101 1273 sapientes
2120 1235 2143 1260 a
2162 1221 2312 1261 Latinis
2343 1234 2414 1260 vo·

1366 1278 1556 1318 cabantur
1586 1280 1655 1331 (5),
1686 1289 1724 1318 et
1743 1280 1968 1331 quicunque
2000 1279 2185 1332 deinceps
2217 1280 2260 1318 in
2283 1293 2414 1319 rerum

1368 1340 1694 1392 contemplatione
1719 1340 1849 1380 studia
1884 1339 2106 1391 ponebant,
2134 1340 2208 1379 hoc
2226 1340 2314 1393 ipso
2343 1353 2414 1379 no·

1367 1399 1473 1437 mine
1500 1399 1812 1452 appellabantur,
1844 1399 1969 1438 donec
2004 1402 2152 1452 primus
2173 1400 2418 1452 Pythagoras

1376 1458 1521 1509 rejecto
1541 1458 1759 1498 honorifico
1789 1459 1976 1511 sapientis
2003 1457 2196 1497 vocabulo
2218 1457 2420 1510 sapientiae

1370 1517 1585 1557 studiosum
1599 1548 1609 1567 ,
1631 1518 1672 1557 id
1693 1527 1769 1568 est,
1790 1518 2068 1571 philosophum
2090 1531 2131 1557 se
2148 1530 2232 1557 esse
2251 1526 2290 1557 et
2310 1529 2415 1556 nun-

1370 1579 1506 1630 cupari
1521 1578 1659 1618 voluit.
1675 1577 1818 1617 Verum
1832 1578 2035 1617 enimvero
2050 1577 2091 1615 in
2107 1585 2212 1616 tanta
2226 1579 2416 1629 ingenua·

1371 1651 1457 1675 rum
1479 1637 1620 1676 artium
1642 1637 1828 1676 varietate
1846 1651 1967 1676 unum
1989 1637 2174 1688 quiddam
2189 1645 2272 1677 erat
2284 1666 2295 1685 ,
2311 1637 2418 1689 quod

1370 1696 1573 1735 hominum
1615 1695 1802 1734 doctrinae
1832 1695 1968 1734 studiis
2015 1695 2233 1735 ardentium
2271 1705 2420 1736 mentes

1372 1756 1570 1808 praecipue
1607 1763 1774 1803 teneret,
1799 1764 1946 1794 naturae
1971 1755 2232 1805 investigatio.
2251 1755 2329 1803 Qui
2347 1755 2422 1807 igi·

1373 1823 1436 1853 tur
1453 1814 1589 1853 mundi
1611 1823 1739 1853 ortum
1758 1814 1963 1864 indagare,
1979 1815 2048 1866 qui
2077 1814 2248 1853 siderum
2274 1817 2421 1866 magni-

1374 1874 1550 1922 tudines,
1574 1874 1806 1922 intervalla,
1840 1886 1978 1912 cursus
2009 1873 2243 1924 anquirere,
2276 1874 2346 1926 qui
2379 1874 2421 1913 in

1373 1934 1626 1981 animalium,
1667 1934 1909 1985 plantarum,
1955 1932 2155 1984 lapidum,
2198 1933 2424 1984 cognitione

1372 2001 1527 2044 tempus
1557 2005 1787 2031 consumere
1819 1991 2016 2039 solebant,
2041 1992 2109 2043 qui
2144 1992 2315 2045 denique
2343 2002 2421 2032 tam

1373 2050 1529 2101 singula
1551 2063 1667 2102 quam
1689 2050 1875 2089 universa
1894 2054 2110 2102 spectantes
2139 2053 2312 2090 omnium
2336 2066 2426 2105 quae

1374 2109 1448 2148 sub
1468 2110 1606 2148 oculos
1622 2110 1765 2148 cadunt
1783 2122 1918 2148 causas
1939 2110 2070 2148 animo
2098 2111 2305 2162 complecti
2323 2113 2423 2152 nite·

1373 2168 1531 2215 bantur,
1550 2168 1622 2207 hos
1638 2168 1883 2220 potissimum
1905 2168 2146 2220 Pythagoras
2166 2170 2426 2224 philosophos

1375 2227 1639 2266 nominandos
1678 2241 1762 2267 esse
1795 2228 1963 2266 censuit.
2002 2228 2077 2267 Sed
2108 2229 2304 2270 reddenda
2337 2231 2426 2284 eJ'us

1375 2286 1548 2326 nominis
1568 2286 1669 2325 ratio
1682 2295 1752 2326 est.

1434 2361 1450 2379 α
1484 2345 1627 2383 Ferunt
1652 2345 1915 2397 Pythagoram
1939 2346 1988 2398 (6)
2018 2346 2243 2386 Phliuntem
2267 2343 2425 2388 venisse

1376 2412 1413 2442 et
1433 2418 1520 2442 cum
1542 2404 1708 2452 Leonte,
1729 2404 1996 2443 Phliasiorum
2026 2406 2228 2458 principe,
2246 2406 2360 2446 docte
2387 2416 2427 2447 et

1376 2464 1535 2515 copiose
1554 2463 1729 2515 quaedam
1760 2463 2006 2504 disseruisse.
2027 2464 2150 2516 Cujus
2170 2465 2370 2516 ingenium
2387 2475 2427 2506 et

1377 2523 1640 2573 eloquentiam
1661 2536 1781 2574 quum
1807 2523 2019 2562 admiratus
2037 2533 2138 2563 esset
2168 2524 2297 2574 Leon,
2319 2539 2427 2577 quae·

1378 2582 1519 2620 sivisse
1543 2595 1592 2621 ex
1609 2595 1679 2630 eo,
1702 2595 1779 2632 qua
1801 2583 1969 2620 maxime
2005 2592 2087 2622 arte
2108 2583 2322 2624 confideret
2352 2598 2361 2622 z
2384 2593 2424 2624 at

1382 2641 1493 2679 illum
1507 2670 1517 2688 ,
1546 2650 1666 2680 artem
1693 2641 1850 2693 quidem
1882 2654 1923 2680 se
1942 2641 2045 2680 scire
2062 2641 2207 2680 nullam
2221 2670 2232 2690 ,
2249 2641 2316 2682 sed
2344 2655 2432 2682 esse

1379 2700 1658 2752 philosophum
1678 2700 1749 2751 (7).
1781 2700 2024 2739 Admiratum
2063 2700 2246 2739 Leontem
2280 2701 2432 2740 novita-

1386 2768 1461 2798 tem
1483 2761 1677 2808 nominis,
1700 2761 1948 2812 quaesivisse,
1972 2760 2131 2811 quinam
2151 2769 2278 2800 essent
2299 2759 2429 2813 philo·

311 2868 358 2909 (4)
376 2869 489 2901 Graece
506 2868 618 2909 σοφοῖς
641 2868 804 2900 interdum
823 2869 980 2909 σοφισταί.
999 2870 1153 2910 Diogenes
1168 2871 1314 2903 Laertius

270 2914 326 2948 lib.
350 2916 375 2955 Ι,
397 2918 432 2948 ¹2
452 2923 460 2943 τ
483 2917 605 2949 θᾶττον
621 2916 654 2948 δὲ
680 2916 822 2948 ἐκαλεῖτο
835 2916 950 2957 σοφία,
968 2917 1023 2948 καὶ
1043 2918 1136 2957 σοφὸς
1162 2918 1180 2950 ό
1202 2919 1316 2957 ταύτην
1379 2920 1422 2958 V,
1443 2922 1474 2951 3.

270 2962 533 3004 ἐπαγγελλόμενος
543 2987 553 3003 ,
565 2963 598 3000 ὃς
611 2962 660 3000 sin
672 2963 710 2994 ἂν
722 2963 803 2995 κατὰ
815 2962 972 3005 ἀκρότητα
985 2965 1086 3005 ψυχῆς
1098 2964 1317 3007 ἀπηκριὸωμὲ·

270 3020 339 3047 νος·
353 3010 519 3050 φιλόσοφος
535 3010 586 3045 δὲ.
602 3011 620 3042 ό
643 3010 754 3052 σοφίαν
774 3010 1001 3052 ἀσπαζόμενος.
1025 3012 1068 3043 Οί
1095 3011 1128 3043 δὲ
1147 3013 1237 3053 σοφοὶ
1263 3013 1317 3044 καὶ

271 3058 415 3098 σοφισταὶ
430 3057 596 3090 ἐκαλοῦντο
606 3066 614 3074 ·
628 3058 681 3089 καὶ
695 3057 732 3089 οὐ
747 3057 841 3099 μόνον
852 3081 861 3098 ,
878 3057 957 3090 ἀλλὰ
973 3059 1026 3090 καὶ
1046 3060 1075 3090 ol
1096 3059 1242 3098 ποιηταί,
1262 3071 1316 3092 σο·

273 3104 391 3147 φισταί·
407 3104 490 3137 καθὰ
508 3105 562 3137 καὶ
582 3105 734 3147 Κρατῖνος
752 3105 783 3137 ἐν
802 3104 978 3147 Ἀρχιλόχῳ
999 3106 1071 3142 τοὺς
1091 3107 1160 3148 περὶ
1178 3106 1319 3148 Ὅμηρον

272 3152 326 3184 καὶ
339 3150 485 3183 Ἡσίοδον
499 3151 635 3184 ἐπαινῶν
646 3151 744 3188 οὕτως
763 3153 863 3184 καλεῖ.
883 3153 1060 3194 Hesychius
1074 3166 1081 3186 :
1096 3155 1245 3195 σοφιστὰς
1258 3155 1318 3186 ἕλε·

273 3207 328 3235 γον
343 3197 415 3235 τοὺς
431 3198 499 3240 περὶ
527 3199 680 3239 μουσικὴν
703 3199 914 3241 διατρίδοντας
933 3201 986 3232 καὶ
1003 3201 1074 3238 τοὺς
1096 3202 1175 3243 μετὰ
1192 3202 1319 3243 κιθάρας

274 3244 416 3286 ᾅδοντας.

316 3291 362 3333 (5)
384 3291 541 3332 Diogenes
568 3292 714 3326 Laertius
739 3293 795 3326 lib.
826 3295 855 3333 1,
882 3299 917 3327 ta
946 3307 953 3326 ε
976 3296 1070 3337 Σοφοὶ
1089 3296 1121 3327 δὲ
1146 3295 1321 3336 ἐνομίζοντο

276 3339 361 3371 οίδιθ
394 3339 517 3378 Θαλῆς,
551 3338 656 3372 Σόλων
668 3365 677 3380 ,
709 3341 893 3383 Περίανδρος
905 3366 914 3381 ,
942 3343 1151 3379 Κλεόδουὶος,
1184 3343 1320 3383 Χείλων,

278 3386 370 3426 Βίας,
396 3385 564 3423 Πιττακός.
597 3387 727 3425 Τούτοις
767 3391 1031 3431 προσαριθμοῦσιν
1063 3389 1244 3431 Ἀνάχαρσιν
1269 3391 1322 3423 τὸν

276 3432 395 3471 Σκύθην
405 3457 416 3473 ,
431 3433 572 3466 Μύσωνα
584 3434 637 3467 τὸν
651 3435 756 3472 Χηνέα
766 3460 774 3473 ,
787 3436 966 3477 Φερεκύδην
984 3437 1038 3469 τὸν
1056 3437 1162 3479 Σύριον
1173 3460 1182 3476 ,
1198 3437 1323 3479 Ἐπιμι-

276 3479 361 3519 νίδην
372 3481 425 3513 τὸν
443 3480 558 3522 Κρῆτα·
574 3480 649 3513 ἔνιοι
671 3482 724 3513 καὶ
739 3481 965 3524 Πεισίστρατον
977 3483 1028 3516 τὸν
1040 3483 1196 3525 τύραννον.

1423 2871 1468 2912 (6)
1488 2873 1531 2904 Ut
1555 2872 1599 2904 ait
1619 2872 1805 2905 Heraclides
1836 2873 1989 2905 Ponticus
2011 2873 2095 2914 apud
2127 2873 2313 2907 Ciceronem
2330 2875 2428 2908 Tusc.

1422 2967 1468 3007 (7)
1489 2966 1646 3007 Diogenes
1669 2967 1814 3000 Laertius
1834 2966 1889 2999 lib.
1907 2967 1939 3007 1,
1964 2968 2000 2999 12
2022 2975 2030 2996 =
2048 2968 2240 3009 Φιλοσοφίαν
2253 2969 2286 3001 δὲ
2307 2972 2433 3011 πρῶτος

1381 3014 1527 3055 ὠνόμασε
1540 3014 1726 3055 Πυθαγόρας
1739 3015 1791 3047 καὶ
1813 3015 1921 3047 ἑαυτὸν
1934 3015 2116 3056 φιλόσοφον,
2130 3015 2162 3048 ἐν
2175 3017 2309 3049 Σικυῶνι
2325 3017 2428 3050 διαλι-

1381 3061 1509 3102 γόμενος
1532 3062 1644 3095 Λέοντι
1668 3066 1715 3104 τῷ
1735 3062 1915 3094 Σικυωνίων
1930 3061 2071 3104 τυράννῳ
2083 3086 2092 3102 ,
2111 3063 2130 3101 ἢ
2147 3063 2325 3102 Φλιασίων,
2347 3065 2430 3098 καθά

1383 3119 1475 3149 φησιν
1487 3109 1689 3151 Ἡρακλείδης
1702 3110 1720 3141 ό
1734 3110 1886 3146 Ποντικὸς
1900 3110 1931 3142 ἐν
1952 3114 1997 3152 τῷ
2016 3112 2085 3151 περὶ
2106 3114 2159 3150 τῆς
2175 3111 2288 3144 ἄπνου.
2303 3111 2434 3150 Μηδένα,

1382 3155 1440 3197 γὰρ
1451 3156 1528 3188 ιῖναι
1543 3157 1638 3197 σοφὸν
1651 3157 1811 3198 ἄνθρωπον
1822 3181 1831 3197 ,
1845 3156 1913 3190 ἀλλ’
1926 3158 1945 3196 ἢ
1960 3157 2038 3190 θεόν.
2053 3157 2098 3190 ld.
2114 3158 2168 3191 lib.
2190 3160 2281 3199 vm,
2299 3161 2318 3192 8
2333 3171 2341 3191 :
2359 3159 2428 3191 Σω-

1384 3203 1531 3243 σικράτης
1552 3204 1585 3236 δὲ
1613 3204 1644 3237 ἐν
1671 3205 1834 3246 διαδοχαῖς
1865 3216 1958 3245 φησιν
1988 3205 2082 3238 αὐτὸν
2116 3205 2190 3247 [τὸν
2217 3205 2428 3249 Πυθαγόραν]

1385 3251 1577 3291 ἐρωτηθέντα
1599 3252 1662 3285 ὑπὸ
1692 3252 1824 3289 Λέοντος
1843 3255 1899 3284 τοῦ
1921 3252 2084 3285 Φλιασίων
2100 3253 2269 3295 τυράννου,
2292 3254 2337 3290 τίς
2361 3252 2434 3294 ἀπ’,

1384 3297 1566 3339 φιλόσοφος,
1581 3300 1690 3340 εἰπεῖν,
1707 3300 1762 3332 καὶ
1782 3300 1835 3332 τὸν
1855 3300 1923 3340 βίον
1940 3300 2071 3333 ἐοικέναι
2093 3301 2276 3343 πανηγύρει.
2296 3300 2352 3338 Ὠς
2374 3299 2433 3333 οὖν

1385 3345 1426 3381 εῑς
1445 3345 1560 3384 ταύτην
1581 3348 1610 3379 οἱ
1629 3348 1684 3385 μὶν
1704 3346 1951 3387 ἀγωνιούμενοι,
1975 3349 2006 3379 ol.
2023 3349 2056 3380 δὲ
2072 3348 2143 3380 κατ’
2157 3347 2308 3390 ἐμπορίαν
2320 3371 2329 3388 ,
2343 3349 2372 3380 οῑ
2395 3347 2430 3380 δι’

1384 3402 1418 3431 γε
1437 3393 1593 3433 βέλτιστοι
1608 3394 1751 3435 ἔρχονται
1765 3394 1890 3426 θεαταί·
1907 3394 2006 3432 οὕτως
2020 3395 2051 3427 ἰν
2067 3398 2112 3436 τῷ
2130 3395 2191 3437 βίῳ
2204 3396 2234 3427 ol
2248 3395 2303 3437 μὶν
2317 3394 2428 3436 ἀνδρα·

1384 3439 1534 3478 ποδὼὁεις
1549 3465 1560 3483 ‚
1573 3440 1651 3482 ἔφη,
1668 3440 1796 3482 φύονται
1813 3441 1901 3480 δόξης
1914 3442 1968 3475 καὶ
1985 3443 2160 3481 πλεονεξίας
2175 3442 2324 3485 θηραταί·
2347 3444 2377 3476 oi
2394 3441 2430 3475 δὲ

1384 3485 1543 3528 φιλόσοφοι
1562 3490 1616 3526 τῆς
1633 3486 1787 3526 ἀληθείας.

2597 272 2599 274 ’
2587 87 2612 246 <Am-‚32¹0
