2612 3814
949 309 1365 351 DISPUTATIONES
1395 308 1659 348 MORALES.
2322 317 2398 351 549

278 401 516 454 (Emendavi
535 415 544 439 ι
560 399 706 453 Ββιαίως
724 414 810 439 cum
829 399 1000 450 Heringa
1012 400 1126 437 Obss.
1144 414 1185 451 p.
1208 413 1251 446 17
1268 413 1278 446 ;

225 461 303 515 βίᾳ·
325 465 370 506 ὡς
396 460 509 500 codd.
533 457 550 482 b
581 460 688 507 &1003
708 459 802 497 libri
822 458 914 499 ὅποι.
938 464 954 481 ⁰
975 458 1152 506 ἀξιοῦντις
1184 458 1282 496 libri

225 520 388 564 ἀξιόοντι.
417 518 434 543 ‘¹
467 518 598 563 ἔξεστιν
634 517 882 566 ἀποδεικνύεν;
918 518 1014 556 libri
1054 516 1282 556 ἀποδεικνύεν

223 581 368 618 omisso
401 578 522 618 verbo
555 578 681 617 finito.
703 582 718 600 ⁰
736 577 776 617 τὸ
811 577 914 626 αὐτό;
935 577 1030 616 libri
1057 578 1149 616 τοῦτ’
1180 576 1280 617 αὐτό.

228 638 241 662 ¹'
260 638 433 686 ποιέοντι,
459 638 507 676 cf.
527 638 632 677 Diss.
652 637 691 676 ll
714 638 802 689 fin.;
819 637 916 676 libri
935 636 1146 689 ποιέοιντο.)

595 737 838 778 ΔΙΑΛΕΞΙΣ
867 739 912 777 Δ.

494 833 586 886 Περὶ
610 833 776 878 ἀλαθείας
792 832 854 871 καὶ
870 831 1030 887 ψεύδεος.

281 929 455 982 Λέγονται
475 928 510 967 δὲ
533 929 594 968 καὶ
613 928 696 981 περὶ
716 930 766 967 τῶ
785 927 927 982 ψεύδεος
947 927 1010 967 καὶ
1031 934 1093 972 τᾶς
1120 928 1286 973 ἀλαθείας
1312 941 1316 980 Ι

228 988 484 1038 δισσοὶλόγοι·
509 982 558 1026 ὧν
584 990 601 1026 6
634 987 697 1038 μέν
719 1003 823 1040 φατι,
842 987 947 1026 ἄλλον
972 985 1035 1038 μὲν
1055 987 1113 1026 τὸν
1132 986 1286 1040 ψεύσταν

226 1041 317 1097 ῆμεν
340 1047 443 1099 λόγον
455 1078 466 1099 ,
496 1046 603 1086 ἄλλον
626 1046 662 1086 δὲ
675 1045 734 1085 τὸν
751 1047 866 1093 ἀλαθῆ
879 1061 888 1070 ·
903 1045 956 1085 τοὶ
974 1045 1010 1085 δὲ
1030 1045 1089 1084 τὸν
1110 1044 1233 1095 αὐτόν,
1252 1047 1286 1083 ἐν

227 1100 276 1151 οἷς
291 1110 306 1130 ⁰
326 1105 449 1159 κάγώ,
478 1105 568 1145 τώδε
596 1104 703 1158 λόγω.
761 1107 911 1158 Πρῶτον
937 1104 1025 1156 μέν,
1048 1104 1100 1143 ὅτι
1125 1110 1195 1149 τοῖς
1225 1107 1286 1143 αὖ·

227 1172 297 1210 τοῖς
327 1166 478 1217 ὀνόμασι
507 1164 689 1217 λέγονται·
711 1163 920 1220 ἔπειτα-δέ,
940 1163 1024 1202 ὅταν
1047 1163 1149 1216 λόγος
1174 1166 1286 1217 ῥηθῇ,

227 1241 269 1263 αν
292 1224 378 1275 μέν,
395 1226 442 1269 ὡς
458 1223 601 1277 λέγεται
619 1222 637 1247 ¹²
667 1226 685 1262 6
701 1223 820 1276 λόγος,
841 1223 934 1262 ουτω
960 1223 1129 1275 γένηται,
1156 1223 1289 1272 ἀλαθὴς

227 1286 246 1322 6
280 1283 404 1335 λόγος,
440 1281 482 1322 ἂν
514 1282 550 1321 δὲ
578 1281 627 1334 μὴ
656 1281 828 1335 γένηται,
848 1282 978 1337 ψευδὴς
1005 1285 1022 1321 6
1050 1282 1152 1327 αὐτὸς
1171 1282 1284 1332 λόγος.

226 1342 367 1382 Αὐτίκα
387 1343 598 1395 κατηγορεῖς
616 1340 818 1395 ἱεροσυλίαν
839 1357 913 1390 τω,
935 1340 1006 1380 αἴκ’
1036 1341 1174 1393 ἐγένετο
1195 1343 1290 1394 τώρ-

226 1417 286 1455 γον
302 1431 314 1453 ,
348 1400 480 1448 ἀλαθὴς
506 1403 525 1439 6
555 1399 674 1453 λόγος·
703 1401 740 1439 αἷ
774 1399 810 1439 66
844 1398 893 1451 μὴ
931 1399 1088 1452 ἐγένετο,
1119 1399 1286 1454 ψεύστας.

229 1460 304 1501 Καὶ
323 1463 373 1499 τῶ
392 1461 669 1512 ἀπολογουμένω
688 1458 735 1504 ὥς
750 1475 790 1511 γε
804 1461 822 1498 6
837 1459 953 1511 λόγος.
975 1459 1049 1499 Καὶ
1068 1460 1114 1498 τά
1127 1475 1167 1512 γε
1188 1461 1288 1499 δικα-

230 1520 360 1574 στήρια
380 1518 439 1558 τὸν
470 1519 575 1559 αὐτὸν
594 1519 696 1570 λόγον
727 1518 788 1557 καὶ
809 1517 965 1572 ψεύσταν
986 1517 1047 1557 καὶ
1068 1519 1181 1567 ἀλαθῆ
1208 1519 1289 1573 κρί-

227 1595 333 1618 νοντι.
392 1577 498 1618 Ἐπεί
519 1594 572 1617 τοι
592 1577 652 1616 καὶ
673 1576 751 1625 ἑξῆς
778 1577 972 1629 καθήμενοι
1006 1576 1046 1616 ἂν
1067 1577 1229 1628 λέγοιμεν
1262 1585 1287 1603 ⁰·

229 1637 379 1682 Μύστας
399 1636 416 1661 ‘¹
434 1637 527 1688 εἶμί,
551 1636 592 1677 τὸ
612 1637 698 1676 αὐτὸ
715 1636 778 1688 μὲν
796 1636 925 1680 πάντες
946 1639 1114 1689 ἐροῦμεν,
1135 1637 1262 1681 ἀλαθὲς
1276 1642 1291 1660 ⁰

230 1698 267 1736 66
293 1698 395 1748 μόνος
419 1696 507 1750 ἐγώ,
530 1697 604 1736 ἐπεὶ
634 1696 693 1736 καὶ
711 1696 797 1747 εἶμί.
857 1697 972 1736 Δᾶλον
992 1689 1040 1735 ὧν
1054 1726 1065 1745 ,
1083 1694 1136 1735 ὅτι
1153 1699 1170 1735 6
1191 1698 1291 1743 αὐτὸς

229 1756 351 1808 λόγος,
374 1756 457 1796 ὅταν
476 1754 538 1808 μὲν
557 1757 654 1810 αὐτῷ
675 1759 772 1809 παρῇ
795 1755 836 1795 τὸ
849 1755 992 1810 ψεῦδος,
1009 1755 1163 1809 ψεύστας
1182 1757 1305 1806 ἐστίν,’

231 1814 315 1855 ὅταν
336 1814 372 1854 δὲ
400 1814 440 1854 τὸ
471 1814 619 1866 ἀλαθές,
642 1814 796 1863 ἀλαθής,
826 1814 946 1867 ὥσπερ
966 1814 1027 1853 καὶ
1048 1815 1229 1869 ἅνθρωπος
1253 1816 1293 1856 τὸ

233 1875 342 1925 αὐτό,
363 1875 425 1914 καὶ
445 1880 552 1923 παῖς,
577 1875 638 1914 καὶ
659 1875 859 1926 νεανίσκος,
887 1874 948 1914 καὶ
970 1874 1074 1929 ἀνήρ,
1094 1875 1155 1915 καὶ
1180 1875 1292 1929 γέρων

232 1935 341 1976 ἐστίν.
400 1935 555 1988 Λέγεται
580 1934 615 1973 δὲ
647 1934 706 1973 καὶ
727 1937 774 1979 ὡς
806 1934 910 1979 ἄλλος
930 1933 984 1984 εἴη
1006 1937 1024 1974 6
1059 1934 1213 1989 ψεύστας
1233 1936 1292 1974 λό-

232 2011 311 2048 γος,
341 1994 446 2039 ἄλλος
480 1995 515 2033 δὲ
546 1997 564 2033 6
594 1994 749 2043 ἀλαθής,
782 1993 955 2048 διαφέρων
987 1993 1133 2046 τῶνυμα
1166 1995 1226 2034 καὶ
1255 1995 1295 2035 τὸ

597 2196 850 2228 DISPUTATiO
872 2196 930 2227 lv.

549 2275 598 2306 De
614 2273 751 2305 veritate
772 2276 804 2305 et
830 2272 981 2305 salsitate.

278 2357 341 2391 Sed
360 2358 393 2390 et
413 2357 454 2390 de
477 2357 613 2390 veritate
637 2358 669 2389 et
688 2357 826 2389 salsitate
855 2356 976 2398 duplex
1001 2356 1101 2389 fertur
1117 2357 1297 2396 sententia,

235 2425 375 2459 quarum
400 2413 500 2449 alt'era
525 2418 574 2449 est
595 2416 764 2448 hominum
787 2416 887 2448 alium
909 2416 1026 2448 falsum
1040 2440 1049 2457 ,
1064 2416 1166 2448 alium
1183 2425 1296 2448 verum

236 2485 438 2517 sermonem,
461 2476 564 2508 altera
590 2475 728 2508 eundem
751 2479 927 2517 uirumque
951 2485 1025 2509 esse·
1043 2475 1297 2515 affirmantium,

236 2536 270 2568 in
289 2535 407 2577 quibus
417 2538 450 2567 et
466 2544 525 2576 ego
541 2544 660 2568 nomen
674 2544 783 2567 meum
798 2535 961 2576 profiteor.
991 2535 1139 2568 Primum
1154 2534 1297 2576 quidem,

237 2595 325 2637 quod
345 2594 458 2628 iisdem
472 2595 580 2628 verbis
599 2595 695 2627 ambo
711 2594 867 2627 dicuntur
886 2608 894 2627 :
909 2594 1174 2637 deindenuando
1190 2603 1298 2627 sermo

238 2662 411 2695 expressus
427 2654 496 2694 est,
509 2652 537 2685 si
557 2653 601 2685 ita
620 2655 657 2684 ut
679 2652 811 2692 dicitur,
836 2660 887 2685 res
906 2652 974 2694 ima
991 2652 1122 2692 evenit,
1140 2659 1235 2684 vexus
1249 2654 1299 2684 est

240 2721 348 2745 sermo
359 2736 369 2753 ‚
382 2711 408 2744 si
423 2720 488 2744 non
504 2711 624 2751 evenit,
641 2710 727 2743 idem
744 2710 843 2744 salsus
855 2713 914 2743 est.
959 2709 1060 2744 Verbi
1070 2718 1164 2742 causa
1175 2733 1184 2749 ,
1198 2718 1298 2751 quum

239 2769 393 2811 sacrilegii
409 2769 594 2811 quempiam
612 2768 801 2808 insimulas,
825 2768 852 2801 si
876 2769 940 2801 tale
959 2768 1038 2810 quid
1066 2768 1275 2800 commissum
1289 2793 1298 2808 ‚

240 2837 338 2861 verus
355 2829 402 2861 est
414 2837 520 2860 sermo
533 2852 542 2868 ,
557 2827 583 2860 si
600 2837 663 2860 non
677 2827 886 2860 commissum
896 2852 905 2869 ,
922 2828 1029 2859 salsuS.
1073 2827 1159 2859 Talis
1169 2836 1300 2868 quoque

240 2895 275 2919 se
294 2886 460 2927 purgantis
479 2886 582 2918 oratio
604 2887 666 2918 est.
711 2887 750 2918 El
772 2885 898 2927 judiees
928 2885 962 2917 in
988 2893 1140 2917 consessu
1160 2885 1298 2918 eundem

240 2955 422 2980 sermonem
446 2946 564 2979 falsum
581 2950 613 2978 et
629 2955 743 2979 verum
758 2946 912 2987 judicant.
957 2948 1039 2979 Nam
1058 2949 1090 2978 et
1105 2955 1164 2978 nos
1178 2946 1231 2979 hic
1243 2955 1295 2979 or-

242 3005 316 3038 dine
331 3005 478 3038 sedentes
490 3005 515 3038 si
529 3005 672 3038 dicamus
685 3005 798 3046 singuli
818 3007 909 3046 :qu
923 3013 1000 3037 sum
1017 3006 1201 3047 initiam-⁹,
1214 3005 1299 3038 idem

242 3064 375 3106 quidem
389 3073 503 3099 omnes
531 3064 676 3098 dicemus
686 3089 695 3105 ,
715 3064 773 3097 sed
786 3073 899 3097 verum
913 3073 970 3106 ego
987 3064 1095 3105 solus,
1109 3073 1211 3106 quum
1226 3065 1288 3097 tali.

241 3122 338 3155 enam
352 3123 425 3156 sim.
471 3124 680 3157 Manifestum
704 3124 812 3165 igitur,
828 3123 967 3156 eundem
992 3132 1174 3156 sermonem
1187 3148 1195 3164 ,
1215 3124 1241 3157 si
1256 3124 1301 3157 iili

243 3180 363 3214 falsitas
382 3181 475 3223 insit,
499 3182 611 3215 laisum
639 3191 728 3224 esse,
745 3183 793 3215 sin
809 3182 927 3215 veritas
940 3207 949 3223 ,
965 3191 1078 3215 verum
1090 3207 1100 3224 ‚
1115 3183 1202 3215 sicut
1215 3183 1299 3216 idem

241 3248 372 3283 quoque
395 3239 535 3272 hominis
552 3250 670 3274 nomen
686 3251 822 3284 puerum
837 3267 845 3282 ,
867 3242 1036 3283 juvenem,
1052 3242 1159 3274 virum
1171 3266 1181 3283 ,
1192 3251 1299 3276 senem

242 3299 413 3340 significat·
459 3300 580 3332 Dicunt
601 3301 742 3334 vicissim
763 3302 863 3334 aliurn
881 3310 951 3334 esse
969 3310 1152 3334 sermonem
1170 3303 1299 3343 falsum,

242 3359 341 3392 alium
367 3368 481 3392 verum
507 3362 575 3393 tam
606 3362 738 3396 nomine
757 3372 856 3404 quam
886 3371 920 3395 re
946 3362 1124 3395 diversum.
1170 3363 1204 3395 Si
1229 3364 1301 3405 quis

241 3419 329 3451 enim
353 3418 494 3452 eundem
515 3423 586 3452 esse
607 3420 725 3454 falsum
756 3424 789 3454 et
816 3431 929 3455 verum
959 3430 1142 3454 sermonem
1158 3421 1301 3455 dicentes

243 3481 437 3522 interroget,
456 3484 528 3514 uter
543 3482 585 3514 sii
599 3490 706 3515 sermo
726 3493 791 3525 quo
806 3483 864 3525 ipsi
879 3484 1013 3516 utantur
1032 3495 1039 3516 ε
1059 3482 1085 3516 si
1100 3483 1215 3516 falsum
1231 3491 1300 3516 esse

244 3539 477 3581 respondeant,
509 3542 636 3574 constat
665 3551 715 3575 res
745 3543 923 3575 contrarias
953 3551 1025 3575 esse
1036 3553 1046 3583 ;
1089 3542 1137 3575 sin
1162 3551 1275 3576 verum
1289 3566 1298 3582 ‚

1343 403 1494 450 πρᾶγμα
1512 396 1540 437 ¹.
1568 398 1604 435 αἶ
1636 396 1702 449 γάρ
1732 413 1782 441 τις
1814 397 1992 451 ἐρωτάσαι
2012 397 2081 443 τὼς
2105 398 2293 450 λέγοντας,
2313 402 2360 443 ὡς
2383 402 2401 438 6

1345 455 1449 499 αὐτὸς
1464 453 1567 506 λόγος
1588 453 1641 501 εἴη
1663 453 1818 508 ψεύστας
1836 454 1896 492 καὶ
1908 455 2039 502 ἀλαθής
2052 485 2061 504 ,
2076 455 2113 494 ὃν
2129 457 2226 495 αὐτοὶ
2246 457 2398 509 λέγοντι,

1343 513 1487 568 πότερός
1501 516 1616 553 ἐστιν·
1635 517 1670 552 αἰ
1691 514 1754 565 μὲν
1775 513 1949 567 ψεύστας,
1966 516 2069 553 δᾶλον
2088 515 2141 554 ὅτι
2163 515 2258 554 660
2242 532 2284 554 αν
2303 522 2320 546 Β
2308 516 2401 576 mtei'n·

1345 575 1381 613 αἷ
1397 575 1428 613 δ’
1450 572 1602 622 ἀλαθης,
1624 573 1861 635 ἀποκρίναιτό
1873 589 1919 612 κα
1937 572 1954 596 ¹³
1971 575 2122 627 ψεύστας
2139 577 2156 613 6
2172 575 2271 619 αὐτὸς
2291 578 2401 622 οὗτος,

1348 649 1410 672 και
1443 634 1557 681 ἀλαθῆ
1588 633 1637 677 τίς
1657 635 1664 659 ¹
1696 649 1791 672 ποκα
1828 636 1947 681 εἶπεν,
1979 633 2002 681 ἢ
2038 633 2314 687 ε’ἴεμαρτύρησε·
2343 651 2404 673 και

1345 692 1498 746 ψευδῆ”
1476 707 1546 764 αρα
1566 690 1611 730 τὰ
1626 691 1717 731 αὐτὰ
1738 694 1863 733 ταῦτα.
1926 691 1999 731 Και
2020 691 2059 730 αἴ
2074 708 2153 731 τινα
2167 692 2276 746 ἄνδρα
2292 695 2404 732 ἀλαθῆ

1346 745 1435 800 οἶδε,
1456 767 1516 790 και
1545 750 1701 806 ψεύσταν
1722 751 1790 790 τὸν
1820 750 1940 791 αὐτόν.
1999 751 2070 791 Ἐκ
2103 750 2139 790 66
2161 755 2210 791 τῶ
2237 752 2330 804 λόγω
2349 755 2388 791 λε’
2374 769 2405 783 -

1346 827 1442 862 γοντι
1461 826 1600 859 ταυτα,
1622 810 1676 849 ὅτι
1692 827 1731 863 γε
1734 811 1870 862 νομένω
1892 809 1955 861 μὲν
1975 813 2026 850 τῶ
2042 812 2269 865 πράγματος,
2292 814 2405 860 ἀλαθῆ

1346 871 1405 909 τὸν
1433 869 1747 922 λόγον,“ἀγενήτω
1779 870 1837 919 δέ,
1871 871 2040 924 ψεύσταν.
2098 873 2227 911 Οὖκῶν
2252 872 2406 925 διαφέρει

1348 924 1444 975 αὖθις
1463 930 1533 973 τοῖς
1565 931 1772 980 δικασταῖς,
1802 928 1844 977 ὅ,
1866 946 1902 969 τι
1932 929 1949 953 ¹¹
1967 930 2160 982 κρίνοιντο·
2181 932 2220 969 οὐ
2246 930 2314 984 γὰρ
2336 932 2406 969 πά·

1350 1005 1442 1043 ρεντι
1462 990 1531 1033 τοῖς
1559 989 1762 1041 πράγμασι.
1820 989 2073 1042 εΟμολογεόντι
2099 990 2135 1029 δὲ
2153 1007 2215 1030 και
2233 991 2333 1030 αὐτοί
2347 1022 2357 1042 ,
2378 995 2407 1045 ᾦ

1349 1048 1411 1100 μὲν
1438 1049 1477 1087 τὸ
1508 1050 1634 1103 ψεῦδος
1664 1048 1930 1100 ἀναμέμικται,
1949 1049 2106 1104 ψεύσταν
2127 1044 2240 1102 ῆμεν,
2260 1045 2342 1104 ᾧδὲ
2370 1051 2408 1089 τὸ

1349 1109 1498 1158 ἀλαθές,
1518 1110 1646 1157 ἀλαθῆ.
1705 1111 1821 1148 'loz-:0
1838 1108 1874 1148 66
1894 1109 1972 1149 ὅλον
1991 1110 2163 1164 διαφέρει.

1402 1166 1529 1207 Toum&
1555 1166 1610 1205 τοὶ
1639 1166 1844 1218 μαινόμενοι
1870 1167 1931 1206 καὶ
1959 1168 2013 1208 τοὶ
2042 1173 2320 1223 σωφρονοῦντες,
2348 1170 2408 1208 καὶ

1348 1226 1401 1265 τοὶ
1423 1227 1523 1281 σοφοὶ
1543 1226 1599 1266 καὶ
1626 1226 1679 1266 τοὶ
1703 1229 1851 1278 ἀμαθεῖς
1871 1228 1933 1267 καὶ
1953 1229 2090 1281 λέγοντι
2109 1229 2170 1269 καὶ
2198 1230 2406 1283 πράσσοντι.

1349 1287 1422 1326 Καὶ
1442 1288 1578 1338 πρῶτον
1603 1285 1665 1336 μὲν
1687 1286 1892 1339 ὀνομάζοντι
1911 1288 2023 1327 ταυτὰ
2036 1294 2115 1340 γᾶν,
2129 1288 2191 1327 καὶ
2212 1288 2408 1341 ἄνθρωπον,

1348 1343 1409 1383 καὶ
1430 1345 1550 1392 ἵππον,
1570 1344 1630 1383 καὶ
1659 1347 1750 1397 π’ὔρ,
1770 1346 1831 1383 καὶ
1850 1345 1963 1384 τᾶ-λλα
1997 1346 2130 1390 πάντα.
2155 1346 2227 1386 Καὶ
2259 1347 2408 1386 ποιέοντι

1347 1403 1461 1442 ταύτά
1476 1434 1485 1452 ,
1501 1403 1696 1452 κάθηνται,
1713 1404 1774 1443 καὶ
1793 1403 1927 1445 ἔσθοντι
1940 1436 1949 1453 ,
1970 1406 2030 1443 καὶ
2050 1405 2204 1454 πίνοντι,
2219 1406 2276 1444 καὶ
2298 1406 2410 1444 κατά-

1350 1479 1505 1514 κεινται,
1532 1463 1592 1502 καὶ
1623 1464 1738 1503 τᾶλλα
1771 1460 1968 1505 καττωυτό.
2029 1465 2104 1505 Καὶ
2128 1466 2196 1516 μὰν
2218 1466 2277 1505 καὶ
2298 1466 2410 1506 τωυτὸ

1350 1528 1500 1575 πρᾶγμα
1517 1523 1576 1561 καὶ
1599 1523 1701 1573 μέζον
1724 1523 1783 1562 καὶ
1804 1524 1895 1578 μῇόν
1915 1526 1990 1564 ἐστι
2002 1556 2012 1574 ,
2030 1524 2091 1563 καὶ
2107 1525 2213 1564 πλέον
2230 1525 2290 1564 καὶ
2305 1525 2412 1565 ἔλασ-

1350 1598 1426 1632 σον,
1445 1581 1504 1621 καὶ
1528 1582 1716 1636 βαρύτερον
1731 1582 1790 1621 καὶ
1818 1582 2040 1637 κουφότερον·
2067 1582 2158 1622 οὕτω
2177 1583 2244 1637 γὰρ
2263 1586 2304 1622 ἂν
2327 1582 2336 1605 ¹
2357 1583 2410 1631 εἴη

1349 1641 1461 1680 ταύτὰ
1477 1642 1608 1680 πάντα.
1667 1641 1720 1681 Τὸ
1735 1641 1906 1680 τάλαντόν
1923 1644 1997 1680 ἔστι
2019 1642 2209 1695 βαρύτερον
2230 1649 2291 1687 τᾶς
2306 1649 2411 1693 μνᾶς,

1351 1700 1412 1739 καὶ
1445 1702 1653 1755 κουφότερον
1686 1704 1757 1740 τῶν
1791 1700 1852 1739 δύο
1876 1701 2073 1740 ταλάντων·
2094 1701 2227 1740 τωυτὸν
2251 1701 2319 1754 ἄρα
2352 1698 2412 1740 καὶ

1352 1759 1560 1813 κουφότερον
1581 1760 1641 1799 καὶ
1662 1759 1868 1814 βαρύτερον.
1927 1759 2002 1800 Καὶ
2029 1760 2109 1806 ζώει
2125 1763 2143 1799 ὃ
2161 1760 2262 1804 αὐτὸς
2279 1761 2411 1814 ἅνθρω-

1352 1834 1416 1863 πος
1441 1820 1500 1859 καὶ
1525 1822 1563 1859 οὐ
1587 1818 1689 1870 ζώει,
1716 1819 1777 1858 καὶ
1805 1817 1918 1857 ταυτὰ
1939 1822 1966 1841 ¹¹³
1984 1818 2055 1858 ἐντὶ
2084 1818 2145 1859 καὶ
2171 1821 2234 1857 οὐκ.
2254 1819 2347 1858 ἐντί·
2367 1820 2412 1857 τὰ

1352 1877 1419 1930 γὰρ
1446 1879 1528 1932 τῇδε
1547 1877 1631 1917 ὄντα
1650 1879 1686 1918 ἐν
1713 1884 1758 1932 τᾷ
1781 1877 1900 1930 Anao}
1920 1879 1981 1916 οὒκ
2006 1878 2115 1926 ἔστιν,
2138 1878 2216 1916 οὐδέ
2242 1894 2282 1930 γε
2308 1878 2353 1934 *tiit
2378 1879 2412 1917 ἓν

1352 1935 1470 1988 Λιὸύᾳ
1490 1938 1525 1974 ἐν
1550 1935 1698 1990 Κύπρῳ.
1757 1935 1830 1975 Καὶ
1850 1936 1965 1975 τᾶλλα
1980 1935 2073 1975 κατὰ
2088 1936 2148 1975 τὸν
2167 1936 2270 1975 αὐτὸν
2291 1937 2409 1989 λόγον.

1353 1997 1480 2035 Οὐκῶν
1500 1996 1560 2035 καὶ
1582 1996 1652 2035 ἐντὶ
1670 1995 1716 2035 τὰ
1735 1995 1931 2049 πράγματα
1948 1995 2008 2034 καὶ
2028 1997 2091 2034 οὔκ
2112 1995 2197 2036 ἐντί.

1360 2178 1501 2210 eundem
1528 2186 1658 2219 quoque
1677 2173 1832 2218 tanquam
1853 2177 1969 2210 salsum
1987 2177 2127 2219 separari
2145 2179 2293 2218 apertum
2310 2179 2369 2218 est,
2385 2183 2416 2210 et

1361 2246 1439 2268 num
1465 2238 1539 2278 quis
1561 2245 1638 2269 vera
1654 2237 1849 2278 quandoque
1871 2236 1993 2269 dixerit
2016 2236 2067 2268 vel
2087 2237 2224 2268 testatus
2242 2237 2302 2276 sit,
2319 2236 2414 2268 etiam

1359 2296 1413 2329 iiia
1437 2297 1503 2337 ipsa
1535 2296 1615 2329 falsa
1647 2305 1716 2330 esse
1743 2297 1872 2338 liquet:
1900 2297 1933 2329 et
1970 2296 1998 2328 si
2027 2296 2100 2337 quis
2132 2305 2280 2328 veracem
2308 2296 2415 2329 virum
2446 2333 2450 2337 ,

1359 2357 1564 2397 cognoverit,
1585 2356 1724 2389 eundern
1750 2358 1782 2389 et
1802 2356 1992 2389 mendacem
2011 2365 2078 2388 esse
2095 2355 2292 2396 intelligitur.
2338 2357 2416 2387 Pru-

1360 2415 1473 2447 denter
1492 2417 1602 2448 autem
1622 2415 1735 2448 dicunt
1747 2440 1757 2456 ‚
1787 2425 1821 2447 re
1841 2416 1969 2456 peraeta
1995 2424 2108 2447 verum
2125 2423 2193 2447 esse
2212 2423 2393 2447 sermonem
2406 2438 2415 2454 ‚

1360 2484 1424 2507 non
1444 2477 1573 2517 peraeta
1590 2476 1716 2508 salsum.
1743 2475 1965 2513 Quamobrem
1979 2474 2111 2506 interest
2129 2475 2237 2514 postea
2257 2473 2416 2514 J'udicum,

1360 2544 1435 2576 quae
1454 2535 1614 2567 sententia
1640 2534 1889 2576 pronuntietur:
1910 2533 1986 2575 quia
2010 2533 2107 2566 rebus
2122 2532 2217 2573 gestis
2239 2541 2303 2565 non
2318 2533 2416 2565 inter-

1361 2596 1449 2625 sunt.
1494 2594 1558 2634 Ipsi
1585 2602 1717 2634 quoque
1745 2592 1940 2625 confitentur
1970 2599 2153 2624 sermonem
2187 2590 2241 2622 eui
2275 2590 2417 2623 admixta

1362 2653 1483 2685 falsitas
1504 2652 1564 2692 sit,
1583 2652 1698 2683 salsum
1729 2660 1818 2691 esse,
1835 2650 1888 2683 cui
1913 2650 2055 2690 veritas,
2080 2657 2205 2681 verum.
2251 2649 2319 2681 Hoc
2340 2657 2418 2681 vero

1360 2713 1452 2753 longe
1473 2712 1638 2744 diversum
1658 2720 1729 2744 esse
1750 2712 1849 2752 patet.

1403 2772 1555 2804 Similiter
1574 2774 1684 2803 autem
1711 2770 1816 2802 insani
1849 2771 1882 2803 et
1898 2766 1997 2802 sobrii
2011 2794 2019 2809 ‚
2040 2769 2118 2801 item
2141 2767 2228 2800 docti
2247 2769 2279 2799 et
2298 2766 2416 2799 indocti

1361 2832 1430 2863 tum
1452 2832 1571 2863 vocant
1591 2839 1641 2862 res
1670 2832 1740 2862 tum
1767 2832 1875 2870 agunt.
1921 2831 1967 2861 Ac
1987 2829 2126 2870 primum
2152 2827 2282 2868 quidem
2304 2826 2415 2859 eodem

1362 2890 1460 2923 modo
1479 2890 1647 2922 nominant
1670 2893 1806 2929 terram,
1824 2889 1989 2931 hominem
2003 2913 2012 2928 ,
2030 2897 2149 2929 equum
2162 2911 2171 2926 ,
2190 2887 2292 2928 ignem
2319 2886 2417 2918 caete·

1362 2959 1461 2991 raque
1477 2949 1595 2982 omnia.
1641 2949 1763 2982 Deinde
1782 2949 1893 2982 eadem
1917 2948 2052 2988 faciunt,
2072 2947 2200 2986 sedent,
2228 2945 2350 2984 edunt,
2365 2943 2416 2975 bi-

1362 3011 1461 3051 bunt,
1476 3011 1602 3052 jacent,
1623 3010 1754 3052 parique
1777 3009 1899 3042 ratione
1916 3013 2043 3041 caetera.
2088 3007 2173 3047 Quin
2187 3006 2284 3038 enam
2305 3004 2415 3037 eadem

1362 3080 1411 3103 res
1430 3073 1462 3102 ei
1477 3070 1577 3111 major
1591 3071 1641 3102 est
1654 3071 1685 3102 et
1701 3069 1817 3109 minor,
1839 3070 1871 3101 et
1886 3068 2023 3108 amplior
2038 3069 2068 3098 et
2086 3065 2226 3105 tenuior,
2244 3067 2276 3095 et
2289 3063 2415 3104 gravior

1361 3132 1394 3162 et
1414 3129 1512 3162 levior
1529 3142 1536 3162 ι
1556 3129 1602 3162 sic
1618 3129 1703 3161 enim
1723 3129 1831 3161 omnia
1854 3127 1964 3160 eadem
1986 3126 2114 3157 suerint.
2145 3124 2316 3172 Talentum
2330 3121 2415 3154 mina

1362 3188 1570 3230 ponderosius
1591 3190 1659 3228 est,
1689 3188 1744 3220 sed
1770 3187 1897 3219 duobus
1925 3186 2054 3217 talentis
2082 3184 2185 3216 levius
2204 3197 2212 3215 ;
2234 3183 2318 3214 idem
2341 3190 2416 3222 ergo

1361 3250 1394 3280 et
1410 3248 1540 3289 gravius
1553 3249 1585 3280 et
1599 3248 1713 3280 levius.
1759 3249 1806 3279 lta
1827 3246 1910 3278 idem
1928 3253 2057 3285 quoque
2076 3243 2174 3275 homo
2193 3243 2272 3273 vivit
2293 3243 2325 3273 et
2351 3250 2414 3272 non

1362 3307 1659 3348 vivit,ea=demqne
1674 3315 1724 3338 res
1740 3308 1816 3338 sunt
1831 3305 1864 3337 et
1883 3313 1944 3336 non
1963 3304 2039 3335 sunt
2054 3315 2062 3335 :
2077 3311 2150 3343 quae
2166 3301 2250 3333 enim
2268 3300 2328 3331 hoc
2345 3299 2416 3331 ioco

1361 3368 1451 3407 sunt,
1469 3368 1501 3399 in
1515 3367 1617 3399 Africa
1633 3375 1695 3398 non
1713 3367 1809 3405 sunt;
1825 3371 1964 3405 quaeque
1980 3362 2012 3394 in
2025 3362 2145 3402 Africa,
2160 3369 2222 3392 non
2244 3359 2275 3390 in
2291 3360 2414 3400 Cypro,

1363 3425 1494 3467 parique
1511 3426 1634 3458 ratione
1653 3427 1780 3457 caetera.
1826 3425 1888 3455 Res
1905 3422 2000 3462 igitur
2014 3424 2045 3453 et
2058 3422 2133 3452 suni
2150 3421 2183 3451 et
2206 3427 2269 3449 non
2285 3418 2370 3449 sunt.

1405 3485 1468 3522 Qui
1498 3494 1574 3517 vero
1601 3483 1815 3521 contendunt,
1838 3482 1967 3514 insanos
1986 3482 2017 3512 et
2043 3479 2200 3519 sapientes
2217 3479 2249 3509 et
2270 3477 2414 3508 indoctos

1361 3542 1584 3575 eodemmodo
1603 3551 1694 3583 agere
1714 3542 1746 3573 et
1767 3540 1852 3580 loqui
1870 3541 2049 3578 caeteraque
2071 3536 2135 3577 pari
2154 3535 2275 3567 ratione
2293 3534 2412 3571 facere,
