2612 3814
326 288 400 322 262
1120 272 1319 314 MELISSI
1349 270 1692 312 FRAGMENTA.

376 369 398 419 S
427 377 464 408 2¹>-
494 366 565 406 Καὶ
586 365 665 405 κατ’
689 365 795 406 ἄλλον
821 363 856 404 δὲ
879 362 1011 418 Ιτρόπον
1031 362 1126 401 οὐδὲν
1156 361 1273 400 κενεόν
1293 363 1367 399 ἐστι

324 429 384 464 τοῦ
407 425 536 469 ἐόντος·
560 423 599 464 τὸ
621 425 689 478 γὰρ
717 423 832 464 κενεὸν
861 422 959 463 οὐδέν
979 424 1070 463 ἔστι·
1096 422 1159 461 οὖκ
1190 420 1232 459 ἂν
1253 413 1301 459 ὧν
1315 419 1369 467 εἴη

326 484 367 524 τό
384 499 424 536 γε
446 484 570 535 μηδέν.
628 485 682 524 Οὔ
714 484 865 523 κινέεται
899 475 948 521 ὧν
981 481 1020 520 τὸ
1052 480 1124 520 ἐόν·
1141 481 1370 532 ὑποχωρῆσαι

327 543 395 595 γὰρ
415 542 479 580 οὐκ
499 541 571 595 ἔχει
590 542 739 594 οὐδαμῇ,
764 545 881 581 κενεοῧ
901 539 951 590 μὴ
972 539 1096 583 ἐόντος.
1128 538 1220 576 Ἀλλ’
1241 538 1317 576 οὐδὲ
1339 538 1371 579 ἐς

328 601 436 640 ἑωυτὸ
456 601 672 647 συσταλῆναι
693 598 847 638 δυνατόν·
869 597 922 646 εἴη
939 598 1006 650 γὰρ
1027 596 1068 635 ἂν
1088 596 1194 639 οὕτως
1208 594 1372 647 ἀραιότε-

329 675 387 713 ρον
410 662 537 699 ἑωυτοῧ
557 659 617 698 καὶ
645 657 874 710 πυκνότερον·
903 660 1003 695 τοῦτο
1024 654 1060 694 δὲ
1085 654 1265 694 ἀδύνατον.
1321 654 1373 692 Τὸ

328 717 396 770 γὰρ
416 716 536 772 ἀραιὸν
566 715 733 754 ἀδύνατον
751 715 876 765 ὁμοίως
895 707 982 752 εἶναι
1002 714 1132 764 πλῆρες
1150 714 1199 764 τῷ
1227 713 1368 762 πυκνῷ,

329 777 407 815 ἀλλ’
426 776 494 823 ἤδη
515 775 554 814 τὸ
573 773 691 827 ἀραιόν
709 789 748 825 γε
765 770 971 825 κενεώτερον
988 771 1121 823 γίνεται
1141 773 1203 808 τοῦ
1223 772 1371 808 πυκνοῦ·

329 833 416 873 τὸδὲ
437 832 550 873 κενεὸν
569 831 730 872 οὐκέστι.
788 832 832 870 Εἰ
852 830 887 869 δὲ
902 829 1030 881 πλῆρές
1052 830 1125 867 ἔστι
1142 826 1181 866 τὸ
1197 826 1286 875 ἐὸνῆ
1309 826 1372 878 μή,

329 892 455 943 κρίνειν
476 891 545 944 χρὴ
566 892 615 944 τῷ
634 887 837 941 ἐσδέχεσθαί
853 904 886 927 τι
902 887 986 927 αὐτὸ
1007 887 1106 935 ἄλλο,
1128 886 1151 934 ἢ
1171 886 1239 938 μή·
1260 887 1290 924 εἶ
1306 886 1374 938 γὰρ

330 951 380 1001 μὴ
397 950 598 1002 ἐσδέχεται,
617 950 764 1000 πλῆρες·
792 951 821 986 εἶ
839 946 874 986 δὲ
899 946 1076 999 ἐσδέχοιτό
1094 962 1142 993 τι,
1164 946 1203 984 οὗ
1227 946 1373 997 πλῆρες.

330 1011 374 1050 Εἰ
395 1002 442 1047 ὧν
459 1006 590 1059 ἐστιμὴ
604 1007 733 1053 κενεόν,
744 1006 880 1058 ἀνάγκη
898 1007 1028 1058 πλῆρες
1042 999 1150 1044 εἶναι·
1167 1005 1197 1043 εἷ
1211 1004 1247 1043 δὲ
1259 1007 1375 1053 τοῦτο,

331 1069 380 1120 μὴ
401 1067 595 1107 κινέεσθαι·
620 1068 687 1120 οὔχ
701 1065 755 1105 ὅτι
784 1066 833 1118 μὴ
854 1065 998 1104 δυνατὸν
1023 1063 1079 1103 διὰ
1110 1063 1261 1116 πλήρεος
1286 1062 1376 1102 κινέ-

330 1131 447 1172 εσθαι,
470 1128 516 1170 ὥς
532 1125 589 1165 ἐπὶ
607 1127 675 1164 τῶν
690 1124 865 1177 σωμάτων
885 1124 1047 1175 λέγομεν,
1069 1122 1147 1162 ἀλλ’
1172 1122 1224 1161 ὅτι
1242 1127 1314 1160 πᾶν
1332 1121 1372 1160 τὸ

329 1187 383 1226 ἐὸν
408 1186 483 1226 οὔτε
504 1186 536 1230 ἐς
553 1185 608 1225 ἐὸν
622 1184 765 1223 δύναται
784 1184 982 1223 κινέεσθαι·
998 1183 1036 1222 οὐ
1053 1182 1120 1235 γὰρ
1139 1181 1212 1221 ἔστι
1237 1198 1272 1221 τι
1292 1181 1375 1235 παρ’

328 1245 414 1284 αὐτό
428 1259 436 1268 ·
459 1243 534 1283 οὔτε
556 1245 589 1288 ἐς
606 1242 646 1282 τὸ
667 1243 716 1295 μὴ
737 1241 790 1282 ἐόν
803 1258 811 1267 ·
831 1244 869 1282 οὗ
889 1241 958 1295 γὰρ
982 1240 1056 1281 ἔστι
1071 1241 1112 1281 τὸ
1127 1239 1177 1291 μὴ
1195 1241 1262 1279 ἐόν.

597 1322 613 1337 π
879 1323 896 1340 *
1171 1320 1187 1334 α

382 1389 405 1440 S
434 1395 471 1427 6.
504 1386 582 1426 Αἷεὶ
594 1381 636 1435 ἦν
650 1386 715 1434 δ’,τι
728 1380 783 1434 ἧν,
796 1386 856 1424 καὶ
870 1385 937 1425 αἰεὶ
955 1385 1075 1424 ἔσται·
1094 1386 1123 1423 εἷ
1140 1384 1208 1437 γὰρ
1227 1384 1376 1436 ἐγένετο,

332 1445 522 1499 ἀναγκαῖόν
543 1447 618 1484 ἐστι
636 1445 718 1498 πρὶν
739 1444 899 1497 γενέσθαι
921 1436 1009 1482 εἶναι
1036 1442 1168 1494 μηδέν·
1203 1446 1233 1482 εἷ
1263 1443 1375 1483 τοίνυν

333 1505 441 1557 μηδὲν
460 1500 515 1553 ἧν,
536 1505 672 1556 οὐδαμῇ
697 1503 736 1541 ἂν
759 1503 892 1554 ἐγένετο
913 1502 1022 1554 μηδὲν
1044 1504 1085 1542 ἐκ
1107 1501 1267 1553 μηδενός.

599 1603 615 1619 νε
883 1601 899 1617 τι
1168 1601 1188 1621 4

383 1664 405 1713 5
436 1670 472 1701 7.
503 1658 555 1701 ⁰0
577 1676 615 1699 τε
627 1660 741 1699 τοίνυν
761 1661 825 1699 οὐκ
839 1660 988 1712 ἐγένετο,
1009 1659 1083 1699 ἔστι
1099 1675 1136 1698 τε
1154 1659 1215 1698 καὶ
1232 1658 1298 1697 αἰεὶ
1318 1653 1375 1710 ἦν,

333 1720 394 1760 καὶ
415 1719 483 1759 αἷεὶ
512 1718 630 1758 ἔσται·
666 1717 728 1758 καὶ
756 1717 869 1772 ἀρχὴν
906 1718 969 1757 οὐκ
994 1717 1069 1771 ἔχει
1099 1718 1176 1758 οὐδὲ
1197 1719 1377 1769 τελευτήν,

329 1781 407 1819 ἀλλ’
442 1779 583 1831 ἄπειρόν
611 1779 701 1819 ἐστι.
763 1779 810 1817 Εἰ
836 1776 899 1829 μὲν
932 1777 1001 1832 γὰρ
1028 1777 1181 1831 ἐγένετο,
1205 1778 1318 1832 ἀρχὴν
1335 1778 1377 1818 ἂν

330 1833 424 1891 ἄχε’
447 1837 576 1889 ἤρξατο
599 1837 666 1890 γὰρ
695 1837 736 1876 ἄν
761 1852 846 1876 ποτε
875 1837 1077 1890 γινόμενον·
1099 1837 1160 1877 καὶ
1187 1837 1375 1884 τελευτήν·

331 1896 534 1944 ἐτελεύτησε
550 1896 620 1950 γὰρ
635 1896 675 1936 ἄν
694 1912 778 1935 ποτε
794 1895 990 1949 γινόμενον.
1049 1897 1095 1936 E}
1112 1895 1148 1935 δὲ
1165 1895 1254 1946 μήτε
1266 1895 1376 1949 ἤρξα-

331 1974 371 1997 το
397 1956 486 2008 μήτε
512 1955 735 2004 ἐτελεύτησε,
771 1956 839 1994 αἷεί
863 1972 899 1994 τε
926 1950 968 2004 ἧν
989 1955 1049 1995 καὶ
1072 1955 1140 1995 αἷεὶ
1172 1955 1294 2009 ἔσται,
1315 1956 1378 1994 οὒκ

331 2014 412 2069 ἔχον
434 2015 547 2069 ἀρχὴν
568 2015 642 2055 οὐδὲ
664 2017 839 2065 τελευτήν.
866 2016 920 2057 Οὔ
940 2015 1007 2070 γὰρ
1027 2015 1094 2055 αἷεὶ
1108 2008 1196 2055 εἶναι
1217 2014 1378 2067 ἀνυστόν,

332 2074 403 2122 &sn
423 2075 472 2126 μὴ
493 2081 562 2113 πᾶν
583 2075 669 2114 ἐστι.

595 2166 612 2182 *
886 2168 902 2183 st
1173 2167 1190 2184 <k

330 2276 425 2309 codd.
443 2276 588 2316 leguntur
598 2276 725 2318 ὅμοιον,
742 2279 843 2318 μεῖζον
854 2303 862 2317 ,
878 2277 1015 2319 γίγνοιτο
1032 2278 1175 2310 exaravi.
1220 2280 1382 2311 Praeterea

330 2322 434 2360 ἀλγέοι
454 2324 488 2355 et
500 2322 614 2364 ἀνιῷτο
629 2322 745 2364 scripsi
760 2331 817 2364 pro
832 2323 918 2364 vulg.
932 2324 1034 2365 ἀλγέει
1049 2326 1082 2356 et
1099 2325 1234 2364 ἀνιῆται.

372 2369 391 2410 §
406 2373 436 2402 5.
454 2368 507 2402 οὖν
525 2373 572 2402 ter
586 2370 709 2402 mutavi
726 2370 758 2402 in
775 2371 819 2403 ὧν
830 2382 839 2412 ;
851 2371 971 2412 reliqua
980 2372 1047 2411 jam
1062 2372 1222 2405 PreHerus
1238 2380 1383 2405 correxe-

333 2420 392 2447 rat.
436 2416 484 2450 Ad
512 2416 610 2450 verba
632 2417 703 2450 οὐδὲ
719 2419 761 2455 εἰς
788 2419 886 2452 ἑωυτὸ
911 2420 1104 2458 συσταλῆναι
1123 2423 1209 2453 recte
1231 2419 1382 2452 observat

334 2463 518 2496 Brandisius
539 2477 547 2497 :
563 2476 580 2493 ι
591 2464 819 2507 διακρινόμενον
833 2466 901 2499 sive
915 2466 1168 2509 συγκρινόμενον.
1185 2479 1202 2496 »
1246 2468 1296 2500 Cf.
1310 2476 1383 2509 quoe

333 2509 475 2544 diximus
495 2510 535 2544 de
550 2511 600 2544 his
612 2512 748 2545 vocibus
761 2513 794 2545 in
810 2513 888 2547 edit.
910 2514 1087 2547 Democriti
1108 2523 1140 2556 p.
1161 2517 1235 2548 386.

374 2557 393 2598 §
408 2561 438 2590 6.
453 2559 564 2591 Exstat
582 2558 646 2591 hoc
661 2559 872 2600 fragmentum
883 2561 969 2602 apud
982 2561 1184 2603 Simplicium
1202 2562 1237 2595 in
1250 2563 1380 2596 A‘ristot.

334 2603 431 2644 Phys.
452 2603 508 2637 rol.
529 2606 567 2637 34
582 2605 603 2636 b
616 2628 626 2645 ‚
643 2606 698 2646 qui
714 2606 761 2638 sic
782 2607 892 2640 scribit
913 2617 921 2640 ε
937 2610 991 2641 καὶ
1004 2610 1160 2648 Μέλισσος
1173 2611 1206 2643 δὲ
1224 2612 1260 2644 τὸ
1276 2612 1383 2653 ἀγένη·

333 2662 386 2683 τον
402 2653 456 2682 τοῦ
473 2650 559 2688 ὄντος
574 2651 685 2689 ἔδειξε,
703 2657 748 2694 τῷ
765 2658 862 2696 κοινῷ
880 2655 981 2698 τούτῳ
1007 2657 1203 2699 χρησάμενος
1221 2659 1383 2702 ἀξιώματι.

334 2698 440 2740 γράφει
462 2698 495 2730 δὲ
516 2698 633 2735 οὕτως·
655 2697 714 2732 Ἀεὶ
737 2711 769 2734 κ.
789 2712 818 2733 τ.
839 2703 872 2734 λ.
906 2700 1020 2735 ‘Erunt
1045 2703 1179 2737 sortasse
1206 2706 1263 2747 qni
1284 2706 1383 2739 verba

335 2746 362 2776 εἰ
378 2745 437 2786 γὰρ
450 2744 580 2784 ἐγένετο,
596 2746 762 2785 ἀναγκαῖόν
775 2749 842 2781 ἐστι
857 2750 927 2791 πρὶν
939 2751 1082 2792 γενέσθαι
1097 2752 1175 2785 εἶναι
1191 2754 1285 2795 μηδέν
1295 2755 1383 2787 inso-

335 2792 402 2824 lens
416 2791 493 2832 quid
510 2791 627 2825 babere
645 2798 809 2834 censeant,
826 2796 880 2829 sed
908 2800 943 2830 ut
964 2798 1049 2838 apud
1068 2800 1211 2834 AEschiu.
1234 2802 1272 2834 C.
1291 2804 1381 2835 ctes.

334 2847 368 2879 p.
386 2841 425 2871 86
441 2839 468 2870 εἰ
486 2837 512 2871 δ’
525 2838 564 2879 ἣν
581 2839 748 2881 ἀναγκαῖον
761 2842 906 2883 ῥηθῆναι,
923 2845 960 2878 οὗ
973 2847 1190 2888 Δημοσθένους
1205 2849 1244 2889 ἦν
1261 2850 1279 2881 ὁ
1293 2849 1383 2890 λόγος

335 2883 472 2938 εἰρερυᾶ
490 2884 677 2926 AEschylum
693 2887 804 2927 Agam.
826 2890 886 2922 875
899 2891 950 2922 καὶ
968 2892 1153 2933 τραυμάτων
1170 2894 1225 2935 μὲν
1241 2896 1267 2928 εἶ
1280 2897 1384 2929 τόσων

335 2941 518 2983 ετυγχανεν,
530 2951 571 2958 -
581 2932 728 2974 τέτρωται
740 2934 864 2968 δικτύου
873 2937 958 2970 πλέω
969 2938 1067 2979 λέγειν
1081 2941 1113 2972 et
1127 2941 1197 2974 anis
1212 2942 1289 2975 locis
1302 2953 1384 2984 qnos

336 2979 414 3010 citat
429 2977 654 3020 Bernhardyus
668 2980 800 3020 syntax.
816 2982 888 3025 ling.
900 2993 946 3024 gr.
963 2994 995 3026 p.
1013 2988 1075 3018 376
1096 2987 1174 3021 nihii
1190 2990 1383 3024 mutandum

331 3027 386 3055 est
396 3048 405 3064 ‚
422 3033 524 3065 quum
541 3024 584 3058 ob
597 3027 763 3060 sententiae
778 3028 996 3064 diversitatem
1012 3032 1162 3074 loquendi
1179 3035 1280 3069 forma
1290 3038 1383 3071 disre-

339 3071 389 3102 rat
405 3079 422 3102 a
439 3071 587 3112 vulgari,
599 3071 644 3104 ita
656 3072 710 3106 hic
723 3077 979 3110 membranarum
995 3079 1186 3121 scripturam
1202 3086 1382 3118 conservari

337 3118 472 3174 eportet.
518 3119 560 3151 At
574 3118 668 3152 aliter
678 3119 886 3159 judicandum
902 3125 942 3158 de
956 3127 1111 3160 extremis
1129 3129 1156 3161 εὶ
1174 3130 1276 3164 τοίνυν
1290 3134 1383 3174 μηδὲν

337 3174 388 3217 ην,
402 3164 521 3218 ουδοιμῇ
533 3166 571 3198 ἂν
580 3165 700 3207 γένοιτο
714 3169 805 3210 μηδὲν
822 3171 858 3203 ἐκ
871 3172 998 3213 μηδενός
1011 3197 1021 3214 ,
1035 3174 1089 3207 ubi
1099 3183 1157 3216 pro
1171 3177 1290 3218 γένοιτο
1303 3179 1382 3211 sub-

336 3211 430 3243 stitui
446 3212 578 3251 ἐγένετο.

375 3257 449 3312 5-7.
468 3259 549 3295 Quae
563 3265 743 3300 sequuntur
761 3263 935 3304 fragmenta
949 3266 991 3310 (§
1007 3268 1131 3311 7—10)
1151 3272 1293 3305 servavit
1303 3274 1384 3306 Sim·

339 3304 454 3345 plieius
474 3306 495 3338 Ι.
520 3306 541 3337 Ι.
573 3306 630 3339 soi.
649 3310 688 3340 23
707 3307 741 3349 b,
761 3311 854 3350 cujus
873 3313 970 3346 verba
987 3318 1062 3348 sunt
1084 3325 1093 3348 z
1111 3317 1287 3358 ἐγκαλεῖται
1311 3321 1344 3353 δὲ
1366 3323 1384 3354 ὁ

340 3352 517 3408 Μέλισσοξ,
544 3354 598 3385 καὶ
615 3355 656 3390 ὡς
679 3358 733 3393 τῆς
750 3356 845 3398 ἀρχῆς
861 3360 1024 3403 πολλαχῶς
1039 3362 1223 3406 λεγομένης,
1247 3366 1314 3399 ἀντὶ
1330 3372 1384 3406 τῆς

339 3408 421 3430 κατα
436 3408 547 3440 χρονον
562 3398 678 3440 ἀρχῆς,
695 3401 762 3439 ἥτις
787 3404 917 3446 ὑπάρχει
934 3411 978 3448 τῷ
1005 3414 1143 3451 γενητῷ,
1163 3412 1219 3450 τήν
1244 3414 1325 3445 κατὰ
1348 3415 1384 3447 τὸ

340 3446 468 3503 πρᾶγμα
478 3444 582 3477 λαὸών
590 3469 603 3501 .’
614 3447 680 3484 ἥτις
693 3449 746 3479 καὶ
761 3453 823 3486 τοῖς
835 3451 951 3492 ἀθρόως
964 3455 1205 3494 μετοιὸάλλουσιν
1219 3459 1276 3499 οὐγ
1293 3460 1385 3502 ὑπάρ-

341 3500 403 3531 χει.
459 3492 551 3524 Εοικε
570 3492 603 3524 δε
626 3493 718 3530 αὐτὸς
744 3496 797 3527 καὶ
826 3498 884 3538 πρὸ
913 3503 968 3532 τοῦ
984 3499 1208 3542 Ἀριστοτέλους
1221 3493 1382 3540 τεθεᾶσθαι

1476 358 1494 399 §
1511 362 1540 390 5.
1557 357 1618 391 Sed
1639 357 1699 389 alia
1715 356 1813 389 etiam
1838 355 1962 389 ratione
1987 355 2067 389 nihil
2093 364 2233 390 vacuum
2246 356 2295 389 est
2311 356 2404 398 eute3
2422 364 2483 390 va·

1433 425 1531 449 cuum
1549 415 1635 449 enim
1651 414 1731 448 nihii
1748 416 1798 448 est
1822 423 1830 444 ε
1849 423 1925 456 ergo
1942 414 2022 448 iilud
2033 415 2122 448 certe
2138 413 2226 457 quod
2242 414 2320 448 nihii
2345 414 2482 458 appenn-

1434 484 1506 508 mus
1524 483 1587 507 non
1618 473 1726 507 ruerit.
1770 476 1842 508 Non
1868 474 2022 507 movetur
2041 473 2137 515 igitur
2155 481 2232 515 ens;
2263 481 2371 516 neque
2394 472 2481 507 enim

1433 532 1529 565 habet
1545 540 1611 573 quo
1633 529 1812 572 concedat,
1830 531 1906 573 quia
1921 539 2059 564 vacuum
2079 540 2142 565 nou
2164 532 2226 565 est.
2270 532 2386 574 Neque
2405 539 2483 566 vero

1434 593 1499 626 fieri
1514 593 1620 634 potest
1632 615 1642 633 ,
1662 591 1746 625 utin
1762 601 1796 625 se
1818 591 1923 634 ipsum
1946 592 2158 626 contrahatur
2176 606 2185 625 ι
2205 591 2249 625 ita
2268 592 2354 626 enim
2380 591 2487 626 rarius

1433 652 1529 684 suerit
1545 650 1662 692 seipso
1674 651 1706 683 et
1728 649 1878 691 densium
1902 650 1963 683 boc
1977 654 2087 684 autem
2104 651 2171 684 fieri
2188 651 2312 693 nequit.
2357 650 2485 693 Quippe

1434 709 1502 742 fieri
1519 717 1583 741 non
1603 709 1726 750 potest,
1749 711 1786 740 ut
1805 717 1912 741 rarum
1940 716 2034 750 oeque
2053 709 2181 751 pienum
2206 708 2250 742 εἰι
2266 717 2306 742 ac
2326 708 2485 749 densum,

1434 768 1489 801 sed
1511 759 1618 800 raru'm
1637 769 1725 800 certe.
1739 767 1836 801 etiam
1859 766 1963 809 magis
1985 775 2124 800 vacuum
2143 767 2177 800 fit
2196 766 2321 808 deuso;
2345 775 2486 800 vacuum

1435 836 1512 860 vero
1525 836 1588 860 non
1601 830 1661 860 est.
1703 828 1790 860 Num
1805 829 1914 859 autem
1927 825 2058 868 pienum
2075 826 2116 859 sit
2129 835 2186 860 ens
2197 834 2238 859 au
2256 826 2363 859 minus
2373 849 2384 866 ‚
2398 825 2485 867 judi-

1435 885 1500 918 cari
1513 886 1640 927 oportet
1655 893 1696 918 ex
1710 884 1773 917 aiio
1786 887 1842 917 aut
1868 884 1996 925 recepto
2012 886 2068 916 aut
2086 892 2151 917 non
2175 885 2326 925 recepto:
2347 883 2374 916 si
2395 884 2483 917 enim

1437 954 1500 978 non
1534 943 1666 986 recipit,
1691 943 1823 985 plenum
1843 945 1914 984 est;
1937 942 1965 975 si
1998 951 2077 976 vero
2097 942 2230 984 recipiat
2254 941 2398 984 aliquid,
2420 949 2488 975 non

1435 1004 1579 1045 plenum.
1622 1003 1654 1037 Si
1678 1002 1774 1044 igitur
1796 1011 1862 1035 non
1883 1003 1933 1035 est
1951 1010 2109 1042 vacuum,
2130 1009 2259 1035 necesse
2283 1002 2334 1035 est
2356 999 2489 1043 plenum

1436 1070 1526 1103 esse,
1543 1061 1570 1094 si
1587 1070 1664 1094 vero
1679 1061 1742 1094 hoc
1753 1084 1764 1102 ‚
1782 1069 1847 1094 non
1870 1060 2020 1102 moveri;
2044 1069 2110 1094 non
2127 1060 2215 1102 quod
2233 1059 2302 1093 fieri
2325 1061 2486 1102 nequeat,

1438 1123 1474 1154 ut
1494 1120 1572 1163 quid
1594 1129 1650 1162 per
1666 1121 1797 1162 pienum
1820 1121 2004 1161 moveatur,
2029 1118 2305 1161 quemadmodum
2327 1118 2360 1151 in
2377 1126 2488 1160 corpo-

1439 1179 1531 1212 ribus
1549 1179 1689 1212 dicimus
1701 1203 1712 1220 ‚
1735 1178 1791 1212 sed
1815 1178 1904 1220 quod
1924 1178 2116 1211 universum
2131 1187 2189 1212 ens
2211 1186 2316 1220 neque
2330 1177 2364 1211 in
2380 1185 2440 1211 em
2452 1185 2488 1211 se

1438 1245 1570 1270 movere
1589 1240 1694 1279 potest
1713 1246 1722 1269 ε
1743 1245 1807 1270 non
1824 1237 1910 1270 enim
1931 1236 2109 1278 quidquam
2133 1239 2185 1269 est
2213 1237 2331 1278 proeter
2346 1235 2453 1277 ipsum
2475 1242 2486 1263 ι

1438 1307 1543 1340 neque
1560 1298 1593 1331 in
1610 1306 1753 1331 non-ens
1764 1321 1775 1340 ,
1795 1306 1860 1331 non
1878 1298 1964 1331 enim
1984 1301 2032 1331 est
2049 1305 2202 1330 non-ens.

1708 1357 1726 1375 ί·
1952 1357 1970 1375 ἡ
2199 1356 2214 1373 ί

1480 1415 1500 1459 §
1515 1420 1546 1450 6.
1566 1417 1698 1458 Semper
1713 1415 1774 1448 suit
1794 1415 1950 1457 quidquid
1965 1415 2046 1456 (uit,
2059 1415 2092 1448 et
2110 1422 2238 1456 semper
2258 1414 2340 1448 erit:
2360 1414 2485 1448 sienim

1438 1477 1545 1508 ortum
1562 1476 1666 1516 esset,
1680 1484 1807 1508 necesse
1820 1478 1868 1508 est
1884 1478 1958 1507 ante
1974 1477 2082 1508 ortum
2097 1474 2193 1508 [uisse
2209 1474 2312 1516 nihii3
2336 1475 2366 1508 si
2384 1475 2486 1517 igitur

1439 1534 1516 1568 nihil
1529 1538 1614 1576 erat,
1639 1533 1888 1576 haudquaquam
1903 1533 1982 1567 nihil
2001 1543 2020 1567 e
2035 1533 2134 1566 nihilo
2149 1534 2257 1567 ortum
2270 1535 2367 1567 esset.

1706 1594 1724 1612 ,ι
1959 1595 1976 1611 *
2203 1594 2221 1611 ι

1481 1670 1500 1713 §
1521 1673 1552 1704 7.
1573 1670 1668 1710 Quod
1682 1670 1781 1712 igitur
1797 1671 1905 1703 ortum
1923 1679 1987 1702 non
2005 1671 2073 1711 est,
2092 1675 2283 1711 semperque
2295 1669 2347 1702 σοι
2357 1671 2391 1702 ει
2408 1667 2491 1710 suit,

1439 1738 1477 1762 ac
1489 1738 1617 1771 semper
1633 1728 1694 1762 erit
1717 1738 1726 1761 :
1749 1728 1783 1762 id
1800 1737 1905 1770 neque
1923 1728 2049 1761 initium
2066 1727 2165 1762 habet
2180 1734 2284 1769 neque
2298 1726 2395 1760 finem
2406 1750 2418 1767 ‚
2435 1725 2491 1760 sed

1441 1788 1606 1822 infinitum
1627 1788 1689 1821 est.
1733 1789 1767 1820 Si
1796 1787 1882 1820 enim
1907 1788 2014 1820 ortum
2044 1788 2146 1827 esset,
2168 1786 2298 1820 initium
2326 1785 2462 1820 haberet
2479 1793 2491 1814 ²

1439 1847 1526 1880 nasci
1542 1847 1628 1881 enim
1647 1847 1821 1889 aliquando
1848 1848 2015 1889 coepisset3
2032 1850 2064 1880 et
2081 1847 2178 1880 finem
2198 1855 2208 1879 t
2228 1845 2298 1880 fieri
2322 1845 2411 1880 enim
2426 1844 2486 1878 ali-

1439 1907 1569 1948 quando
1591 1907 1746 1940 desiisset.
1792 1907 1848 1939 Sin
1865 1908 1975 1940 antem
2001 1915 2105 1948 neque
2124 1905 2222 1948 coepit
2239 1913 2344 1948 neque
2368 1904 2462 1938 desiit
2482 1913 2492 1936 x

1442 1974 1570 2007 semper
1598 1965 1658 1998 suit
1683 1974 1874 2007 semperque
1905 1966 1982 2006 erit,
2006 1974 2070 1998 non
2093 1965 2216 1998 babens
2234 1964 2360 1999 initium
2388 1972 2494 2006 neque

1441 2024 1552 2058 finem.
1597 2026 1709 2066 Neque
1725 2025 1811 2058 enim
1828 2024 1897 2057 fieri
1915 2026 2040 2066 potest,
2064 2027 2100 2057 ut
2120 2032 2247 2066 semper
2263 2023 2306 2057 sit
2326 2022 2388 2056 nisi
2406 2021 2495 2065 quod

1443 2087 1632 2119 universum
1650 2086 1703 2119 sit.

1673 2145 1689 2162 ἡ
1962 2145 1979 2161 *
2249 2143 2267 2161 ’ἡ

1441 2280 1564 2320 καλῶς,
1581 2279 1628 2310 ὅτι
1642 2282 1703 2311 πᾶν
1720 2282 1816 2319 σῶμα
1831 2279 1884 2310 καὶ
1900 2279 1935 2310 τὸ
1958 2277 2058 2310 ἀΐδιον
2084 2278 2318 2319 πεπερασμένον
2332 2276 2495 2319 ὑπάρχον,

1440 2326 1675 2368 πεπερασμένην
1698 2326 1763 2368 ἔχει
1786 2326 1931 2367 δύναμιν,
1946 2326 1999 2357 καὶ
2024 2325 2099 2357 ὅσον
2121 2323 2165 2364 ἐφ’
2179 2325 2282 2365 ἑαυτῷ
2299 2323 2347 2356 ἀεὶ
2364 2322 2395 2355 ἐν
2413 2323 2494 2355 τέλει

1441 2374 1553 2416 χρόνου
1571 2374 1656 2406 ἐστίν
1752 2375 1836 2407 ὥστε
1851 2375 1887 2406 τὸ
1900 2374 1982 2406 κατὰ
2000 2373 2126 2414 μέγεθος
2136 2371 2234 2414 ἀρχὴν
2243 2372 2297 2404 καὶ
2309 2371 2395 2408 τέλος
2409 2371 2497 2413 ἔχον,

1440 2422 1595 2453 καὶκατὰ
1619 2421 1729 2463 χρόνον
1746 2422 1811 2464 ἔχει
1836 2425 1956 2453 ταῦτα·
1978 2421 2031 2452 καὶ
2058 2419 2231 2452 ἀνάπαλιν·
2247 2419 2283 2451 τὸ
2308 2418 2368 2460 γὰρ
2397 2417 2496 2461 ἀρχὴν

1442 2468 1516 2510 ἔχον
1530 2468 1642 2509 χρόνου
1658 2469 1711 2501 καὶ
1727 2470 1830 2510 τέλος,
1852 2469 1912 2509 οὐχ
1929 2467 1996 2509 ἅμα
2023 2470 2086 2500 πᾶν
2103 2467 2170 2499 ἐστι
2185 2474 2192 2483 ·
2209 2466 2257 2499 διὸ
2282 2468 2419 2499 ποιεῖται
2439 2465 2496 2504 τήν

1442 2515 1496 2555 μὲν
1510 2514 1664 2552 ἀπόδειξιν
1677 2515 1741 2548 ἀπὸ
1753 2520 1807 2554 τῆς
1819 2517 1900 2547 κατὰ
1914 2515 2023 2557 χρόνον
2038 2515 2135 2558 ἀρχῆς
2150 2514 2204 2546 καὶ
2212 2514 2366 2551 τελευτῆς.
2389 2512 2497 2554 'Amp-

1441 2572 1498 2603 χον
1517 2562 1550 2594 δὲ
1569 2563 1652 2595 οὕτω
1665 2564 1719 2595 καὶ
1735 2562 1937 2601 ἀτελεύτητον
1955 2562 1991 2594 οὔ
2011 2573 2103 2603 φησιν
2122 2561 2200 2593 εἶναι
2212 2585 2222 2601 ,
2242 2561 2259 2592 ὃ
2274 2559 2317 2602 μὴ
2332 2562 2395 2592 πᾶν
2416 2559 2497 2600 ἐστι,

1442 2609 1602 2642 τουτέστιν
1619 2609 1636 2641 ὃ
1653 2610 1696 2650 μή
1712 2611 1778 2650 ἅμα
1801 2609 1871 2641 ὅλον
1889 2609 1990 2641 ἐστίν·
2018 2609 2094 2650 ὅπερ
2108 2611 2172 2645 τοῖς
2198 2608 2343 2649 ἀμερέσιν
2365 2605 2499 2648 ὑπάρχει

1441 2656 1494 2686 καὶ
1511 2658 1557 2696 τῷ
1574 2655 1638 2688 ὄντι
1652 2656 1788 2698 ἀπείροις
1801 2665 1808 2671 ·
1823 2660 1869 2699 τῷ
1888 2657 1921 2688 δέ
1940 2667 1974 2697 γε
1990 2657 2097 2692 ἁπλῶς
2115 2655 2200 2695 ὄντι,
2224 2655 2279 2687 καὶ
2295 2653 2493 2697 κυριώτατα.

1441 2706 1486 2743 τῷ
1510 2703 1567 2745 γὰρ
1584 2703 1648 2736 ὄντι
1665 2707 1728 2736 πᾶν
1739 2704 1841 2736 ἐκεῖνό
1854 2704 1931 2737 ἐστι.
1976 2705 2057 2745 λέγει
2071 2704 2104 2736 δὲ
2118 2706 2218 2735 ταῦτα
2233 2702 2333 2738 οὕτως
2344 2702 2364 2734 ὁ
2378 2701 2496 2735 Μέλισ-

1443 2758 1510 2786 σος·
1554 2750 1598 2783 ’Ὁ
1621 2762 1655 2783 τε
1683 2751 1786 2783 τοίνυν
1803 2763 1835 2784 κ.
1856 2763 1885 2783 τ.
1906 2753 1924 2783 λ
1963 2751 2004 2792 (§
2029 2752 2079 2791 7).
2124 2751 2188 2782 Καὶ
2207 2750 2254 2783 ὅτι
2277 2748 2497 2791 μὲντὸποτὲ

1441 2795 1585 2837 χρονικόν
1603 2797 1690 2837 ἐστι,
1716 2797 1819 2836 δῆλον.
1862 2798 1909 2829 ὅτι
1935 2798 1967 2829 δὲ
1985 2796 2204 2838 γινόμενον
2228 2795 2266 2828 τὸ
2289 2794 2361 2827 κατ’
2384 2793 2496 2826 οὒσῑαν

1442 2844 1569 2884 γενητὸν
1585 2843 1670 2876 εἶπεν
1681 2868 1691 2884 ,
1706 2844 1723 2877 ὃ
1743 2845 1801 2880 ἕως
1818 2845 1856 2877 ἂν
1876 2845 1897 2886 ᾖ
1914 2844 2075 2886 γινόμενόν
2091 2845 2157 2875 ἐστι
2171 2843 2224 2875 καὶ
2249 2842 2310 2875 οὐκ
2333 2841 2386 2882 ὄν,
2404 2841 2499 2879 δῆλον

1441 2890 1477 2923 ἐκ
1492 2894 1547 2923 τοῦ
1561 2901 1569 2910 ·
1585 2891 1861 2930 ἐτελεύτησεν
1877 2893 1921 2924 ἄν
1935 2891 2264 2932 ποτεγινόμενον
2279 2888 2324 2931 (S
2339 2889 2376 2930 7)
2394 2889 2447 2920 καὶ
2461 2889 2498 2921 ἐκ

1441 2941 1517 2970 τοῦ·
1540 2938 1584 2970 οὐ
1605 2939 1679 2980 γὰρ
1695 2939 1756 2971 ἀεὶ
1786 2941 1892 2971 εἶναι
1919 2939 2094 2971 ἀνυστὸν
2124 2938 2155 2978 ὅ,
2175 2949 2210 2970 τι
2235 2937 2284 2978 μὴ
2309 2939 2384 2969 πᾶν
2412 2936 2498 2968 ἐστι

1442 2985 1454 3025 (
1470 2985 1489 3026 §
1505 2985 1560 3027 7),
1580 2988 1622 3023 ὡς
1640 2990 1696 3018 τοῦ
1715 2987 1762 3019 ἀεὶ
1791 2987 1899 3027 ὄντος,
1913 2987 1930 3019 ὃ
1948 2987 2001 3018 καὶ
2024 2989 2086 3018 πᾶν
2103 2986 2187 3018 ἐστιν
2199 3009 2209 3026 ,
2223 2984 2435 3025 ἀντικειμένου
2450 2987 2497 3024 τῷ

1441 3036 1576 3074 γενητῷ.
1622 3033 1696 3065 ’Ότι
1722 3034 1755 3066 δὲ
1786 3034 1893 3075 ὥσπερ
1915 3034 1950 3066 τὸ
1975 3034 2052 3066 ποτὲ
2078 3032 2312 3074 πεπερασμένον
2341 3034 2380 3074 τῇ
2404 3030 2499 3073 οὐσίᾳ

1442 3079 1535 3119 φησίν
1548 3104 1557 3121 ,
1587 3079 1672 3113 οὕτω
1690 3081 1744 3112 καὶ
1766 3081 1802 3113 τὸ
1829 3080 1878 3112 ἀεὶ
1902 3081 1936 3112 ὃν
1965 3080 2091 3122 ἄπειρον
2109 3082 2191 3120 λέγει
2211 3083 2251 3121 τῇ
2266 3078 2380 3120 οὐσίᾳ,
2402 3077 2497 3117 σαφὲς

1444 3126 1616 3164 πεποίηκεν
1632 3128 1747 3160 εἰπών·
1771 3127 1849 3160 Ἀλλ’
1866 3127 1974 3169 ὥσπερ
1993 3127 2075 3159 ἐστὶν
2094 3138 2126 3159 κ.
2143 3138 2174 3158 τ.
2200 3126 2230 3159 λ.
2251 3125 2296 3167 (§
2312 3126 2352 3166 8)
2371 3125 2498 3166 μέγεθος

1442 3177 1475 3209 δὲ
1492 3178 1529 3210 οὐ
1543 3179 1580 3211 τὸ
1593 3179 1759 3212 διαστατόν
1778 3191 1870 3221 φησιν
1883 3188 1890 3195 ·
1911 3179 2002 3216 αὐτὸς
2015 3179 2074 3220 γὰρ
2088 3178 2262 3220 ἀδιαίρετον
2275 3177 2312 3210 τὸ
2330 3177 2364 3209 ὃν
2377 3176 2496 3210 δείκνυ·

1443 3236 1493 3257 σιν
1506 3235 1514 3242 ·
1528 3227 1654 3270 Εἶγὰρ
1671 3226 1862 3270 διῄρηταί
1880 3238 1956 3268 φησι
1977 3238 2050 3259 κ.τ.
2066 3227 2096 3259 λ.
2114 3225 2232 3268 (§15)
2250 3226 2377 3267 μέγεθος
2391 3223 2496 3257 οὖντὸ

1443 3272 1558 3314 δίαρμα
1574 3275 1650 3308 αὐτὸ
1667 3276 1749 3316 λέγει
1765 3278 1819 3314 τῆς
1832 3274 2048 3311 ὑποστάσεως.
2096 3274 2143 3306 ὅτι
2156 3273 2216 3315 γὰρ
2232 3273 2404 3314 ἀσώματον
2419 3271 2498 3304 εἶναι

1443 3320 1587 3360 βούλεται
1604 3322 1642 3354 τὸ
1657 3321 1708 3361 ὄν,
1725 3322 1880 3360 ἐδήλωσεν
1897 3322 1995 3354 εἰπών
2007 3330 2015 3337 ·
2044 3322 2092 3354 Εἰ
2115 3321 2186 3363 μὲν
2202 3321 2264 3353 ἐὸν
2287 3320 2357 3358 εἴη
2369 3318 2414 3360 (§
2435 3319 2498 3358 16)

1443 3366 1498 3398 καὶ
1515 3367 1618 3408 ἐφεξῆς
1632 3368 1665 3401 δὲ
1677 3371 1723 3410 τῷ
1738 3368 1829 3410 ἀϊδίῳ
1842 3369 1877 3401 τὸ
1888 3369 2015 3411 ἄπειρον
2029 3369 2110 3400 κατὰ
2125 3369 2182 3407 τήν
2197 3367 2308 3400 οὐσίαν
2323 3365 2496 3405 συνέταξεν,

1444 3413 1554 3446 εἰπών.
1598 3413 1740 3457 Ἀρχήν
1757 3416 1884 3448 δὲκαὶ
1908 3427 1940 3447 κ.
1959 3427 1988 3447 τ.
2009 3416 2038 3448 λ.
2059 3414 2097 3457 (§
2114 3416 2150 3454 9)
2173 3415 2258 3447 ὥστε
2274 3414 2311 3446 τὸ
2337 3413 2380 3455 μὴ
2404 3412 2497 3454 ἔχον,

1443 3459 1574 3503 ἄπειρόν
1598 3462 1682 3494 ἐστιν
1695 3472 1703 3480 ·
1728 3461 1792 3496 ἀπὸ
1817 3466 1874 3496 τοῦ
1895 3462 2025 3504 ἀπείρου
2048 3462 2132 3496 δὲτὸ
2151 3463 2182 3495 ἓν
2200 3461 2424 3502 συνελογίσατο
2436 3481 2446 3500 ,
2460 3458 2496 3491 ἐκ

1444 3511 1500 3540 τοῦ
1513 3517 1522 3526 ·
1536 3510 1573 3542 Εἰ
1587 3511 1630 3552 μὴ
1647 3510 1680 3543 ἓν
1694 3510 1742 3548 εἵη
1755 3521 1787 3543 κ,
1800 3521 1830 3542 τ.
1850 3511 1878 3542 λ.
1896 3509 1933 3552 (§
1959 3511 2026 3551 10).

2596 2223 2612 2248 “’-.

2596 2252 2612 2283 ί,

2593 2284 2612 2381 Ξ

2598 2385 2612 2435 Ξ
