2612 3814
804 248 890 311 H.
947 246 1057 307 ΕΚ
1101 243 1266 307 ΤΟΥ
1312 238 1814 304 ΓΕΩΡΓΙΚΟΥ.

1232 371 1400 380 ———-

616 461 1056 525 FRAGMENTA
1103 458 1297 518 LIBRI
1345 457 1441 514 DE
1485 452 2027 514 AGRICULTURA.

1125 590 1507 612 --—-<;s.0;†›-——

286 724 313 749 Ι.
345 708 563 760 Δημόκριτός
594 723 710 759 φησιν,
733 706 784 744 ὅτι
807 709 960 744 τοιοῦτον
992 706 1062 757 χρὴ
1083 705 1281 755 προσδοκᾷν

231 770 372 808 ἔσεσθαι
391 769 448 807 τὸν
473 769 631 820 χειμῶνα
647 796 657 814 ,
677 766 779 804 ὁποία
808 764 907 803 ἔσται
939 767 960 811 ἡ
983 763 1132 816 τετάρτη
1153 762 1212 801 καὶ
1233 763 1282 800 εἷ-

230 826 339 875 κοστὴ
354 830 413 865 τοῦ
428 827 510 866 Δίου
525 825 633 883 μηνὸς
644 823 772 876 ἡμέρα.

365 901 562 955 (Cassiani
579 900 872 951 BassiGeopon.
891 899 957 937 lib.
976 899 990 936 l
1007 912 1090 950 cap.
1107 898 1151 945 V,
1173 897 1227 949 3.)

283 1011 314 1037 2.
347 999 368 1047 §
406 1006 438 1037 l.
472 996 559 1048 Περὶ
581 995 615 1034 δὲ
635 999 696 1043 τῆς
724 996 995 1047 ὑδροφαντικῆς,
1017 995 1085 1034 ὑπὸ
1115 993 1154 1033 δέ
1179 1010 1283 1032 τινων

232 1057 548 1108 ὑδρομαστευτικῆς
569 1054 756 1105 λεγομένης
767 1058 826 1092 νῦν
841 1055 1000 1105 ἐροῦμεν.
1018 1052 1285 1105 Ἀποφαίνονται

233 1113 298 1165 γὰρ
318 1116 349 1152 οἱ
370 1114 479 1166 [περὶ]
497 1115 564 1151 τῶν
589 1114 846 1166 ὑδροφαντικῶν
881 1111 943 1159 τὴν
975 1113 1159 1164 ἐμπειρίαν
1182 1114 1285 1159 εἰλη-

231 1176 350 1229 φότες,
368 1172 411 1211 τὰ
429 1172 491 1222 μὲν
509 1172 611 1210 πεδία
637 1172 767 1223 ἄνυδρα
788 1172 957 1223 ὑπάρχειν
977 1174 1023 1215 ὡς
1038 1170 1095 1208 ἐπὶ
1112 1170 1150 1208 τὸ
1169 1171 1258 1209 πολύ
1273 1200 1282 1218 ,

232 1235 291 1272 καὶ
308 1233 352 1271 τὰ
369 1232 508 1282 μείζονα
529 1233 661 1281 μᾶλλον
687 1233 757 1269 τῶν
775 1231 987 1270 ἐλασσόνων.
1011 1232 1090 1269 Τῶν
1120 1230 1156 1268 δὲ
1178 1229 1285 1283 ὀρέων

232 1292 358 1346 ἔνυδρα
390 1291 434 1330 τὰ
466 1293 615 1329 πλεῖστα
644 1290 704 1329 καὶ
732 1289 794 1334 τὰς
828 1289 1001 1341 ὑπωρείας
1031 1291 1287 1342 καθυγροτέρας

231 1354 300 1390 τῶν
323 1353 520 1402 ἀκρωρειῶν
542 1350 725 1402 ὑπάρχειν,
746 1348 806 1387 καὶ
822 1348 864 1387 τὰ
887 1349 996 1387 δασέα
1017 1348 1076 1387 καὶ
1106 1348 1150 1387 τὰ
1177 1349 1286 1387 κατά·

234 1411 357 1462 δενδρα
377 1412 444 1448 τῶν
464 1410 591 1461 ψιλῶν.
610 1410 632 1459 §
653 1416 690 1448 2.
709 1408 767 1446 Τὰ
788 1407 823 1446 δὲ
841 1410 874 1447 ἐν
893 1413 962 1450 τοῖς
985 1407 1114 1452 πεδίοις
1129 1408 1287 1460 εὑρισκό-

235 1485 323 1519 μενα
342 1471 411 1507 τῶν
432 1468 565 1506 ὑδάτων
587 1466 727 1518 ἁλμυρὰ
742 1470 786 1510 ὡς
803 1466 859 1504 ἐπὶ
879 1466 918 1504 τὸ
934 1466 1041 1514 πολύ,
1057 1465 1101 1505 τὰ
1118 1467 1152 1505 δὲ
1169 1469 1203 1506 ἐν
1218 1473 1287 1511 τοῖς

234 1527 329 1580 ὄρεσι
346 1528 405 1566 καὶ
425 1533 500 1571 ταῖς
516 1528 702 1578 ὑπωρείαις
715 1526 846 1576 γλυκέα
857 1542 864 1550 ·
882 1524 941 1563 ἐὰν
956 1525 1004 1576 μή
1019 1541 1121 1564 τινων
1135 1530 1156 1572 ἡ
1171 1530 1288 1577 γεῦσις

235 1585 417 1638 φθείρηται
438 1586 494 1624 διὰ
514 1585 576 1630 τὴν
603 1587 672 1623 τῶν
693 1584 921 1635 ἐπικειμένων
953 1585 1087 1622 ὑδάτων
1111 1584 1264 1632 ἰδιότητα
1277 1615 1287 1634 ,

235 1643 389 1694 ὦμῶν,ἢ
407 1644 573 1695 ἁλμυρῶν
588 1643 829 1696 ὑπαρχόντων,
846 1642 868 1690 ἢ
885 1644 1073 1694 νιτρωδῶν,
1093 1642 1115 1690 ἢ
1133 1659 1285 1690 στυπτη-

237 1703 313 1755 ρίαν
345 1703 509 1756 ἐχόντων,
529 1701 551 1750 ἢ
574 1706 679 1750 θεῖον,
703 1702 726 1750 ἢ
748 1703 834 1741 ἄλλο
853 1719 887 1742 τι
911 1705 981 1741 τῶν
1004 1702 1187 1741 τοιούτωνῖ
1204 1704 1226 1754 S
1253 1711 1288 1743 3.

236 1762 398 1805 Φυσικὰς
422 1762 457 1800 δὲ
477 1767 546 1806 τοῖς
565 1762 758 1814 εἰρημένοις
779 1762 891 1806 αἰτίας
911 1762 1047 1800 τοιάσδε
1065 1762 1290 1815 προσάπτου-

236 1837 307 1873 σιν,
342 1821 412 1860 ἀπὸ
443 1824 512 1860 τῶν
546 1822 681 1861 ὑδάτων
719 1822 759 1860 τὸ
788 1821 1112 1874 λεπτομερέστατον
1146 1822 1200 1860 ἀεὶ
1230 1822 1290 1860 καὶ

238 1881 472 1934 ἐλαφρότατον
494 1882 606 1920 ἕλκειν
626 1881 682 1920 τὸν
703 1880 814 1927 ἥλιον.
844 1882 866 1930 §
889 1891 926 1920 4.
949 1880 1005 1919 Τὰ
1027 1880 1089 1929 μὲν
1110 1873 1168 1919 οῦν
1188 1882 1291 1919 πεδία

238 1942 279 1979 δι’
298 1940 382 1987 ὅλης
402 1940 575 1992 ἐπέχοντα
595 1942 656 1986 τῆς
672 1940 806 1992 ἡμέρας
822 1939 879 1978 τὸν
903 1939 1000 1986 ἥλιον
1025 1938 1224 1991 ἐξαμέλγειν
1254 1940 1292 1978 τὸ

239 1999 340 2051 ὑγρὸν
354 1999 413 2038 καὶ
429 1999 639 2051 ἐξατμίζειν,
657 1999 731 2037 ὅθεν
749 1999 794 2038 τὰ
817 1999 880 2050 μὲν
897 1999 1020 2042 τελέως
1035 1998 1164 2051 ἄνυδρα
1183 2000 1293 2052 ὑπάρ-

238 2073 312 2110 χει,
333 2060 367 2096 ἐν
389 2052 437 2102 οἶς
457 2059 493 2096 δὲ
518 2058 772 2097 καταλείπεταί
791 2074 867 2096 τινα
889 2061 958 2097 τῶν
978 2058 1127 2105 ὑδάτων,
1151 2058 1293 2111 ἁλμυρὰ

241 2116 434 2170 εὑρίσκεται
455 2117 613 2166 πάντως,
638 2121 697 2155 τοῦ
719 2118 869 2170 ἐλαφροῦ
890 2117 948 2156 καὶ
968 2118 1111 2167 γλυκέος
1129 2117 1163 2162 ἐξ
1179 2119 1292 2156 αὐτῶν

285 2253 314 2278 1.
336 2246 539 2278 Democritus
566 2245 610 2277 ait
640 2245 819 2285 exspectari
844 2248 1012 2286 oportere,
1039 2246 1134 2277 talem
1153 2246 1294 2278 suturam

243 2311 315 2335 esse
339 2302 477 2335 hiemem
491 2326 500 2341 ‚
523 2302 626 2343 qualis
647 2301 714 2334 dies
740 2302 913 2335 vicesimus
934 2305 1069 2343 quartus
1095 2303 1213 2334 mensis
1232 2305 1296 2335 No-

243 2361 384 2394 vembris
403 2362 512 2393 ruerit.

286 2424 317 2453 2.
342 2422 388 2452 De
404 2429 495 2460 aquae
509 2419 726 2461 inquisitione,
742 2420 793 2452 vel
814 2422 849 2452 ut
865 2419 919 2452 alii
935 2420 1058 2460 dicunt,
1075 2420 1294 2461 investigatio-

245 2488 286 2511 ne
303 2488 388 2511 nunc
411 2479 617 2511 disseremus.
634 2479 697 2520 Qui
723 2480 807 2511 enim
827 2488 984 2521 aquarum
1002 2480 1296 2521 investigandarum

248 2538 393 2579 peritiam
406 2537 492 2569 nacti
504 2539 593 2577 sunt,
606 2540 814 2578 pronuntiant
825 2538 956 2580 quidem
967 2547 1097 2580 campos
1107 2539 1298 2580 plerumque

249 2596 340 2636 aquis
361 2604 488 2635 carere,
507 2599 539 2628 et
561 2597 697 2636 majores
725 2597 826 2637 magis
845 2597 1035 2630 minoribus.
1065 2599 1111 2629 Ex
1132 2597 1299 2631 montibus

251 2663 326 2686 vero
350 2655 505 2694 plurimos
520 2663 589 2687 esse
603 2663 739 2696 aquosos
756 2657 789 2688 et
807 2655 889 2688 imas
905 2656 1048 2697 ipsorum
1074 2658 1180 2698 partes
1196 2657 1300 2688 hnmi-

250 2711 357 2745 diores
375 2721 473 2753 quam
490 2721 652 2753 summas,
670 2716 823 2754 praeterea
839 2713 956 2746 densos
982 2716 1108 2748 montes
1129 2716 1227 2756 atque
1243 2723 1295 2747 ar-

252 2770 382 2804 boribus
395 2772 498 2803 tectos
514 2771 612 2811 magis
627 2771 774 2804 humidos
783 2780 855 2804 esse
870 2782 967 2814 quarn
979 2773 1095 2806 nudos.
1111 2777 1213 2815 Aquae
1226 2783 1300 2806 vero

252 2837 325 2868 qum
342 2827 375 2860 in
394 2828 516 2869 campis
532 2830 744 2870 reperiuntur,
763 2833 799 2862 ut
815 2831 988 2872 plurimum
1004 2832 1098 2864 salsae
1115 2834 1210 2871 sunt,
1226 2841 1302 2873 quae

252 2888 360 2918 autem
376 2886 410 2919 iu
429 2887 592 2919 montibus
617 2891 649 2919 et
677 2888 749 2920 imis
770 2897 882 2920 eorum
907 2889 1072 2929 partibus,
1090 2889 1223 2922 dulces:
1240 2890 1301 2921 nisi

252 2945 432 2986 aliquarum
461 2953 556 2986 sapor
586 2948 809 2987 corrumpatur
847 2947 1102 2980 incumbentium
1143 2957 1301 2989 aquarum

255 3004 469 3045 proprietate,
483 3003 656 3036 crudarum
676 3006 732 3036 aut
758 3005 912 3037 salsarum
927 3008 984 3038 aut
1009 3006 1222 3047 nitratarum,
1248 3011 1303 3038 aut

254 3063 502 3096 aluminatarum
515 3087 525 3104 ,
542 3066 599 3095 aut
610 3063 745 3104 sulphur
760 3065 816 3096 aut
829 3064 914 3095 aliud
929 3064 1087 3105 ejusmodi
1108 3066 1299 3106 gerentium.

254 3121 422 3154 Naturales
434 3123 541 3154 autem
555 3130 667 3153 causas
680 3130 790 3153 eorum
805 3131 877 3163 quae
887 3118 1030 3155 diximus
1042 3123 1120 3155 tales
1136 3124 1295 3156 afferunt:

254 3179 356 3211 solem
369 3188 407 3211 ex
421 3180 514 3220 aquis
525 3188 652 3221 semper
662 3179 692 3211 id
703 3179 789 3220 quod
805 3180 1030 3213 tenuissimum
1046 3190 1084 3214 ac
1103 3181 1303 3232 levissimpm

256 3241 306 3270 est
321 3238 493 3271 attrahere.
507 3241 613 3276 Quare
625 3247 727 3279 quum
743 3247 873 3279 campos
891 3248 945 3279 per
962 3241 1064 3271 totum
1081 3239 1165 3272 diem
1182 3241 1230 3273 sol
1248 3250 1305 3273 oc·

258 3298 355 3338 supet
365 3321 375 3337 ,
393 3296 562 3329 humorem
575 3306 615 3329 ex
631 3297 668 3329 iis
681 3297 842 3338 emulgere
856 3299 889 3331 et
905 3298 937 3330 in
955 3307 1106 3339 vaporem
1119 3299 1304 3341 dissolvere,

257 3356 332 3388 inde
345 3355 412 3388 lieri
425 3379 434 3395 ,
452 3359 487 3388 ut
502 3355 633 3397 quidam
648 3356 777 3398 penitus
795 3357 892 3398 aquis
903 3361 1048 3398 careant,
1066 3358 1121 3390 sed
1142 3357 1177 3390 in
1189 3358 1306 3400 quibus

257 3414 379 3455 aliquid
396 3415 547 3456 supersit,
565 3414 596 3447 id
616 3414 745 3448 omnino
757 3416 876 3448 salsum
891 3416 1079 3458 reperiatur,
1093 3417 1154 3449 levi
1168 3426 1206 3449 ac
1219 3417 1305 3449 dulci

259 3480 299 3504 ex
318 3473 396 3515 ipsis
420 3476 610 3516 consumto,
623 3475 897 3523 quemadmodum
917 3475 1014 3508 etiam
1035 3476 1114 3508 mari
1133 3476 1305 3517 contingat.

1346 701 1640 751 ἀναλισκομένου,
1660 700 1820 754 καθάπερ
1838 701 1899 739 καὶ
1915 700 2006 738 κατὰ
2025 699 2088 747 τὴν
2107 700 2288 740 θάλασσαν
2311 716 2427 750 συμμ

1345 760 1489 807 ὅέὸηκε.
1514 762 1535 811 §
1558 768 1596 800 5.
1616 759 1674 800 Τὰ
1695 758 1731 799 δὲ
1760 761 1796 799 ἐν
1815 765 1886 803 τοῖς
1912 759 2028 812 ὄρεσιν
2054 759 2137 799 ὄντα
2165 761 2235 798 τῶν
2263 759 2400 798 ὑδάτων

1347 818 1395 869 μὴ
1418 818 1457 857 τὸ
1477 818 1562 857 αὐτὸ
1592 817 1756 871 πάσχειν,
1775 818 1831 856 διὰ
1858 818 1897 858 τὸ
1921 818 1971 870 μὴ
2002 818 2045 857 δι’
2068 817 2151 865 ὅλης
2177 821 2239 864 τῆς
2269 818 2426 870 ἡμέρας’

1347 880 1580 928 ἐκπυροῦσθαι
1598 880 1640 930 τῇ
1658 878 1789 925 ἀκτῖνι,
1809 878 1869 917 καὶ
1889 878 2098 930 κεκλιμένην
2118 880 2233 922 αὐτοῖς
2260 877 2322 917 καὶ
2353 876 2403 928 μὴ

1349 936 1466 989 βιαίαν
1486 937 1735 987 προσπίπτειν.
1756 935 1865 976 εΌθεν
1883 938 1927 975 τὰ
1946 937 2031 990 πρὸς
2049 937 2174 989 ἄρκτον
2197 935 2324 988 ἔχοντα
2343 936 2406 981 τὰς

1346 997 1477 1041 κλίσεις
1498 995 1703 1049 εὐυδρότερα
1724 998 1792 1035 τῶν
1818 996 1903 1049 πρὸς
1934 995 2161 1048 μεσημὸρίαν
2189 994 2404 1045 κεκλιμένων

1348 1055 1620 1109 ἀποφαίνονται,
1651 1054 1712 1094 καὶ
1753 1054 1799 1094 τὰ
1829 1056 1915 1108 πρὸς
1952 1055 2123 1099 ἀνατολὰς
2153 1054 2213 1093 καὶ
2245 1054 2403 1106 δυσμάς,

1347 1110 1456 1163 ἧσσον
1480 1115 1542 1165 μὲν
1572 1118 1640 1153 τῶν
1670 1114 1755 1165 πρὸς
1778 1115 1916 1167 ἄρκτον,
1936 1115 2055 1153 πλεῖον
2076 1114 2112 1152 δὲ
2140 1116 2209 1153 τῶν
2230 1113 2315 1166 πρὸς
2342 1129 2405 1164 με·

1349 1174 1528 1227 σημῧρίαν
1548 1173 1778 1224 κεκλιμένων,
1796 1174 1856 1212 καὶ
1874 1174 1918 1213 τὰ
1939 1174 2048 1213 δασέα
2068 1175 2137 1212 τῶν
2156 1175 2268 1227 ψιλῶν
2289 1172 2347 1212 διὰ
2359 1173 2406 1213 *⁸1:⁸0

1350 1235 1566 1279 σκιάζεσθαι.
1586 1235 1607 1284 §
1629 1242 1667 1273 6.
1688 1233 1764 1278 Τὰς
1787 1234 1822 1272 δὲ
1854 1233 2028 1285 ὑπωρείας
2057 1235 2192 1284 μᾶλλον
2217 1233 2407 1286 καθύδρους

1351 1286 1438 1330 εἶναι
1460 1293 1514 1331 διὰ
1541 1293 1580 1331 τὸ
1605 1291 1668 1339 τὴν
1692 1291 1801 1346 φορὰν
1828 1294 1876 1338 εἷς
1893 1292 1933 1331 τὸ
1952 1294 2049 1331 κάτω
2072 1292 2175 1344 μέρος
2195 1297 2265 1334 τοῖς
2285 1291 2406 1331 ὕδασιν

1350 1345 1439 1390 εἷναι
1455 1381 1465 1398 ,
1492 1351 1552 1391 καὶ
1580 1352 1788 1403 συνάγεσθαι
1809 1352 1850 1390 τὰ
1870 1352 1940 1391 ἀπὸ
1965 1354 2035 1390 τῶν
2056 1353 2198 1405 ὑψηλῶν
2220 1351 2267 1394 εἷς
2286 1351 2325 1390 τὸ
2343 1366 2408 1390 τα·

1350 1410 1483 1457 πεινόν,
1505 1410 1566 1448 καὶ
1586 1410 1654 1448 ὑπὸ
1673 1410 1737 1454 τὰς
1755 1411 1848 1463 ῥίζας
1867 1412 1937 1449 τῶν
1957 1410 2080 1462 ὀρέων.
2108 1411 2130 1460 §
2158 1417 2197 1450 7.
2217 1407 2327 1449 αἱὍθεν
2347 1410 2407 1448 καὶ

1351 1468 1412 1513 τὰς
1440 1468 1607 1513 πλείστας
1634 1468 1750 1519 πηγὰς
1782 1468 1842 1507 καὶ
1875 1468 2042 1521 μεγίστας
2073 1470 2108 1507 ἐν
2142 1469 2213 1513 τοῖς
2240 1468 2408 1512 τοιούτοις

1350 1529 1468 1570 τόποις
1488 1527 1673 1580 ὑπάρχειν,
1696 1529 1731 1566 ἐν
1749 1521 1796 1571 οἶς
1816 1527 2051 1581 ὑπερκείμενά
2072 1528 2164 1568 ἐστιν
2185 1526 2247 1579 ὄρη
2269 1527 2409 1579 μεγάλα

1351 1587 1411 1625 καὶ
1443 1585 1561 1639 ὑψηλὰ
1587 1586 1647 1624 καὶ
1677 1587 1812 1636 δασέα,
1835 1587 1959 1639 ἔχοντα
1978 1586 2112 1630 κοίλους
2138 1585 2199 1624 καὶ
2218 1585 2409 1639 φαραγγώ-

1355 1646 1421 1689 δεις
1437 1646 1577 1690 τόπους.
1600 1644 1664 1684 Ἐν
1683 1644 1750 1698 γὰρ
1768 1646 1838 1689 τοῖς
1859 1644 2025 1689 τοιούτοις
2044 1643 2121 1688 τοὺς
2141 1646 2220 1683 κατ’
2241 1644 2314 1688 ἔτος
2325 1660 2410 1684 συν-

1356 1705 1546 1755 αγομένους
1576 1703 1727 1756 ὄμῧρους
1757 1703 1818 1743 καὶ
1847 1704 2090 1756 διηθουμένους
2119 1703 2213 1743 κατὰ
2251 1707 2316 1755 γῆς
2345 1703 2409 1749 τὰς

1355 1764 1468 1817 πηγὰς
1490 1762 1619 1808 αὔξειν.
1645 1765 1666 1814 §
1689 1771 1725 1804 8.
1745 1766 1780 1804 Τ
1783 1762 1838 1802 ινὰ
1857 1763 1893 1802 δὲ
1910 1766 1978 1802 τῶν
1996 1764 2131 1803 ὑδάτων
2160 1762 2260 1816 παρὰ
2279 1763 2410 1807 ταύτας

1357 1823 1419 1873 μὲν
1439 1823 1502 1867 τὰς
1519 1823 1693 1875 ὑπωρείας
1713 1821 1763 1874 μὴ
1783 1824 1915 1877 ἐκφανῆ
1936 1823 2111 1875 γίνεσθαι,
2130 1823 2354 1874 ποιησάμενα
2372 1820 2409 1860 δὲ

1356 1882 1419 1925 ἕως
1439 1881 1529 1926 τινὸς
1549 1881 1728 1935 ὑποφορὰν
1754 1882 1846 1921 κατὰ
1866 1884 1953 1934 γῆς,
1981 1882 2088 1926 οὕτως
2120 1884 2167 1926 εἷς
2193 1881 2233 1921 τὸ
2263 1880 2410 1935 φανερὸν

1356 1940 1591 1981 ἐκθλίὸεσθαι.
1612 1940 1664 1980 Τὸ
1685 1940 1721 1979 δὲ
1740 1940 1897 1988 σύνολον,
1920 1940 1979 1979 διὰ
2007 1940 2066 1980 τὸν
2099 1942 2271 1991 ἀνάγοντα
2304 1939 2410 1980 τόπον

1357 1999 1419 2043 ἕως
1431 1999 1621 2046 θαλάττης,
1637 1999 1788 2052 φανέντα
1803 1999 2047 2050 ἐξο)θεῖσθαι.ᾗ
2067 2006 2102 2038 9.
2113 1999 2206 2039 Τινὰ
2222 1999 2258 2040 δὲ
2275 1999 2337 2038 καὶ
2353 1998 2412 2039 ἐπὶ

1358 2057 1419 2104 τὴν
1435 2059 1611 2097 θάλατταν
1626 2059 1682 2096 διὰ
1692 2061 1754 2105 τῆς
1764 2062 1828 2110 γῆς
1842 2059 1899 2097 ἐπὶ
1911 2057 2019 2097 πολὺν
2031 2059 2137 2097 τόπον
2153 2062 2186 2098 ἐν
2198 2064 2273 2102 ταῖς
2286 2058 2412 2112 φλεψὶν

1359 2116 1542 2170 ἐνεχθέντα
1572 2117 1680 2160 οὕτως
1711 2117 1897 2168 ἀναῦλύει,
1920 2117 2079 2169 καθάπερ
2108 2117 2200 2156 ἐστὶν
2227 2119 2261 2156 ἐν
2278 2117 2413 2170 Ἀράδῳ

1358 2249 1397 2279 At
1412 2257 1475 2279 non
1492 2247 1577 2279 idem
1593 2247 1753 2279 montium
1771 2246 1863 2287 aquis
1875 2246 2022 2286 evenire,
2040 2245 2158 2287 quippe
2175 2254 2250 2286 qnae
2271 2254 2335 2278 non
2356 2254 2413 2287 per

1358 2310 1461 2338 totum
1479 2306 1564 2338 diem
1582 2306 1657 2338 solis
1679 2305 1775 2338 radiis
1791 2305 1977 2344 exurantur,
1995 2307 2028 2337 et
2042 2304 2084 2337 ad
2100 2313 2181 2346 quas
2197 2303 2340 2337 inclinati
2353 2311 2413 2337 nec

1359 2365 1515 2397 violenter
1535 2352 1695 2396 accidant.
1725 2363 1819 2397 Unde
1841 2363 1937 2396 etiam
1959 2365 2085 2395 montes
2102 2363 2141 2394 ad
2163 2363 2412 2403 septentrionem

1360 2424 1495 2456 innexos
1511 2423 1548 2455 iis
1571 2424 1625 2464 qui
1644 2423 1685 2455 ad
1703 2423 1868 2455 meridiem
1892 2426 2029 2462 vergunt
2044 2422 2230 2461 aquosiores
2254 2429 2324 2454 esse
2345 2424 2413 2454 sla-

1358 2484 1458 2515 tnunt
1469 2508 1478 2522 ‚
1492 2482 1635 2524 itemque
1653 2491 1763 2514 versus
1782 2482 1940 2513 orientem
1957 2476 1990 2513 et
2002 2480 2203 2513 occidentem
2216 2481 2294 2513 sitos
2305 2479 2414 2513 minus

1360 2541 1491 2583 quidem
1509 2550 1646 2582 aquosos
1662 2541 1910 2581 septentrionem
1930 2539 2168 2581 spectantibus,
2183 2538 2285 2579 magis
2302 2541 2412 2582 autem

1360 2602 1399 2633 ad
1416 2600 1583 2633 meridiem
1601 2599 1780 2640 inclinatis,
1799 2603 1831 2631 et
1844 2598 1959 2631 densos
1971 2598 2142 2630 arboribus
2159 2598 2259 2638 magis
2274 2605 2414 2638 aquosos

1360 2668 1460 2700 quam
1478 2660 1603 2698 nudos,
1619 2658 1772 2699 quoniam
1788 2657 2035 2690 obumbrentur.
2056 2658 2216 2689 Caeterum
2228 2656 2311 2688 imas
2323 2663 2413 2688 mon-

1363 2719 1443 2750 tium
1470 2721 1576 2759 partes
1604 2717 1707 2758 magis
1735 2725 1871 2757 aquosas
1901 2725 1972 2749 esse.
1983 2740 1993 2756 ,
2022 2717 2189 2756 propterea
2211 2715 2297 2756 quod
2320 2722 2414 2756 aquoe

1360 2777 1510 2809 deorsum
1530 2777 1674 2809 ferantur
1690 2778 1723 2808 et
1741 2784 1814 2817 quae
1831 2776 1862 2807 in
1879 2775 1953 2807 altis
1972 2775 2051 2806 locis
2072 2775 2147 2814 sint,
2165 2773 2204 2806 ad
2224 2773 2361 2806 humiles
2381 2775 2415 2806 et

1362 2835 1423 2868 sub
1441 2835 1526 2877 ipsas
1545 2836 1706 2867 montium
1728 2834 1848 2867 radices
1866 2836 2109 2874 congregentur.
2164 2832 2244 2864 Inde
2268 2831 2336 2864 fieri
2348 2854 2359 2871 ,
2376 2820 2413 2864 ut

1364 2894 1493 2935 plurimi
1511 2894 1708 2934 maximique
1724 2893 1827 2924 fontes
1845 2893 1876 2924 in
1896 2892 2051 2932 ejusmodi
2070 2891 2253 2932 regionibus
2270 2893 2411 2930 exstent,

1363 2953 1482 2994 quibus
1499 2954 1623 2985 montes
1639 2952 1747 2992 magni
1763 2951 1882 2991 altique
1895 2960 1932 2982 ac
1947 2950 2038 2983 densi
2053 2950 2130 2981 loeis
2147 2948 2295 2981 concavis
2309 2951 2343 2981 et
2358 2957 2414 2980 vo·

1365 3007 1517 3047 raginosis
1543 3006 1681 3046 insignes
1697 3005 1983 3047 superincubantes
2005 3003 2215 3044 reperiantur.
2239 3005 2276 3035 ln
2295 3002 2415 3036 talibus

1364 3066 1448 3098 enim
1465 3065 1585 3098 imbres
1604 3073 1661 3106 per
1677 3072 1797 3096 annum
1819 3063 1969 3095 collectos
1988 3063 2085 3103 atque
2112 3062 2144 3093 in
2171 3063 2289 3094 terram
2314 3070 2415 3102 pene·

1364 3125 1486 3157 trantes
1497 3148 1507 3164 ,
1518 3123 1622 3156 tontes
1633 3131 1760 3164 augere.
1775 3122 1935 3160 Quasdam
1953 3130 2028 3153 vero
2046 3129 2147 3161 aquas
2165 3120 2247 3152 circa
2262 3120 2320 3153 lias
2335 3121 2416 3154 imas

1365 3183 1523 3215 montium
1553 3184 1657 3225 partes
1688 3191 1753 3214 nou
1780 3189 1952 3222 apparere,
1974 3188 2085 3211 verum
2116 3180 2170 3211 ubi
2190 3179 2272 3211 intra
2297 3181 2416 3228 terram

1366 3243 1569 3283 aliquatenus
1596 3240 1767 3274 subductae
1800 3248 1930 3271 cursum
1957 3239 2162 3279 perfecerint,
2186 3241 2254 3269 tum
2283 3237 2416 3270 demum

1368 3308 1584 3341 prorumpere.
1599 3301 1637 3332 In
1647 3299 1831 3331 universum
1845 3299 1954 3329 autem
1971 3297 2075 3328 locum
2090 3296 2129 3327 ad
2146 3305 2233 3328 mare
2246 3296 2416 3328 ducentem

1368 3358 1400 3390 in
1419 3367 1516 3391 causa
1531 3366 1620 3398 esse,
1641 3359 1677 3390 ut
1693 3346 1867 3398 appareant
1880 3356 1912 3387 et
1927 3355 2154 3396 propellantur.
2170 3354 2326 3393 Quaedam
2341 3362 2418 3386 vero

1368 3419 1400 3449 et
1419 3417 1450 3449 in
1469 3426 1559 3450 mare
1578 3426 1634 3458 per
1652 3416 1781 3456 longum
1800 3417 1894 3448 terrae
1921 3415 2059 3446 tractum
2085 3413 2116 3445 in
2144 3413 2234 3445 venis
2254 3412 2416 3454 perductoe

1369 3476 1415 3507 sic
1433 3476 1560 3508 tandem
1590 3476 1781 3516 erumpunt,
1800 3473 1902 3515 qualis
1930 3475 1978 3505 est
1998 3472 2129 3514 aquatio
2149 3480 2247 3513 prope
2275 3470 2419 3504 Aradum

1304 3534 1380 3577 ξιτ-ι
1416 3570 1419 3574 .
