2612 3814
681 283 736 321 IN
768 281 1098 321 EMPEDOCLIS
1130 281 1411 321 CARMINUM
1445 281 1741 329 RELIQUIAS.
2268 289 2318 322 45

140 372 198 418 οῧν
225 377 255 417 δ’
277 370 320 415 a&
341 376 540 414 mendose.
561 373 724 423 Vulgata
748 374 782 411 ἐν
810 374 855 424 τῇ
890 370 932 418 δὴ
954 371 1123 410 refertur
1143 371 1191 410 ad

138 435 313 490 φιλότητι,
348 434 424 473 Sed
457 440 614 485 praestat
643 432 860 482 Bergkiana
887 431 1108 470 emendatio
1129 430 1195 469 ἔνθ’

138 497 208 545 ἤδη
233 509 348 548 quam
367 491 456 532 cum
473 492 623 531 Steinio
640 492 682 529 in
705 490 922 530 verborum
943 491 1124 529 ordinem
1137 504 1197 529 re-

138 556 240 608 cepi.
266 554 361 595 Τάδε
387 552 504 592 πάντα
533 559 621 590 sunt
647 551 839 589 elementa
858 563 1073 602 eorumque
1095 563 1195 602 qua-

138 616 280 654 litates.
1022 611 1025 613 ’

190 673 255 713 Vs.
281 678 371 723 194.
395 673 458 710 οὐκ
485 671 596 725 ἄφαρ,
626 671 704 709 ἀλλ’
726 670 884 720 ἕθελημὰ
914 671 1019 723 κτλ.]
1038 670 1197 710 Variant

137 731 247 772 libri.
261 731 356 770 Nam
378 731 503 769 Aldus
521 731 562 768 in
580 730 643 769 ed.
664 730 784 782 Phys.
805 731 867 768 οὐκ
879 729 974 783 ἄφαρ
996 729 1088 768 ἀλλὰ
1107 730 1199 769 θέλι-

137 804 232 843 μνα;
258 791 356 831 Cod.
388 791 464 830 Ox.
496 793 544 828 A.
571 790 734 841 θέλημα;
766 790 897 829 Oxon.
921 790 967 829 B.
998 790 1062 828 οὔκ
1095 789 1195 843 ἄφορ’

137 849 229 889 ἀλλὰ
240 850 394 902 θέλημα.
409 851 443 888 Τ
446 863 531 889 aur.
544 850 605 888 οὒκ
617 848 718 902 ἄφορ’
732 851 809 888 ἀλλ’
825 848 995 899 ἕθέλημα.
1011 849 1194 889 Brandis.

137 903 261 950 schol.
278 911 306 950 l.
329 925 363 951 c.
385 912 447 948 οὐκ
475 908 585 962 ἄφαρ,
611 907 688 946 ἀλλ’
711 908 879 959 ἐθέλημα.
913 908 1093 946 Sturzius
1112 908 1196 946 edi-

137 970 196 1008 dit
223 982 232 1009 :
256 970 318 1008 οὐκ
336 968 444 1022 ἄφαρ,
465 967 555 1007 ἀλλὰ
576 966 751 1018 θέλυμνα,
774 967 980 1019 Peyronus
1001 968 1064 1005 οὒκ
1090 966 1196 1020 ἄφορ’

137 1028 231 1068 ἀλλὰ
255 1027 425 1079 θέλυμνα,
451 1027 679 1066 Karstenius
700 1027 763 1065 οὒκ
778 1027 889 1081 ἄφαρ,
905 1026 983 1065 ἀλλ’
1005 1026 1195 1077 ἐθελυμνᾶ.

137 1089 286 1140 Scripsi
319 1089 517 1138 flagitante
550 1087 743 1125 sententia
771 1100 858 1125 cum
892 1085 1196 1125 Panzerbietero

137 1157 176 1187 et
194 1148 343 1187 Steinio
361 1149 423 1186 οὐκ
445 1146 551 1200 ἄφαρ,
575 1147 655 1184 ἀλλ’
677 1144 847 1195 ἐθελημά.
866 1145 1064 1183 Praeterea
1088 1161 1196 1183 συνι-

139 1208 283 1259 στάμεν’
314 1207 468 1246 codices
492 1205 667 1258 praebent
686 1205 793 1257 quod
812 1204 991 1243 Sturzius
1024 1219 1106 1243 non
1133 1205 1197 1243 de-

137 1267 255 1306 bebat
270 1269 311 1305 in
333 1265 540 1304 συνίσταται
554 1274 720 1304 mutare.
743 1264 922 1315 Denique
939 1263 1084 1302 ἄλλοθεν
1104 1263 1196 1303 ἄλλα

139 1327 260 1366 codex
279 1325 537 1364 Taurinensis
563 1332 601 1363 et
626 1323 880 1372 Brandisiu53
911 1324 1058 1375 reliqui
1091 1323 1196 1363 ἄλλο·

138 1390 193 1425 θεν
213 1386 313 1425 ἄλλο.

189 1445 255 1485 Vs.
281 1446 370 1496 195.
406 1444 615 1496 Ejecerunt
642 1443 748 1482 hunc
766 1457 922 1482 versum
952 1443 1142 1493 Bergkius
1162 1453 1199 1482 et

137 1505 458 1544 Schneidewinus
483 1505 552 1556 qui
574 1517 637 1543 vs.
659 1505 732 1542 162
758 1503 823 1542 hic
842 1504 1043 1554 interponi
1066 1503 1197 1555 jussit.

138 1566 188 1603 At
209 1564 334 1603 multo
351 1565 442 1616 plus
459 1565 564 1603 valet
595 1563 820 1616 μισγομένων
846 1577 963 1615 quam
982 1563 1198 1616 συνερχομέ-

137 1639 221 1664 νων.
244 1623 319 1662 Hic
338 1637 434 1662 vero
454 1632 606 1675 poetam
627 1622 849 1675 μισγομένων
879 1636 1061 1661 exarasse
1078 1636 1193 1673 argu-

138 1692 268 1722 mento
309 1692 398 1722 sunt
435 1684 638 1735 sequentia
679 1682 796 1722 πολλὰ
837 1682 866 1720 δ’
902 1682 1024 1735 ἄμιχθ’
1057 1681 1197 1731 ἕστηκε.

138 1744 478 1783 Schneidewinum
497 1744 670 1782 Steinius
690 1751 845 1781 secutus
865 1751 935 1782 est.

190 1803 258 1844 Vs.
282 1805 475 1855 196-197.
496 1801 611 1842 πολλὰ
631 1801 660 1840 δ’
680 1801 803 1854 ἄμιχθ’
821 1801 927 1853 κτλ.]
943 1801 1045 1840 Satis
1066 1815 1198 1840 emen-

140 1863 228 1901 date
241 1863 284 1901 hi
302 1876 439 1902 versus
461 1862 645 1912 leguntur
664 1862 706 1900 in
730 1861 853 1912 Phys.
879 1861 942 1900 ed.
963 1861 1054 1900 Ald.
1083 1860 1199 1899 πολλὰ

139 1921 175 1960 δὲ
191 1920 267 1971 ἅμα
283 1920 491 1968 κατεστήκει
510 1921 599 1961 cod.
618 1921 761 1969 Taur.;
777 1920 893 1958 πολλὰ
917 1921 947 1958 δ’
965 1919 1087 1970 ἄμικτ’
1105 1919 1196 1958 Ald.

139 1981 252 2021 codd,
267 1981 371 2021 ABD
388 2011 398 2029 ‚
422 1982 514 2019 item
535 1981 712 2019 Sturzius
726 1989 764 2018 et
782 1980 1012 2018 Karstenius
1027 1994 1037 2026 3
1062 1977 1198 2028 ἄμικτα

138 2040 389 2091 Brandisius‚
429 2039 551 2092 ἄμιχθ’
581 2039 906 2078 Panzerbieterus
936 2048 974 2077 et
1004 2037 1195 2077 Steinius.

139 2098 295 2146 κατέστη
318 2100 406 2139 cod.
430 2100 485 2148 C;
505 2099 582 2138 ἔστι
601 2100 691 2140 cod.
723 2101 772 2139 D.
808 2098 1077 2151 κερααμένοισιν
1107 2098 1196 2137 cod.

140 2161 197 2208 A;
228 2158 538 2213 κεκερασμένοισιν
581 2159 697 2198 codd.
727 2159 772 2198 C.
807 2158 865 2206 D3
901 2156 1198 2210 κεραϊζομένοισιν

139 2219 227 2259 cod.
267 2218 409 2268 Taur.;
450 2217 766 2271 κερασσαμένοισιν
799 2217 890 2257 Ald.
924 2226 962 2255 et
997 2216 1196 2264 Sturzius‚

139 2278 453 2332 κερασσομένοισιν
481 2278 757 2324 Gaisfordius,
791 2276 1072 2330 κεραιομένοισιν
1107 2276 1195 2315 cod.

139 2339 268 2381 Oxon.
293 2339 338 2378 B.
359 2339 464 2390 quod
493 2339 702 2377 ediderunt
738 2338 997 2385 Brandisius,
1037 2337 1197 2375 Karste-

140 2399 230 2437 nius
244 2426 255 2446 ‚
272 2398 461 2438 Steinius.
482 2397 646 2443 ἐναλλάξ.
664 2396 739 2436 ὅσσ’
755 2397 806 2437 ἔτι
825 2403 937 2442 νεῖκος
952 2395 1055 2450 ἔρυκε
1073 2396 1202 2448 μετάρ-

140 2471 226 2496 σιον·
248 2458 286 2495 οὗ
312 2457 380 2509 γὰρ
403 2455 600 2510 ἀμφαφέως
629 2456 719 2496 cod.
739 2456 866 2496 Taur.
894 2455 1088 2511 ἀμφαφέως
1108 2456 1196 2494 cod.

141 2517 186 2566 B,
221 2516 412 2569 ἀμεμφέως
455 2517 543 2556 cod.
585 2520 652 2564 A„
691 2518 784 2554 item
817 2516 957 2567 Aldus,
993 2516 1171 2555 Sturzius
1187 2544 1197 2563 ,

142 2576 397 2624 Karstenius‚
434 2576 648 2626 Bergkius;
668 2590 743 2614 non
773 2581 856 2613 sine
894 2578 1049 2626 querela
1079 2577 1198 2616 vertit

141 2634 346 2682 Morbeca,
367 2635 471 2672 unde
493 2635 557 2673 οὐκ
585 2632 782 2684 ἀμέμπτως
801 2633 998 2685 interpres
1028 2633 1076 2671 de
1097 2633 1196 2672 Coel.

143 2694 206 2733 ed.
239 2693 328 2733 Ald.
365 2692 427 2744 ἅμ’
457 2692 566 2746 ἀμφὶς
592 2691 786 2731 Panzerb.
821 2691 928 2743 quod
961 2691 1197 2743 recepimus.

142 2755 333 2794 Caeterum
355 2752 463 2804 quod
491 2753 539 2790 ad
562 2752 674 2797 νεῖκος
704 2750 890 2804 μετάρσιον
925 2751 1076 2797 attinet,
1104 2750 1196 2790 huic

142 2813 323 2864 opposita
341 2811 524 2864 ἠπιόφρων
541 2811 684 2864 φιλότης
703 2824 764 2850 vs.
786 2825 859 2849 201
872 2842 880 2851 .

194 2870 281 2910 vss.
308 2873 398 2922 198.
424 2871 637 2922 Sequentia
657 2871 699 2909 in
724 2870 826 2909 hanc
843 2871 1072 2909 sententiam
1097 2870 1201 2908 dicta

143 2943 226 2969 esse
250 2931 304 2968 ait
323 2930 551 2982 Simplicius
574 2930 622 2968 de
642 2929 751 2968 Coelo
778 2943 842 2982 ap.
870 2932 1041 2982 Peyron.
1070 2945 1110 2982 p.
1136 2930 1200 2978 37,

144 2988 249 3040 apud
274 2988 524 3028 Brandisium
544 3003 584 3041 p.
612 2989 706 3028 512.
729 3002 765 3029 a.
786 2988 924 3040 μήποτε
945 2983 1002 3027 οῧν
1024 2989 1087 3026 οὐκ
1102 2990 1136 3026 ἐν
1156 2991 1199 3040 τῇ

144 3048 351 3102 ἐπικρατείᾳ
365 3052 425 3096 τῆς
441 3048 559 3102 φιλίας
573 3052 684 3087 ταῦτα
698 3048 795 3100 λέγει
809 3047 966 3100 γίνεσθαι
982 3051 999 3087 ὃ
1015 3048 1202 3098 Ἐμπεδο-

145 3108 231 3155 κλῆς
244 3138 253 3155 ,
270 3111 318 3152 ὥς
337 3107 497 3160 ἐνόμισεν
517 3110 535 3146 ὁ
555 3107 799 3162 Ἀλέξανδρος,
826 3108 916 3149 ἀλλὰ
930 3108 1009 3147 τότε
1031 3109 1087 3146 ὅτε
1105 3106 1143 3145 οὔ
1151 3123 1204 3145 πω

144 3165 184 3204 τὸ
197 3169 312 3211 νεῖκος
330 3173 400 3207 πᾶν
432 3165 630 3215 ἐξεστήκειν
655 3169 732 3206 κτλ.
753 3168 886 3207 Variat
905 3169 1022 3207 lectio
1045 3182 1052 3205 :
1073 3167 1115 3206 τὸ
1133 3175 1203 3206 πᾶν

145 3225 324 3272 ἐξέστηξεν
346 3226 399 3265 ἐπ’
417 3226 549 3265 ἔστατα
569 3226 698 3266 κύκλου
723 3227 811 3267 cod.
833 3227 957 3266 'sautu
979 3227 1018 3264 τὸ
1038 3231 1108 3265 πᾶν
1129 3225 1202 3271 ἐξε-

149 3285 272 3332 στήκει
294 3285 474 3324 ἐπέστατα
502 3286 664 3337 τεύματα
691 3286 821 3325 κύκλου
842 3286 930 3324 cod.
951 3286 995 3324 B.
1029 3291 1099 3323 πᾶν
1131 3284 1204 3329 ἕξε-

147 3344 288 3391 στήκειν
317 3346 548 3384 Brandisius
569 3355 736 3398 utroque
750 3346 854 3384 loco.
873 3358 929 3382 πω
953 3349 1022 3380 πᾶν
1049 3343 1173 3381 Aldus
1189 3372 1199 3391 ‚

147 3403 236 3443 cod.
272 3405 320 3443 A.
353 3404 549 3452 Sturzius,
580 3405 833 3455 Karstenius,
865 3401 1202 3441 Panzerbietel'us.

147 3461 244 3501 οὔπω
262 3463 349 3502 cod.
371 3463 421 3503 D.
443 3464 477 3509 ἐς
492 3463 532 3502 τὸ
554 3463 624 3503 πὰν
646 3463 815 3515 conjecit
841 3462 1055 3512 Bergkius‚
1072 3461 1111 3499 τὸ
1133 3468 1202 3499 πᾶν

147 3521 417 3571 Petersenius,
439 3522 579 3568 πάντως
597 3523 779 3561 Steinius.
800 3522 874 3560 Sed
898 3522 929 3560 si
948 3521 1034 3572 quis
1057 3530 1146 3572 post
1164 3522 1202 3558 οὐ

1257 370 1324 424 γὰρ
1346 371 1407 422 ἅμ’
1429 370 1537 424 ἀμφὶς
1552 380 1672 422 ponat
1691 386 1748 408 πω
1769 376 1839 409 πᾶν
1868 369 2050 418 ἐξέστηκεν
2069 401 2079 421 ,
2113 372 2320 423 Simplicio

1257 431 1355 468 duce
1386 443 1482 468 usus
1520 430 1853 468 constructionem
1892 443 1973 467 non
2013 430 2317 469 insolentiorem

1259 489 1418 527 habebit
1451 502 1568 540 quam
1599 502 1686 539 quae
1706 497 1765 526 est
1796 488 1901 539 apud
1929 488 2143 525 Homerum
2173 489 2318 540 Odyss.

1258 548 1330 588 lib.
1353 548 1454 596 XVI,
1483 550 1552 586 161
1581 561 1590 587 :
1614 549 1652 586 οὗ
1679 545 1746 601 γάρ
1771 563 1829 586 πω
1851 546 2025 585 πάντεσσι
2046 546 2115 585 θεοὶ
2140 546 2322 599 φαίνονται

1258 608 1429 660 ἐναργεῖς.
1449 607 1523 659 (Cf.
1540 608 1753 647 Hermann.
1770 606 1818 645 ad
1836 606 1956 658 Soph.
1977 605 2040 657 Aj.
2058 606 2151 657 965.
2167 608 2178 657 )
2196 607 2322 645 Porro

1257 667 1313 705 ἐπ’
1343 666 1481 720 ἔσχατα
1509 667 1693 714 ἐξέστηκεν
1716 666 1893 705 Sturzius
1929 665 2159 717 perturbato
2175 665 2320 703 verbo-

1258 740 1345 765 rum
1367 726 1526 775 ordine,
1552 739 1668 778 quem
1689 726 1806 764 etiam
1826 726 1868 764 in
1887 724 2091 763 codicibus
2123 725 2250 763 Oxon.
2272 727 2319 765 A.

1257 788 1301 827 Β.
1326 789 1447 826 altero
1467 788 1557 826 loco
1582 787 1834 826 offendimus.
1860 785 1983 824 Iidem
2007 785 2101 823 libri
2126 799 2212 823 cum
2233 786 2321 825 cod.

1258 847 1292 883 D
1312 846 1355 885 in
1375 846 1474 886 οὔπω
1495 855 1732 897 congruunt.

1311 906 1377 947 Vs.
1399 921 1487 958 199.
1513 907 1605 945 ἀλλὰ
1622 907 1666 944 τὰ
1689 906 1752 957 μέν
1772 905 1802 944 τ’
1830 905 1997 957 ἐνέμιμνε
2023 904 2183 955 μελέων,
2205 905 2318 956 κτλ.]

1259 967 1374 1007 codd.
1394 968 1442 1007 A.
1462 967 1507 1007 C.
1530 968 1586 1014 D;
1606 966 1786 1017 ἐνέμιμνε,
1809 965 1944 1018 μελέων
1968 966 2058 1005 cod.
2077 966 2122 1005 B.
2143 966 2322 1004 Sturzius

1259 1026 1395 1076 μελέων
1423 1034 1568 1064 temere
1589 1026 1753 1064 mutavit
1775 1026 1817 1064 in
1848 1025 2000 1079 μερέων.
2019 1025 2096 1064 Eos
2117 1034 2244 1064 autem
2261 1038 2324 1063 er-

1262 1098 1367 1124 rasse
1379 1086 1626 1124 manifestum
1646 1095 1703 1124 est
1719 1086 1788 1137 qui
1804 1099 1851 1124 ex
1862 1086 2036 1124 hocloco
2046 1086 2326 1124 concluserunt

1259 1145 1536 1197 Empedoclem
1564 1154 1708 1198 praeter
1727 1145 1916 1184 mundum
1949 1155 2121 1184 creatum
2152 1146 2318 1184 ordina-

1260 1215 1421 1258 tumque
1444 1206 1626 1245 statuisse
1654 1205 1858 1255 indigestae
1877 1206 2050 1243 materiae
2071 1205 2229 1244 molem.
2254 1206 2318 1243 Sic

1260 1266 1364 1304 enim
1381 1265 1574 1304 Eusebius
1594 1265 1724 1316 Praep.
1747 1264 1900 1314 Evang.
1921 1263 2001 1311 XV,
2025 1265 2072 1302 33
2091 1278 2133 1316 p.
2158 1264 2232 1309 841
2256 1265 2290 1301 D
2308 1278 2316 1301 ε

1260 1324 1300 1363 τὸ
1321 1323 1357 1363 δὲ
1387 1324 1508 1365 λοιπὸν
1524 1323 1633 1377 ἀργὴν
1650 1317 1740 1362 εἶναι
1759 1322 1824 1370 τὴν
1851 1323 1950 1371 ὕλην.
1968 1323 2041 1361 Hic
2058 1336 2156 1362 vero
2182 1326 2323 1375 Empe-

1259 1385 1394 1423 docles
1421 1398 1500 1423 non
1521 1384 1570 1422 de
1602 1383 1750 1422 mundo
1770 1391 1901 1421 creato
1924 1390 1962 1420 et
1981 1382 2230 1435 aspectabili,
2255 1382 2322 1421 sed

1261 1445 1308 1482 de
1328 1453 1417 1483 ortu
1441 1457 1572 1482 rerum
1593 1443 1786 1494 loquitur.

1316 1504 1382 1542 Vs.
1409 1517 1501 1543 200.
1519 1501 1623 1541 ὅσσον
1640 1502 1669 1541 δ’
1687 1501 1761 1541 αἰὲν
1776 1502 1856 1542 κτλ.
1873 1501 1888 1554 ]
1907 1500 2162 1553 ὑπεκπροσθέει
2180 1501 2319 1553 Simpl.

1261 1563 1382 1615 Phys.
1405 1563 1468 1603 ed.
1486 1563 1576 1602 Ald.
1594 1562 1824 1614 ὑπεκπροθέει
1841 1561 1930 1600 cod.
1947 1563 2077 1601 Oxon.
2097 1561 2142 1600 C.
2163 1569 2200 1598 et
2216 1563 2325 1599 Stur-

1260 1624 1370 1671 zius3
1394 1620 1598 1675 ὑπεκροθέοι
1612 1621 1844 1660 Brandisius
1858 1629 2028 1672 utroque
2043 1621 2143 1658 loco.
2165 1619 2324 1658 Rectius

1261 1683 1415 1721 codices
1435 1682 1469 1720 T
1473 1682 1703 1720 aurinenses
1724 1690 1761 1719 et
1788 1681 1915 1719 Oxon.
1941 1682 2058 1719 ABD.
2088 1678 2322 1731 ὑπεκπροθέοι

1262 1743 1368 1793 quod
1384 1756 1471 1780 cum
1487 1741 1728 1787 Gaisfordio‚
1753 1740 1960 1779 Karstenio
1973 1768 1983 1787 ,
1999 1738 2314 1786 Panzerbietero,

1262 1802 1411 1841 Steinio
1429 1801 1574 1853 recepi.

1313 1861 1381 1901 Vs.
1401 1875 1471 1900 201
1484 1892 1492 1901 .
1515 1860 1698 1914 ἠπιόφρων
1711 1859 1897 1913 φιλότητος
1911 1859 2023 1910 κτλ.]
2038 1858 2182 1897 Versus
2201 1859 2268 1896 hic
2282 1858 2322 1896 in

1262 1921 1457 1973 Simplicii
1470 1934 1612 1963 comm.
1633 1920 1681 1958 ad
1696 1920 1817 1971 Phys.
1830 1919 1891 1959 ed.
1913 1918 2004 1958 Ald.
2017 1919 2074 1956 ita
2090 1918 2322 1957 exhibetur:

1313 2012 1336 2057 ἡ
1357 2009 1496 2064 πίφρων
1518 2008 1662 2063 φιλότης
1677 2008 1870 2064 ἀμεμφέως
1892 2007 2069 2061 ἄμὸροτος
2086 2007 2202 2061 ὁρμή,

1261 2112 1376 2151 quem
1397 2099 1572 2138 Sturzius
1589 2100 1647 2138 sic
1664 2099 1910 2137 immutatum
1929 2098 2051 2136 edidit
2069 2112 2077 2135 :

1313 2191 1335 2236 ἡ
1359 2188 1509 2243 ’πίφρων
1534 2187 1678 2242 φιλότης
1696 2186 1887 2241 ἀμεμφέως
1908 2186 2077 2240 ἀμὸρότῳ
2093 2189 2200 2240 ὁρμῇ.

1260 2279 1400 2317 illelius
1420 2291 1501 2316 rem
1524 2278 1696 2327 Scaliger
1721 2276 1867 2327 gessit,
1890 2276 1962 2327 qui
1995 2275 2202 2315 Karstenio
2229 2284 2326 2315 teste

1264 2340 1305 2377 in
1327 2338 1462 2377 codice
1483 2336 1825 2387 Lugdunobatavo
1848 2336 2050 2375 exaravit:

1314 2424 1478 2479 ἠπίφρων
1500 2424 1683 2479 φιλότητος
1706 2422 1885 2477 ἀμεμφέος
1903 2423 2082 2476 ἅμὸροτος
2103 2422 2212 2475 ὁρμή.

1263 2516 1346 2555 Hoc
1376 2529 1503 2568 prope
1532 2515 1642 2554 abest
1673 2529 1694 2553 a
1716 2528 1810 2554 vera
1837 2514 2034 2566 scriptura
2061 2526 2178 2564 quam
2200 2525 2319 2562 agno-

1263 2585 1376 2615 scunt
1401 2575 1557 2613 Scholia
1580 2588 1602 2613 a
1621 2574 1830 2612 Brandisio
1862 2574 2022 2623 vulgata
2047 2586 2088 2624 p.
2110 2573 2204 2621 507.
2223 2572 2320 2610 Cod.

1260 2636 1387 2674 Oxon.
1411 2635 1459 2673 A.
1481 2642 1519 2672 et
1541 2633 1800 2672 Taurinensis
1830 2647 1911 2671 uno
1938 2633 2026 2670 loco
2057 2631 2161 2683 apud
2179 2631 2326 2682 Peyro—

1263 2708 1356 2733 num
1379 2709 1415 2746 p.
1433 2695 1480 2742 37
1504 2693 1679 2745 praebent
1701 2705 1709 2731 :
1732 2691 1916 2746 ἧπιόφρων
1936 2691 2122 2745 φιλότητος
2144 2690 2324 2744 ἀμεμφέος

1264 2748 1439 2801 ἄμὸροτος
1464 2746 1558 2800 ὁρμή
1575 2777 1585 2797 ,
1614 2747 1737 2785 altero
1772 2747 1906 2798 inepte
1927 2760 1937 2785 :
1961 2745 2147 2798 ἠπιόφρων
2181 2746 2326 2797 φιλότης

1264 2810 1467 2860 ἀμφεῧσσον
1497 2805 1676 2859 ’ἄμὸροτος
1696 2804 1803 2858 ὁρμή.
1832 2805 1931 2846 Cod.
1959 2806 2088 2844 Oxon.
2109 2806 2153 2843 B.
2174 2803 2291 2841 habet
2314 2817 2323 2843 ε

1264 2866 1447 2920 ἠπιόφρων
1475 2865 1638 2919 φιλότητι
1672 2866 1830 2919 ἄμφεσον
1862 2864 2041 2918 ἄμὸροτος
2074 2863 2181 2916 ὁρμή.
2215 2863 2326 2902 Adde

1264 2927 1370 2978 quod
1395 2926 1438 2964 in
1465 2926 1553 2978 eod.
1576 2926 1703 2966 Oxon.
1735 2925 1780 2964 C.
1802 2933 1861 2963 est
1889 2925 2089 2977 περίφρων,
2111 2925 2152 2961 in
2191 2923 2237 2961 D.
2267 2921 2326 2959 πί-

1265 3001 1373 3039 φρων.
1391 2985 1575 3025 Morbeca
1604 2985 1862 3037 penultimam
1893 2997 2031 3023 vocem
2058 2982 2176 3020 vertit
2199 2995 2210 3020 :
2243 2985 2324 3017 sine

1264 3048 1427 3096 querela,
1451 3045 1556 3083 unde
1571 3044 1612 3082 in
1633 3044 1819 3082 Aldinum
1837 3043 2037 3094 exemplar
2057 3041 2254 3080 librorum
2278 3039 2326 3077 de

1265 3105 1375 3143 Coelo
1406 3104 1519 3142 fluxit
1546 3103 1750 3154 ἀμέμπτου.
1770 3103 1940 3142 Steinius
1977 3101 2194 3152 asyndeton
2227 3099 2326 3137 illud

1265 3163 1685 3218 ἠπιόφρων-ἄμὸροτος
1710 3163 1752 3201 in
1773 3162 1907 3200 verbis
1927 3160 2112 3214 ἦπιόφρων
2140 3158 2327 3213 φιλότητος

1267 3223 1458 3277 ἀμεμφέως
1480 3223 1658 3275 ἄμὸροτος
1680 3221 1773 3274 ὁρμή
1800 3222 1895 3260 ferri
1917 3235 1995 3259 non
2016 3233 2131 3272 posse
2154 3219 2325 3257 arbitra-

1267 3292 1327 3321 tus
1347 3282 1620 3335 Empedoclem
1655 3281 1860 3333 scripsisse
1892 3280 2062 3331 conjecit
2085 3292 2093 3318 :
2124 3277 2226 3316 τόσον
2247 3275 2320 3313 αἰὲν

1267 3340 1367 3394 ἐπῄει
1400 3341 1583 3393 ἦπιόφρων
1615 3340 1759 3394 φιλότης
1782 3355 1821 3378 τε
1857 3339 1918 3377 καὶ
1949 3338 2101 3389 ἔμπεσεν
2146 3335 2326 3387 ἄμὸροτος

1265 3401 1379 3454 δρμή;
1394 3414 1533 3453 parum
1551 3401 1731 3439 feliciter.
1751 3398 2087 3445 Quemadmodum
2107 3396 2209 3434 enim
2225 3394 2325 3445 apud

1267 3462 1478 3500 Homerum
1501 3474 1580 3499 non
1602 3460 1728 3499 solum
1755 3459 1986 3505 tolerantur,
2015 3457 2082 3495 sed
2110 3455 2224 3493 etiam
2257 3453 2324 3490 ad-

1267 3522 1469 3560 mirationi
1504 3529 1595 3559 sunt
1621 3519 1811 3557 orationis
1841 3531 1919 3555 non
1947 3518 2089 3555 vinetae
2125 3513 2325 3564 exempla,
