2612 3814
230 212 306 246 574

230 295 452 343 διδάσκαλον,
481 293 572 348 ’τύχᾳ
605 292 641 333 δὲ
675 295 721 339 ὡς
754 293 862 338 δῶλος
897 292 979 346 πρὸς
1005 291 1194 337 δεσπόταν,
1230 292 1290 331 καὶ

229 354 432 408 προαιρέσει
452 355 497 399 ὡς
518 353 615 408 φίλος
631 352 717 407 πρὸς
731 353 828 407 φίλον
844 351 903 391 καὶ
919 351 1039 404 ἐχθρὸς
1053 351 1138 405 πρὸς
1153 351 1290 404 ἐχθρόν,

229 415 258 453 εἷ
278 413 338 453 καὶ
360 413 480 458 ἁπλῶς
497 413 614 452 πάντα
631 413 742 466 φύσει.

285 474 447 526 (Scripsi
471 488 481 511 ε
503 478 518 496 ²
536 477 558 522 ἡ
577 472 762 526 διαίρεσις,
783 471 894 510 codd.
917 470 1111 523 διαίρεσις.)

388 575 557 615 ΛΟΓΟΣ
586 574 843 614 ΠΕΜΠΤΟΣ
870 572 975 612 ΤΟΥ
1003 573 1126 612 ΠΟΥ.

282 677 342 717 ια’.
373 675 426 716 Τὸ
440 679 509 717 ποῧ
526 678 710 730 διαιρεῖται
724 673 817 714 κατὰ
832 673 872 712 τὸ
887 672 1127 726 ἁπλούστερον
1143 673 1290 726 ἑξαχῶς,

227 737 320 784 ἄνω,
340 737 459 785 κάτω,
482 737 691 790 ἔμπροσθεν,
714 734 871 783 ὄπισθεν,
895 733 988 779 δεξιὰ
1018 733 1079 772 καὶ
1104 732 1287 786 ἀριστερά.

227 797 458 836 Ποικίλλεται
479 796 514 836 δὲ
536 797 681 835 ἕκαστον
702 794 849 834 τούτων·
871 797 933 832 τοῦ
962 792 1030 846 γὰρ
1058 793 1131 832 ἄνω
1159 792 1289 832 πολλαὶ

227 855 389 909 διαφοραὶ
418 857 453 893 ἐν
477 854 585 909 αἰθέρι
599 885 609 903 ,
633 856 668 892 ἐν
690 852 830 907 ἄστροις
851 852 957 906 μέχρι
976 857 1037 891 τοῦ
1055 851 1186 903 πόλου,
1203 850 1289 904 ὑπὲρ

225 914 284 954 τὸν
301 914 422 963 πόλον,
437 914 497 953 καὶ
510 913 553 952 τὰ
569 914 667 952 κάτω
681 913 863 960 ὡσαύτως,
877 913 936 951 καὶ
954 912 996 950 τὰ
1018 912 1146 965 ἄπειρα
1161 918 1175 935 ‘¹
1191 911 1289 951 ἀπεί-

229 989 294 1026 ρως
323 975 394 1018 τοῖς
423 972 669 1028 μερικωτέροις
702 972 820 1017 τόποις
853 972 1087 1013 ποικίλλεται.
1167 970 1212 1012 ἹΙ
1254 970 1289 1009 δὲ

225 1033 355 1073 τούτων
378 1038 393 1061 ¹³
414 1032 565 1085 μεγίστη
587 1032 782 1086 ἀμφιὸολία
801 1033 1030 1086 λεχθήσεται.

281 1094 412 1147 (Posui
438 1109 446 1133 :
467 1098 481 1115 ³
501 1094 650 1147 ἄπειρα;
675 1094 789 1134 codd.
811 1094 1004 1146 ἀπειράκις.
1024 1092 1041 1117 ¹³
1059 1093 1191 1132 τούτων
1226 1107 1289 1145 με·

228 1153 354 1206 γίστη;
382 1154 494 1195 codd.
512 1157 535 1202 ἠ
557 1155 592 1193 δὲ
613 1153 744 1194 τούτων
766 1157 788 1202 ἠ
810 1153 987 1206 μεγίστη.)

405 1263 573 1302 ΛΟΓΟΣ
605 1263 710 1301 ΤΟΥ
738 1263 880 1302 ΠΟΤΙῖ
911 1262 1098 1301 ΕΚἹὈΣ.

280 1362 341 1402 ι6’.
373 1364 426 1404 Τὸ
454 1363 490 1403 δὲ
522 1365 608 1404 πότε
637 1366 685 1409 εἷς
711 1363 771 1404 τὸν
801 1365 997 1411 ἐνεστῶτα,
1027 1362 1288 1415 παρῳχαμένον

225 1422 285 1463 καὶ
307 1422 479 1473 μέλλοντα
508 1425 715 1477 διαιρεῖται·
731 1426 749 1463 ὁ
771 1423 916 1469 ἐνεστὼς
933 1422 1129 1475 ἀδιαίρετος
1142 1452 1152 1469 ‚
1180 1426 1198 1462 ὁ
1218 1438 1289 1461 πα-

225 1483 430 1536 ρῳχαμένος
446 1485 493 1528 εἷς
515 1483 633 1532 ἐννέα,
654 1486 671 1522 ὁ
693 1483 831 1534 μέλλων
846 1484 892 1526 εἷς
906 1483 1023 1522 πέντε.
1081 1482 1144 1522 Ἐν
1165 1483 1201 1523 δὲ
1218 1485 1288 1527 τοῖς

224 1543 430 1595 ὑπερτάτοις
450 1544 530 1596 περὶ
547 1542 678 1582 τούτων
698 1541 839 1596 ἐλέχθη.

280 1602 391 1653 (Vide
407 1602 654 1654 Simplicium
680 1602 727 1640 ad
747 1602 910 1641 Aristot.
933 1602 1066 1653 Categ.
1090 1602 1157 1642 foi,
1183 1603 1221 1643 5.
1243 1605 1282 1643 6.

224 1663 337 1702 conf.
363 1663 494 1702 Schol.
521 1662 642 1703 Arist.
669 1675 756 1714 pag.
784 1662 833 1700 80
854 1662 914 1700 ed.
935 1662 1132 1715 Brandis.)

358 1758 527 1797 ΛΟΓΟΣ
557 1759 795 1797 ΕΒΔΟΜΟΣ
823 1758 926 1797 ΤΟΥ
957 1758 1150 1798 IIOIElN.

280 1855 336 1909 ιγ’.
368 1857 422 1897 Τὸ
438 1856 475 1896 δὲ
494 1863 604 1896 ποιεῖν
623 1859 810 1911 διαιρεῖται
826 1859 872 1904 εἷς
889 1858 1015 1911 πρᾶξιν
1031 1858 1091 1897 καὶ
1105 1858 1208 1911 λόγον
1225 1859 1286 1898 καὶ

226 1918 416 1969 διανόημα.
476 1918 514 1958 ‘A
535 1919 659 1973 πρᾶξις
689 1921 737 1964 εἷς
765 1919 829 1958 τὰν
857 1921 913 1959 διὰ
943 1923 1071 1974 χειρῶν
1104 1918 1287 1973 ἐργασίαν,

228 2133 332 2164 strum
345 2155 355 2172 ,
374 2131 503 2164 fortuna
519 2132 556 2164 ut
581 2140 695 2164 servus
713 2131 752 2163 ad
778 2131 949 2163 dominum
961 2155 970 2172 ,
999 2131 1132 2163 consilio
1147 2131 1287 2172 denique

227 2195 263 2223 ut
286 2191 412 2224 amicus
431 2190 471 2223 ad
499 2190 642 2223 amicum
664 2192 698 2223 et
727 2190 875 2223 inimicus
905 2190 946 2223 ad
967 2191 1290 2233 inimicum,quam-

229 2252 276 2284 vis
291 2251 425 2284 omnino
443 2251 551 2284 omnia
571 2251 687 2284 natura
702 2250 952 2284 distribuantur.

500 2331 662 2370 QUINTA
684 2332 907 2364 DEFINITIO
930 2333 1015 2364 UBI.

271 2408 325 2439 Χῖ.
350 2405 500 2438 Definitio
518 2405 579 2439 ubi
599 2405 757 2438 crassiore
780 2405 925 2439 Minerva
948 2406 979 2438 in
1006 2414 1062 2438 sex
1081 2406 1188 2447 partes
1207 2405 1291 2438 divi-

228 2463 327 2505 ditur,
347 2474 464 2506 supra‚
484 2464 588 2505 infra,
609 2474 628 2498 a
646 2465 751 2498 fronte
765 2489 774 2506 ‚
793 2474 811 2497 a
832 2467 942 2507 tergo,
959 2465 998 2497 ad
1019 2465 1166 2498 dextram
1197 2466 1229 2498 et
1250 2466 1291 2497 ad

229 2524 358 2557 laevam.
404 2526 526 2557 Earum
551 2533 760 2567 unaquaeque
791 2525 934 2558 variatur
955 2538 964 2558 ι
986 2534 1061 2558 nam
1085 2534 1193 2558 rerum
1218 2534 1293 2567 quae

229 2593 328 2625 supra
348 2587 423 2616 sunt
444 2584 547 2617 muita
566 2585 723 2618 notantur
743 2584 933 2617 discrimina
950 2585 982 2617 in
998 2585 1139 2626 aethere,
1153 2585 1186 2617 in
1200 2586 1294 2618 astris

232 2652 335 2684 usque
363 2643 401 2674 ad
433 2643 505 2676 coeli
533 2643 709 2683 verticem,
731 2647 763 2676 et
788 2653 886 2686 supra
914 2644 1089 2684 verticem,
1110 2645 1293 2687 pariterque

230 2712 306 2744 quae
336 2703 420 2735 infra
438 2706 514 2736 sunt
537 2706 635 2746 atque
659 2704 782 2738 intinita
809 2704 944 2738 infinitis
973 2706 1117 2737 locorum
1149 2705 1294 2746 partibus

231 2756 414 2790 variantur.
461 2757 522 2791 Sed
541 2758 683 2791 maxima
705 2759 821 2792 barum
841 2768 950 2793 rerum
971 2759 1168 2801 ambiguitas
1191 2758 1293 2801 expli-

233 2816 370 2850 cabitur.

463 2898 598 2930 SEXTA
623 2899 838 2932 DEFlNlTIO
862 2902 1052 2939 QUANDO.

273 2975 346 3007 ΧΠ.
371 2975 522 3008 Definitio
535 2976 678 3018 quando
696 2975 729 3008 in
755 2978 884 3018 tempus
904 2986 1066 3019 praesens,
1093 2979 1294 3019 praeteritum

233 3035 266 3066 et
289 3034 433 3068 futurum
454 3035 607 3068 dividitur
631 3048 640 3069 z
667 3043 809 3078 praesens
831 3035 1035 3070 individuum
1067 3039 1136 3077 cst,
1153 3038 1293 3078 praeteri-

235 3097 304 3127 tum
340 3094 372 3127 in
402 3104 519 3128 novem
549 3096 657 3138 partes
676 3095 892 3136 distribuitur,
909 3097 1055 3129 futurum
1078 3098 1109 3130 in
1130 3099 1294 3139 quinque;

235 3155 276 3188 de
290 3155 409 3197 quibus
429 3156 460 3188 in
479 3157 699 3198 superioribus
713 3156 838 3190 dictum
860 3158 917 3190 est.

467 3244 651 3276 SEPTlMA
674 3244 837 3277 AGENDI
861 3244 1089 3277 DEFiNtho.

279 3319 367 3350 xiii.
393 3319 503 3358 Ipsum
517 3326 610 3359 agere
631 3317 787 3352 dividitur
803 3318 836 3351 in
857 3319 1038 3358 actionem,
1061 3327 1243 3351 sermonem
1264 3321 1296 3352 et

240 3377 480 3419 cogitationem.
524 3378 618 3411 Actio
639 3377 841 3411 distribuitur
860 3378 891 3410 in
923 3378 1047 3411 labores
1074 3378 1124 3411 vel
1150 3379 1296 3412 manibus

242 3437 290 3469 vel
309 3438 470 3472 veruculis
493 3438 525 3471 et
538 3438 758 3472 instrumentis
777 3438 827 3471 vel
852 3438 987 3481 pedibus
1010 3438 1188 3472 obeundos.
1234 3438 1295 3472 Sed

1335 1254 1417 1301 ,Ἐξ
1439 1255 1613 1309 ἐνεργείας
1631 1256 1668 1295 δέ
1688 1258 1796 1307 ἐστιν,
1814 1256 1897 1295 ὅταν
1926 1256 2104 1304 τύπτηταί
2125 1262 2140 1280 ⁸¹
2168 1273 2235 1302 τις.

1179 201 1447 244 ARCHYTAE

1356 293 1403 335 εἷς
1429 289 1491 328 τὰν
1522 291 1565 329 δι’
1582 290 1716 330 ὀίελῶν
1742 290 1803 330 καὶ
1823 291 1979 346 ὁργάνων
2006 292 2173 347 ἐργασίαν
2202 295 2262 333 καὶ
2290 295 2335 339 εἷς
2354 293 2421 334 τὰν

1356 351 1412 390 διὰ
1432 351 1564 406 ποδῶν.
1626 350 1697 390 Καὶ
1723 351 1853 391 τούτων
1875 351 2022 392 ἕκαστον
2043 354 2090 398 εἷς
2119 352 2230 398 ἰδικὰς
2255 355 2421 407 ἐργασίας

1355 410 1416 454 τὰς
1440 409 1531 449 κατὰ
1556 409 1660 463 μέρος
1688 412 1943 464 διαιρουμένοις.
2002 412 2047 454 ‘O
2077 413 2112 452 δὲ
2143 413 2244 466 λόγος
2275 415 2323 459 εἷς
2352 413 2422 454 τὰν

1356 467 1515 508 Ἑλλάδα
1551 470 1725 520 γλῶτταν,
1753 471 1800 515 εἷς
1829 470 2021 525 βάρὸαρον,
2045 472 2104 511 καὶ
2131 472 2262 512 τούτων
2285 472 2418 520 ἑκάστη

1356 529 1404 571 εἷς
1423 526 1588 573 διαλέξεις
1611 529 1845 568 ποικίλλεται.
1894 531 1947 570 Τὸ
1971 531 2006 570 δὲ
2032 532 2207 584 διανόαμα
2234 533 2281 578 εἷς
2309 532 2420 586 μυρία
2439 579 2448 586 ι

1354 591 1368 609 ¹¹
1403 589 1473 625 τῶν
1515 588 1704 639 νοαμάτων
1748 588 1946 639 ἐγκοσμίων
1975 606 2012 630 τε
2051 591 2110 630 καὶ
2156 591 2416 645 ὓπερκοσμίων.

1354 645 1508 686 “Υπεστι
1534 645 1550 670 ¹’
1579 651 1630 702 τῷ
1661 647 1791 687 ποιέειν
1819 648 1879 687 καὶ
1906 651 1925 688 ὅ
1951 649 2052 701 λόγος
2083 651 2143 690 καὶ
2173 651 2213 690 τὸ
2245 650 2420 703 διανόαμα

1357 706 1513 759 ἐνεργείᾳ
1542 706 1625 747 ὄντα
1654 711 1716 747 τοῦ
1743 710 1902 759 λογικοῦ.
1962 709 2092 761 Φαμὲν
2111 710 2199 764 γάρ,
2219 711 2254 750 τί
2272 710 2383 750 ποιέει
2401 713 2425 750 ὁ

1357 768 1475 814 ὃεῖνα;
1497 767 1759 819 ἀποκρινόμεθα
1789 767 1940 819 ὁμιλέει,
1962 769 2185 821 διαλέγεται,
2207 769 2423 818 διανοέεται,

1354 826 1550 877 λογίζεται,
1567 825 1628 865 καὶ
1644 827 1687 865 τὰ
1708 827 1796 874 ἑξῆς.

1412 886 1572 939 (Scripsi
1610 902 1619 926 ε
1653 892 1669 912 ¹¹
1703 887 1831 942 μυρία;
1867 889 1982 928 codd.
2017 889 2137 942 μύρια.
2159 890 2177 916 ¹²
2208 888 2334 929 ὕπεστι
2368 891 2423 942 τῷ

1354 946 1616 997 notiam-libri
1638 946 1726 999 ὑπὲρ
1743 951 1803 986 τοῦ
1820 946 1975 1000 ποιέειν.)

1472 1043 1641 1081 ΛΟΓΟΣ
1671 1042 1874 1082 ΟΓΔΟΟΣ
1903 1042 2007 1081 ΤΟΥ
2035 1042 2285 1082 ΠΑΣΧΕΙΝ.

1411 1138 1469 1176 ιδ’.
1501 1136 1554 1176 Τὸ
1583 1136 1734 1190 πάσχειν
1763 1138 1950 1190 διαιρεῖται
1979 1138 2025 1182 εἷς
2053 1137 2170 1191 ψυχὴν
2200 1137 2261 1177 καὶ
2284 1139 2418 1189 σῶμα,

1354 1196 1415 1234 καὶ
1444 1195 1575 1235 τούτων
1594 1197 1742 1236 ἕκαστον
1764 1199 1811 1243 εἷς
1828 1197 1872 1236 τὰ
1894 1196 1928 1243 ἐξ
1954 1198 2128 1248 ἐνεργείας
2157 1197 2274 1252 ἑτέρου
2305 1198 2417 1246 πάθη.

2292 1257 2349 1298 Τὰ
2378 1256 2415 1297 δὲ
2450 1291 2453 1293 A

1356 1315 1438 1367 δίχα
1455 1320 1515 1354 τοῦ
1534 1319 1751 1367 ἐνεργοῦντος
1763 1347 1773 1363 ,
1788 1316 1810 1353 ἃ
1824 1317 1930 1355 πάλιν
1946 1318 1994 1362 εἷς
2007 1316 2050 1356 τὰ
2064 1317 2174 1372 μυρία
2191 1319 2260 1356 τῶν
2277 1317 2422 1357 παθέων

1353 1373 1428 1420 εἴδη
1447 1373 1510 1411 τὰν
1528 1373 1696 1427 διαίρεσιν
1716 1374 1869 1427 δέχεται.
2093 1375 2097 1378 ’
2219 1373 2232 1381 ’

1413 1433 1572 1485 (Scripsi
1597 1448 1606 1471 ι
1625 1439 1640 1457 ³
1661 1433 1839 1482 τύπτηταί
1857 1448 1930 1486 τις,
1951 1435 2065 1475 codd.
2087 1435 2258 1476 τύπτεταί
2274 1438 2349 1489 τις.)

1463 1534 1633 1574 ΛΟΓΟΣ
1664 1516 2039 1575 ΕΝΝΑΤΟΣΤΟΥ
2070 1536 2312 1578 ΚΕΕΣΘΑΙ.

1407 1627 1461 1669 ιε’.
1492 1629 1543 1668 Τὸ
1569 1628 1603 1667 δὲ
1628 1629 1770 1667 κέεσθαι
1792 1631 1838 1674 εἷς
1856 1628 1933 1682 τρία
1955 1630 2160 1683 διαιρεῖται,
2178 1630 2314 1681 στάσιν,
2331 1634 2420 1671 καθ·
2449 1629 2453 1633 ’

1351 1685 1469 1740 έδραν,
1488 1688 1682 1736 ἀνάκλισιν,
1700 1682 1748 1727 ὧν
1778 1687 1924 1728 ἕκαστον
1951 1689 2059 1728 πάλιν
2084 1690 2222 1744 τρόποις
2245 1691 2422 1746 διαφόροις

1352 1748 1587 1788 ποικίλλεται.
1607 1748 1643 1788 ‘A
1660 1764 1697 1787 τε
1715 1747 1783 1803 γὰρ
1804 1750 1926 1793 στάσις
1949 1750 2126 1805 διάφορος,
2147 1750 2170 1798 ἢ
2192 1751 2244 1805 ἐφ’
2261 1749 2341 1791 ὅλου
2358 1756 2420 1791 τοῦ

1355 1806 1559 1859 πέλματος,
1585 1807 1607 1856 ἢ
1636 1807 1691 1848 ἐπ’
1716 1809 1833 1863 ἄκρων
1862 1808 2058 1860 δακτύλων,
2079 1810 2103 1858 ἢ
2133 1812 2190 1851 ἐπ’
2210 1812 2320 1865 ὀρθῶν
2348 1813 2419 1850 τῶν

1356 1868 1498 1918 ἷγνόων,
1515 1867 1538 1915 ἢ
1561 1868 1777 1914 ὀκλαζόντων
1797 1868 1855 1908 ἐπὶ
1876 1869 2063 1922 βημάτων,
2083 1869 2180 1918 ἴσων,
2202 1870 2345 1920 ἀνίσων,
2362 1872 2409 1911 ἐπ

1356 1926 1566 1981 ἀμφοτέροις
1592 1933 1662 1972 τοῖς
1695 1928 1814 1978 ποσίν,
1836 1927 1858 1976 ἢ
1891 1930 1946 1983 ἐφ’
1976 1928 2049 1981 ἑνί,
2069 1930 2308 1984 ποριζόμενον·
2328 1930 2353 1978 ἥ
2382 1946 2422 1970 τε

1353 2140 1392 2164 cx
1412 2131 1461 2163 bis
1484 2128 1689 2173 unaquaeque
1706 2141 1756 2165 res
1783 2133 1823 2165 ad
1841 2133 2018 2174 peculiares
2039 2134 2178 2174 pertinet
2200 2134 2326 2168 iabores
2350 2133 2420 2167 sin·

1354 2191 1489 2233 gulatim
1505 2191 1756 2225 distribuendos.
1803 2194 1845 2225 At
1868 2202 1975 2226 sermo
1992 2193 2100 2235 lingua
2113 2203 2217 2235 graeca
2233 2197 2265 2227 et
2281 2193 2418 2227 barbara

1353 2253 1450 2292 atque
1464 2259 1574 2284 earum
1589 2252 1728 2292 utraque
1744 2251 1888 2285 dialectis
1901 2252 2070 2288 ,variatun
2099 2253 2247 2294 Denique
2264 2252 2422 2294 cogitatio

1355 2310 1525 2353 multiplici
1544 2320 1652 2343 rerum
1668 2314 1737 2343 tum
1755 2313 1955 2345 terrestrium
1977 2314 2047 2344 tum
2070 2312 2254 2345 coelestium
2278 2312 2420 2346 medita·

1353 2372 1440 2404 tione
1463 2372 1624 2404 mutatur.
1671 2371 1792 2404 subest
1817 2371 1957 2405 faciendi
1981 2372 2105 2405 notioni
2132 2373 2230 2405 etiam
2253 2381 2361 2407 senno
2382 2374 2416 2406 et

1353 2431 1522 2472 cogitatio,
1543 2439 1617 2472 quae
1634 2440 1668 2464 re
1682 2437 1756 2464 vera
1772 2431 1905 2464 rationis
1920 2433 2008 2464 sunt.
2055 2432 2198 2464 Dicimus
2219 2432 2305 2465 enim
2316 2457 2326 2474 ,
2339 2432 2420 2473 quid

1354 2491 1429 2524 facit
1465 2490 1621 2532 quidam?
1655 2490 1892 2532 respondemus
1925 2492 2172 2532 sermocinatur,
2206 2491 2417 2534 colloquitur,

1353 2559 1463 2583 secum
1481 2553 1625 2592 reputat,
1641 2550 1863 2590 ratiocinatur,
1887 2553 1919 2584 et
1937 2551 2069 2583 caetera.

1565 2641 1734 2673 OCTAVA
1759 2639 1954 2672 PATIENDI
1977 2639 2205 2671 DEFINITIO.

1395 2720 1483 2751 xlv.
1509 2721 1619 2760 Ipsum
1635 2718 1701 2760 pati
1714 2717 1871 2750 dividitur
1884 2717 1968 2750 inter
1981 2716 2129 2749 animum
2142 2719 2174 2749 et
2188 2724 2307 2759 corpus
2319 2717 2420 2759 atque

1355 2788 1468 2812 eorum
1489 2780 1665 2820 utrumque
1682 2777 1907 2811 affectionibus
1929 2777 2061 2809 alterius
2077 2770 2219 2809 efficacia
2238 2776 2318 2810 ortis
2340 2785 2419 2809 mu·

1355 2841 1455 2872 tatur.
1498 2832 1635 2877 Quando
1660 2838 1735 2880 quis
1756 2837 1843 2871 enim
1858 2837 2058 2875 verberatur,
2079 2836 2215 2869 alterius
2237 2835 2414 2870 efficaciam

1357 2899 1467 2933 sentit.
1484 2899 1566 2932 Sunt
1583 2898 1679 2932 etiam
1697 2898 1968 2932 aliae'afsectiones
1982 2897 2072 2930 nullo
2086 2898 2217 2930 alterius
2230 2897 2421 2931 interventu·

1355 2962 1532 3003 procreatae
1545 2984 1554 3000 ,
1574 2968 1648 3001 quae
1666 2969 1779 2992 rursus
1806 2959 1838 2992 in
1863 2961 2035 2992 sexcentas
2060 2958 2271 2991 affectionum
2292 2957 2421 2999 species

1355 3021 1501 3054 distribui
1524 3023 1660 3063 possunt
1784 3010 1787 3014 ¹
2198 3021 2205 3026 ”

1600 3110 1715 3143 NONA
1737 3109 1912 3141 JACENDI
1934 3108 2160 3140 DEFlNlTlO.

1398 3202 1470 3234 XV.
1494 3199 1581 3232 Situs
1602 3198 1634 3231 iu
1657 3199 1719 3231 tria
1743 3197 1911 3237 dividitur,
1931 3198 2052 3229 statum
2066 3220 2074 3236 ,
2101 3195 2302 3235 sessionem,
2322 3202 2418 3226 accu-

1357 3260 1532 3300 bitionem,
1555 3267 1628 3300 quae
1649 3257 1774 3299 singula
1803 3265 1915 3289 rursus
1945 3256 2078 3288 diversis
2107 3255 2212 3288 modis
2240 3254 2413 3288 variantur.

1357 3320 1484 3353 Etenim
1505 3319 1609 3351 status
1624 3317 1777 3363 diversus
1791 3318 1860 3357 est,
1876 3315 1920 3348 ita
1937 3317 1971 3347 ut
1986 3315 2035 3347 vel
2057 3315 2133 3347 totis
2149 3314 2267 3356 pedum
2285 3313 2416 3355 plantis.

1357 3379 1409 3412 vel
1430 3377 1586 3411 extremis
1601 3376 1731 3419 digitis,
1754 3375 1804 3409 vel
1823 3375 1919 3408 rectis
1938 3374 2131 3416 poplitibus,
2150 3373 2199 3406 vel
2224 3373 2316 3405 flexis
2331 3373 2416 3413 geni-

1359 3438 1420 3472 bus
1436 3443 1467 3472 et
1482 3437 1647 3471 succiduis
1661 3436 1803 3478 vestigiis
1816 3435 1886 3468 sive
1899 3434 2079 3477 aequalibus
2097 3433 2164 3466 sive
2179 3431 2416 3474 inaequalibus,
2468 3460 2473 3463 .
