2612 3814
755 332 872 405 DE
930 327 1527 427 FRAGMENTIS
1585 328 1968 405 SPURIIS.

1209 499 1228 504 μ
1239 492 1584 509 -ae-zacao—--au

364 592 490 638 Quum
522 591 568 629 de
583 591 690 629 omni
714 592 1018 640 fragmentorum
1036 602 1176 639 genere
1197 589 1358 627 difficile

311 660 366 689 est
383 651 581 702 judicare.
612 659 654 688 ut
674 650 843 699 genuina
862 663 883 686 a
922 648 1185 699 supposititiis
1212 647 1357 685 discer-

312 723 464 754 namus,
488 718 565 747 tum
584 710 631 746 «ie
652 708 861 746 Democriti
887 706 1079 744 librorum
1103 705 1359 754 fragminibus

314 770 614 815 disficillinmm,
634 767 745 818 cujus
767 768 806 805 in
840 767 1044 818 praeceptis
1073 764 1303 811 moralibus,
1325 766 1356 803 si

313 843 399 867 cum
433 828 584 878 reliqua
609 825 837 878 philosophi
861 825 1040 863 doctrina
1066 833 1356 875 comparentur,

316 886 612 924 inconstantiam
649 884 841 934 quandam
874 883 955 935 jam
993 896 1111 934 supra
1144 882 1356 932 attigimus.

312 946 438 993 Quare
469 944 542 981 nisi
565 951 706 980 certam
735 942 939 993 judicandi
961 955 1136 979 normam
1153 942 1284 980 animo
1300 943 1359 980 in-

314 1003 561 1050 formaveris,
593 1001 704 1038 facile
734 1002 775 1038 in
812 1000 884 1038 hac
918 1001 1079 1038 materia
1110 1001 1150 1038 in
1187 1000 1357 1038 fraudem

311 1062 483 1100 incidere
503 1061 644 1112 possis.
675 1060 788 1106 Quod
809 1059 1018 1098 Meinersio
1037 1060 1224 1099 accidisse
1248 1060 1358 1098 dixi—

312 1134 413 1167 mus,
437 1120 506 1170 qui
544 1132 662 1168 quum
689 1119 955 1157 Democritum
993 1119 1034 1156 in
1062 1117 1180 1157 rebus
1213 1118 1360 1156 divinis

312 1188 493 1217 constare
529 1177 607 1216 sibi
638 1178 770 1224 vellet,
807 1191 887 1216 non
917 1177 1043 1216 solum
1078 1178 1269 1229 praeclara
1293 1178 1361 1215 illa

315 1240 528 1289 fragmenta
543 1237 688 1289 quibus
703 1238 915 1276 secundum
931 1246 968 1275 et
982 1238 1234 1275 centesimum
1247 1238 1361 1288 septi·

312 1311 416 1336 mum
436 1298 563 1334 locum
582 1296 775 1344 dedimus,
801 1297 994 1334 Abderitae
1017 1295 1274 1346 abjudicavit,
1292 1296 1359 1333 sed

312 1357 388 1395 alia
412 1357 527 1410 etiam
550 1369 628 1393 non
644 1356 737 1393 satis
757 1356 952 1394 intellecta
977 1368 998 1393 e
1022 1355 1358 1393 Democriteorum

313 1428 476 1467 operum
503 1414 678 1464 reliquiis
703 1414 911 1465 expunxit.
935 1413 1173 1465 Hujusmodi
1197 1422 1254 1451 est
1275 1427 1361 1451 sen-

314 1475 435 1512 tentia
452 1473 702 1523 nonagesima
719 1473 886 1511 secunda
899 1502 908 1520 ,
932 1486 1046 1523 quam
1079 1473 1251 1524 spuriam
1279 1486 1362 1510 esse

314 1534 513 1571 contendit
528 1533 680 1571 collatis
698 1533 935 1582 octogesima
945 1533 1082 1583 quinta
1099 1540 1136 1570 et
1153 1534 1362 1570 centesima

313 1585 562 1642 nonagesima
577 1592 728 1642 quinta.
747 1591 796 1628 At
816 1600 1050 1643 praeceptum
1065 1592 1360 1640 nonagesimum

313 1652 525 1691 secundum
553 1664 631 1701 quo
653 1651 831 1688 homines
862 1659 993 1688 monet
1016 1651 1279 1699 Democritus,
1312 1665 1359 1689 ne

313 1710 409 1762 quid
419 1710 520 1748 ultra
530 1710 567 1747 vi
575 1723 634 1747 res
642 1710 1121 1761 suscipiant,nequaquam
1132 1702 1359 1748 adversatur

315 1769 464 1808 caeteris
497 1768 651 1807 duobus
671 1769 781 1808 locis.
816 1769 887 1807 His
916 1769 1020 1806 enim
1055 1769 1307 1819 magistratus
1328 1779 1364 1807 et

315 1828 484 1867 honores
509 1840 722 1878 regumque
754 1827 927 1865 amicitia
955 1837 1138 1878 tanquam
1166 1841 1227 1866 res
1247 1842 1362 1880 expe-

318 1887 442 1926 tendae
451 1886 773 1924 commendantur
784 1895 946 1938 propter
955 1887 1161 1925 utilitatem
1173 1901 1258 1938 quae
1275 1888 1365 1926 inde

317 1947 359 1985 in
391 1946 596 1984 hominum
627 1945 748 1983 vitam
782 1945 986 1994 redundet,
1008 1959 1052 1984 ac
1079 1954 1266 1997 praeterea
1303 1959 1365 1984 ars

316 2005 461 2043 bellica
498 2003 678 2042 laudatur
708 2004 816 2054 iique
854 2003 1007 2043 labores
1036 2004 1182 2054 quibus
1218 2005 1363 2043 clarum

318 2076 460 2101 nomen
476 2063 597 2101 soleat
612 2063 758 2114 parari.
773 2062 884 2100 Mitto
900 2071 1038 2101 caetera
1054 2077 1140 2114 quae
1160 2065 1364 2102 molestum

317 2130 374 2160 est
392 2134 634 2160 enumerare.
657 2120 732 2159 Sed
756 2120 833 2159 alia
860 2130 950 2159 sunt
985 2122 1032 2160 ad
1052 2135 1138 2172 quae
1162 2131 1272 2161 caute
1305 2136 1366 2161 se-

319 2180 512 2219 cernenda
525 2180 697 2218 animum
710 2180 780 2218 ille
795 2180 958 2218 minime
980 2182 1146 2233 appulit.
1172 2182 1362 2220 Fet-eban-

321 2249 384 2278 tur
404 2239 508 2291 apud
544 2247 694 2278 veteres
726 2239 927 2277 sententiae
952 2241 992 2278 ἐκ
1025 2242 1094 2277 τῶν
1125 2241 1367 2293 Δημοκρίτου,

319 2297 542 2345 Ἐπικτήτου
560 2297 620 2335 καὶ
639 2296 864 2349 Ἰσοκράτους
890 2298 931 2335 in
953 2311 1074 2336 unum
1097 2311 1240 2349 corpus
1259 2299 1369 2336 reda-

321 2367 406 2405 ctae.
439 2357 515 2403 Qui
548 2357 622 2395 hoc
660 2358 938 2395 sententiarum
987 2371 1130 2409 corpus
1168 2367 1256 2410 post
1284 2358 1351 2396 Sto

320 2416 446 2455 baeum
466 2417 515 2467 (ι)
540 2415 732 2463 condidit,
750 2416 919 2454 auctoris
937 2429 1080 2454 nomen
1098 2417 1264 2467 singulis
1279 2417 1370 2455 effa-

323 2476 374 2514 tis
391 2489 469 2513 non
488 2475 643 2513 videtur
663 2475 908 2526 apposuisse,
938 2476 992 2513 ita
1012 2484 1054 2513 ut
1076 2488 1154 2513 non
1173 2477 1368 2527 perspice-

323 2543 444 2580 retur,
465 2547 551 2584 quae
570 2543 698 2572 essent
720 2534 951 2580 Democriti,
969 2548 1055 2583 quae
1077 2534 1261 2585 Epicteti,
1288 2549 1373 2586 quae

324 2593 518 2631 Isocratis.
549 2593 635 2638 Quo
666 2594 805 2631 factum
827 2602 885 2631 est
902 2602 946 2632 ut
979 2595 1172 2632 Antonius
1191 2603 1228 2632 et
1249 2594 1373 2632 Maxi·

327 2664 413 2689 mus
430 2652 498 2702 qui
513 2651 587 2690 hoc
606 2652 807 2704 volumine
827 2653 888 2690 usi
906 2661 996 2690 sunt
1009 2652 1202 2698 arbitratu
1221 2667 1292 2692 suo
1310 2662 1375 2691 aut

326 2709 491 2747 libidine
523 2723 641 2747 unum
673 2724 722 2749 ex
746 2711 827 2749 illis
859 2712 984 2750 tribus
1008 2713 1252 2762 singulorum
1283 2726 1375 2764 apo-

327 2768 617 2820 phthegmatum
638 2779 832 2808 auctorem
855 2770 1131 2821 perhiberent,
1154 2774 1215 2810 vel
1234 2786 1373 2810 eorum

329 2826 503 2865 omnium
518 2828 678 2866 nomina
693 2828 920 2879 adjicerent.
938 2830 1047 2868 Adde
1061 2831 1165 2881 quod
1185 2832 1379 2870 Democri·

330 2885 359 2923 ti
382 2884 487 2922 dicta
503 2897 552 2922 ex
568 2885 699 2923 ionico
718 2886 759 2923 in
777 2900 1021 2925 communem
1041 2901 1260 2927 sermonem
1282 2904 1374 2928 con-

330 2955 441 2980 versa
457 2942 539 2994 jam
562 2944 816 2983 inveniebant
830 2945 891 2982 vel
910 2946 986 2997 ipsi
1009 2939 1301 2996 conuertebant,
1326 2950 1379 2987 ita

329 3010 373 3040 ut
392 3003 563 3053 posteris
579 3002 784 3053 judicandi
814 3004 1023 3043 difficultas
1041 3016 1257 3055 augeretur.
1284 3009 1380 3047 lnde

329 3062 444 3098 etiam
462 3069 534 3107 est,
557 3061 664 3112 quod
686 3062 914 3100 sententiam
942 3062 1041 3116 νόμῳ
1070 3065 1130 3103 καὶ
1157 3066 1301 3118 ἄρχοντι
1320 3068 1379 3105 καὶ

332 3119 518 3172 σοφωτέρῳ
530 3119 634 3158 εἴκειν
647 3121 808 3171 κόσμιον,
821 3135 936 3172 quam
952 3123 1129 3162 Stobaeus
1146 3125 1251 3166 Flor.
1274 3127 1318 3175 V,
1331 3128 1378 3165 23

333 3177 555 3216 Democrito
587 3179 770 3226 vindicat,
801 3182 995 3220 Antonius
1019 3191 1056 3220 et
1076 3183 1269 3223 Maximus
1289 3199 1377 3238 pag.

338 3241 412 3287 149
425 3238 587 3276 Isocrati
598 3247 634 3276 et
646 3251 733 3290 pag.
747 3239 822 3283 452
839 3239 1012 3291 Epicteto
1021 3242 1231 3281 ascribunt.
1249 3244 1382 3296 ltaque

336 3307 476 3345 magna
492 3309 591 3347 opus
612 3306 670 3336 est
686 3298 880 3346 cautione,
893 3312 1034 3350 nequae
1053 3301 1154 3351 apud
1169 3302 1379 3342 Antonium

336 3355 588 3393 et‘Maximum
599 3356 779 3406 leguntur
788 3357 998 3396 Democriti
1006 3360 1182 3410 ,Epicteti
1192 3369 1229 3398 et
1238 3361 1382 3400 Isocra·

383 3495 428 3538 (1)
463 3498 542 3529 Huic
576 3497 720 3538 opinioni
754 3498 889 3532 fortasse
920 3499 1029 3533 obstat
1061 3500 1142 3534 Cod.
1181 3501 1264 3535 Flor.
1296 3503 1388 3536 Stob.

1422 589 1470 627 tis
1482 589 1763 639 fragmenta,ea
1774 590 1841 628 uni
1852 602 1899 628 ex
1915 590 1993 628 illis
2006 591 2130 628 tribus
2141 598 2283 628 temere
2294 589 2473 641 assigne—

1423 661 1523 686 mus.
1540 647 1852 697 Confugiendum
1877 649 1980 687 enim
1999 662 2151 701 semper
2174 658 2230 687 est
2250 648 2299 687 ad
2324 648 2472 688 Stobaei

1421 707 1664 757 aliorumque
1678 714 1851 745 veterum
1869 708 1937 758 qui
1947 708 2021 746 fide
2032 708 2140 757 digni
2156 716 2245 746 sunt
2259 707 2468 747 auetorita-

1421 766 1559 804 tem.ld
1570 779 1647 803 non
1662 775 1847 818 perpetuo
1865 766 2192 805 fecisseOrellium
2206 780 2298 805 mox
2311 766 2469 805 manife-

1423 833 1521 862 stum
1532 825 1698 876 eritqui,
1715 838 1800 875 quae
1811 826 1892 874 ejus
1906 825 2141 875 negligentia
2153 825 2241 871 fuit,
2258 825 2384 864 atiena
2393 816 2470 864 ‘sae-

1424 896 1715 935 penumeropro
1727 883 2473 936 Democriteispublicavit.Quapropter
2512 934 2517 938 .

1422 956 1507 979 cum
1524 941 1748 979 Burchardo
1764 941 1883 978 multa
1899 940 2050 992 rejici0,
2069 941 2312 980 Democritea
2322 942 2473 980 Orellio

1422 1002 1521 1049 visa,
1538 1002 1590 1038 ita
1607 1010 1746 1046 tamen,
1763 1008 1938 1051 utpauca
1954 999 2128 1051 quaedam
2144 1013 2191 1038 ex
2206 1000 2255 1039 iis
2275 1014 2360 1052 quae
2378 1000 2476 1039 alter

1421 1059 1536 1098 obelo
1559 1059 1639 1111 jam
1662 1060 1873 1097 confixerat
1905 1072 2069 1110 quaeque
2099 1060 2139 1097 in
2166 1058 2475 1111 praecedentibus

1419 1119 1499 1169 jam
1535 1127 1694 1157 tractata
1728 1127 1832 1165 sunt,
1866 1118 2091 1156 Democrito
2119 1118 2290 1156 reddam.
2325 1117 2474 1157 Ponam

1422 1176 1542 1225 igitur
1571 1176 1784 1226 fragmenta
1801 1190 1887 1226 quae
1911 1177 2053 1228 partim
2080 1185 2122 1214 ut
2152 1177 2279 1215 aliena
2297 1189 2346 1214 ex
2363 1175 2474 1215 Orel-

1424 1234 1539 1272 lianis
1554 1234 1755 1284 opusculis
1774 1234 1967 1286 ejicienda
1987 1243 2091 1281 sunt,
2114 1236 2254 1286 partim
2270 1243 2314 1273 ut
2341 1247 2475 1287 suspe-

1422 1302 1481 1330 cta
1499 1293 1722 1331 Democrito
1744 1306 1765 1331 a
1782 1293 2026 1332 cautioribus
2044 1293 2166 1332 tribui
2184 1302 2394 1345 nequeunt.

1425 1399 1454 1425 t.
1530 1386 1675 1440 Σφόδρα
1694 1387 1868 1427 εὐάλωτόν
1883 1389 1976 1426 ἐστιν
1996 1391 2018 1435 ἡ
2039 1387 2204 1439 πονηρία.

1531 1447 1590 1488 Εἷς
1604 1445 1671 1498 γὰρ
1687 1445 1727 1484 τὸ
1744 1445 1863 1498 κέρδος
1885 1447 1987 1497 μόνον
2009 1445 2247 1485 ἀποὸλὲπουσ’
2261 1445 2316 1485 ἀεὶ

1477 1502 1649 1555 Ἀφρόνως
1675 1503 1814 1543 ἅπαντα
1847 1504 1906 1542 καὶ
1925 1508 2110 1557 προπετῶς
2137 1505 2380 1557 συμπείθεται.

1426 1599 1583 1649 Legitur
1600 1612 1662 1650 ap.
1680 1601 1788 1637 Stob.
1806 1599 1978 1648 Flor.11,
2002 1613 2038 1646 13
2061 1613 2119 1637 nr.
2142 1613 2164 1636 2
2182 1612 2244 1651 ap.
2264 1598 2475 1646 Orellium,

1425 1659 1492 1709 qui
1511 1658 1595 1709 ipse
1620 1658 1700 1709 jam
1721 1657 1889 1708 conjecit
1913 1658 1987 1696 hoc
2012 1659 2267 1708 fragmentum
2301 1671 2379 1696 non
2397 1671 2480 1697 esse

1425 1718 1638 1755 Democriti
1676 1716 1887 1755 Abderitae.
1926 1717 2117 1755 Demetrii
2137 1730 2280 1755 nomen
2320 1730 2479 1769 praepo-

1425 1777 1540 1814 situm
1563 1776 1677 1814 habet
1694 1776 1735 1813 in
1755 1776 1879 1814 Dictis
1897 1775 2292 1826 poetarumeStobaeo
2306 1775 2356 1815 ab
2378 1776 2478 1827 Hug.

1425 1835 1564 1873 Grotio
1597 1835 1728 1874 editis.
1774 1835 1947 1873 Eundem
1997 1836 2235 1874 Demetrium
2282 1843 2477 1874 auctorem

1426 1903 1642 1946 agnoscunt
1658 1894 1771 1934 codd.
1795 1908 1920 1946 nuper
1938 1895 2083 1934 collati.

1428 2022 1458 2046 ο.
1536 2006 1714 2046 Ἀδικείτω
1732 2021 1790 2058 μοι
1810 2005 1974 2050 πλούσιος
1998 2006 2056 2044 καὶ
2078 2006 2129 2057 μὴ
2147 2004 2273 2052 πένης·

1535 2069 1617 2120 ῥᾷον
1633 2065 1747 2119 φέρειν
1761 2065 1829 2119 γὰρ
1843 2063 2047 2118 κρειττόνων
2071 2065 2272 2117 τυραννίδα.

1485 2178 1669 2230 Corrupti
1690 2177 1730 2216 hi
1757 2190 1895 2216 versus
1925 2177 1972 2215 ad
1995 2176 2259 2215 Democritum
2287 2184 2482 2215 auctorem

1431 2239 1530 2276 male
1550 2236 1770 2276 referuntur
1791 2237 1832 2275 in
1847 2238 2023 2286 Corpore
2043 2238 2319 2275 sententiarum
2338 2235 2484 2276 Frobe·

1431 2298 1549 2335 niano
1569 2310 1658 2349 pag.
1681 2297 1756 2334 208
1771 2325 1781 2343 ‚
1805 2297 1914 2345 cujus
1935 2296 2014 2334 haec
2033 2305 2091 2334 est
2107 2296 2312 2347 inscriptio
2331 2310 2340 2333 :
2364 2295 2482 2334 Calli-

1433 2358 1559 2396 machi
1574 2358 1709 2408 hymni
1721 2370 1807 2395 cum
1823 2356 1999 2395 scholiis.
2014 2355 2212 2393 Accedunt
2225 2355 2426 2394 sententiae
2437 2369 2486 2394 ex

1432 2416 1598 2454 diversis
1606 2415 1748 2467 poetis,
1759 2414 1985 2453 oratoribus
1993 2423 2030 2453 et
2038 2414 2286 2466 philosophis
2298 2414 2482 2454 collectae.

1433 2476 1589 2514 Basileae
1603 2490 1615 2512 1
1626 2475 1718 2522 532,
1734 2474 2029 2520 4.Ti·ibuuntur
2040 2474 2254 2513 Menandro
2265 2487 2326 2525 ap.
2341 2474 2484 2513 Anton.

1434 2544 1471 2573 et
1490 2535 1593 2575 Max.
1618 2548 1657 2586 p.
1683 2535 1775 2581 213,
1799 2533 1868 2572 ubi
1889 2535 2076 2586 scriptum
2098 2542 2157 2572 est
2178 2532 2342 2571 ἀδικείτω
2363 2547 2421 2582 με.

1489 2608 1518 2634 a.
1546 2593 1675 2638 Ὅστις
1705 2595 1810 2643 σῶμα
1844 2593 2028 2646 θεραπεύει
2060 2592 2099 2630 τὸ
2119 2594 2258 2642 ἑαυτοῦ,
2277 2593 2343 2644 οὐχ
2362 2590 2483 2630 ἑαυτὸν

1435 2653 1636 2705 θεραπεύει·
1651 2651 1745 2696 ὅστις
1762 2651 1948 2705 χρήματα,
1969 2650 2040 2692 οὔθ’
2054 2651 2175 2691 ἑαυτὸν
2192 2650 2270 2690 οὔτε
2289 2651 2333 2689 τὰ
2347 2652 2484 2698 ἑαυτοῦ,

1437 2716 1513 2753 ἀλλ’
1531 2714 1582 2752 ἔτι
1606 2711 1817 2766 πορρωτέρω
1834 2714 1901 2750 τῶν
1924 2714 2060 2751 ἑαυτοῦ.
2087 2711 2194 2751 Stob.
2212 2711 2317 2751 Flor.
2340 2708 2483 2756 XVIII,

1439 2774 1485 2821 37
1501 2781 1592 2824 ;'ap.
1609 2772 1728 2810 Orell.
1743 2785 1783 2810 n.
1802 2772 1867 2811 51.
1885 2771 2155 2821 Fragmentum
2171 2769 2246 2808 hoc
2265 2769 2381 2807 attica
2408 2768 2488 2806 dia-

1438 2833 1536 2871 lecto
1552 2845 1623 2870 con
1631 2832 1768 2869 fectum
1790 2844 1868 2868 non
1889 2829 2116 2876 Democriti,
2133 2828 2200 2867 sed
2213 2828 2389 2866 Platonis
2403 2839 2488 2866 esse

1438 2890 1700 2942 complurium
1724 2889 1836 2927 codd.
1873 2902 2064 2927 consensu
2089 2888 2347 2938 'exploratum
2369 2885 2488 2924 habe-

1440 2964 1535 2989 mus.

1493 3021 1523 3050 4.
1540 3005 1748 3059 Πολυμαθίη
1766 3005 1878 3059 κάρτα
1893 3004 1955 3057 μὲν
1970 3004 2129 3058 ὠφελέει,
2148 3004 2261 3056 κάρτα
2281 3003 2318 3042 δὲ
2341 3003 2487 3055 βλάπτε·

1441 3067 1498 3106 τὸν
1517 3066 1663 3120 ἔχοντα·
1685 3065 1828 3119 ὠφελέει
1849 3063 1911 3115 μὲν
1925 3064 1983 3103 τὸν
2001 3063 2108 3108 δεξιὸν
2137 3064 2261 3116 ἄνδρα,
2284 3062 2436 3102 Βλοῖπτει
2454 3062 2490 3101 δὲ

1441 3127 1498 3166 τὸν
1511 3125 1650 3180 ῥηϊδίως
1663 3128 1839 3179 φωνεῦντα
1855 3130 1924 3161 πᾶν
1939 3123 2018 3166 ἔπος
2034 3123 2094 3161 καὶ
2109 3125 2143 3161 ἐν
2158 3124 2264 3161 παντὶ
2281 3122 2397 3175 δήμῳ.
2410 3121 2491 3173 Χρὴ

1443 3186 1478 3225 δὲ
1501 3188 1624 3238 καιροῦ
1644 3185 1756 3237 μέτρα
1777 3181 1924 3222 εἰδέναι·
1941 3181 2062 3236 σοφίης
2082 3182 2148 3235 γὰρ
2168 3176 2266 3226 οὗτος
2285 3181 2376 3234 ὅρος.
2392 3180 2443 3222 Οἳ
2455 3179 2492 3219 δὲ

1443 3244 1507 3290 ἔξω
1536 3248 1656 3296 καιροῦ
1673 3246 1772 3296 ῥῆσιν
1811 3241 1980 3293 μουσικὴν
2012 3240 2240 3291 πεπνυμένως
2272 3238 2435 3288 ἀείσωσι,
2453 3240 2493 3278 οὗ

1443 3303 1705 3356 παραδέχονται
1727 3303 1761 3340 ἐν
1783 3301 1887 3354 ἄργίῃ
1913 3299 2070 3352 γνώμην,
2093 3300 2207 3338 αἰτίαν
2225 3298 2260 3337 δὲ
2278 3297 2398 3352 ἔχουσι
2417 3314 2495 3349 μω-

1445 3363 1532 3414 ρίας.
1553 3361 1662 3402 Stob.
1685 3361 1789 3401 Flor.
1814 3359 1988 3407 xxxiv,
2028 3373 2074 3410 19
2105 3373 2191 3410 sqq.
2212 3359 2334 3397 Orell.
2359 3371 2399 3397 n.
2429 3358 2493 3396 60.

1410 3512 1441 3545 p.
1459 3505 1535 3543 434,
1558 3511 1622 3535 non
1639 3502 1715 3534 item
1731 3501 1878 3542 vulgatus
1897 3500 2015 3532 Stobaaei
2035 3503 2154 3531 textus.

1407 3570 1475 3603 378
