2612 3814
313 299 387 330 350

314 391 374 416 1⁶2.
392 378 498 417 ψίλοι
520 378 558 416 οὗ
574 377 701 423 πάντες
730 380 760 416 οἱ
781 376 955 430 ξυγγενέες
969 406 979 426 ,
996 377 1073 416 ἀλλ’
1086 381 1118 418 οἱ
1138 377 1354 431 ξυμφωνέον-

390 453 447 480 τες
470 436 549 489 περὶ
571 440 632 476 τοῦ
663 435 908 490 ξυμφέροντος.

445 496 675 545 (Democrat.
696 495 817 534 Orell.
838 508 877 534 n.
920 494 994 546 73.)

314 569 377 594 163.
398 552 644 608 Ὁμοφροσύνη
677 553 793 607 φιλίην
822 553 942 592 τίκτει.

396 605 401 610 “
446 614 553 663 ((lod.
572 613 674 651 Flor.
696 613 804 651 Stob.
827 612 947 650 Gaisf.
969 610 1017 648 lv
1039 624 1076 661 p.
1103 608 1208 663 384.)

315 687 378 712 151.
397 673 442 713 Ἥ
464 672 526 723 μὲν
557 672 716 726 μάχαιρα
750 671 881 721 τέμνει,
910 673 931 717 ἡ
966 669 1002 708 δὲ
1035 668 1182 716 διαὸολὴ
1211 669 1353 721 χωρίζει

392 732 524 786 φίλους.

445 792 601 843 (Αηιοη.
623 799 660 829 et
680 789 782 828 Max.
805 802 844 840 p.
867 788 978 838 258.)

315 864 376 889 tes.
395 843 513 904 ἶ’ῼτινι
536 850 598 896 τὴν
622 848 724 900 χάριν
759 846 958 896 καταθήσῃ,
997 848 1118 883 θᾶττον
1149 843 1212 890 τὴν
1249 844 1354 897 χάριν

395 908 500 946 δίδου·
536 910 558 954 ἡ
594 907 662 959 γὰρ
698 902 872 958 βραδυτὴς
903 903 1111 953 λυμαίνεται
1149 902 1214 951 τὴν
1245 903 1355 943 δόσιν.

449 966 605 1018 (Anton.
628 972 666 1002 et
683 964 783 1002 Max.
803 977 843 1015 p.
862 962 966 1014 278.)

314 1022 586 1074 1111.Δυνάμενος
615 1020 820 1074 χαρίζεσθαι
849 1020 899 1071 μὴ
932 1020 1092 1073 βράδυνε,
1121 1019 1212 1058 ἀλλὰ
1243 1018 1357 1067 δίδου,

394 1081 621 1132 ἐπιστάμενος
674 1080 723 1130 μὴ
764 1073 852 1119 εἶναι
878 1079 924 1118 τὰ
968 1078 1161 1132 πράγματα
1209 1078 1355 1130 μόνιμα.

444 1140 599 1193 (Anton.
613 1148 651 1178 et
666 1139 770 1179 Max.
791 1152 830 1191 p.
849 1139 953 1191 278.)

312 1212 376 1240 1⁶7.
393 1198 513 1251 Μικρὰ
527 1197 658 1238 διδόναι
679 1197 805 1250 βούλου
827 1198 974 1247 μᾶλλον,
997 1195 1019 1243 ἢ
1050 1196 1190 1247 μεγάλα
1212 1197 1357 1249 ἕγγυᾷν,

390 1256 410 1296 ὅ
424 1273 461 1296 τε
481 1257 547 1310 γὰρ
567 1256 723 1301 κίνδυνος
750 1255 876 1296 ἄπεστι
896 1257 957 1296 καὶ
987 1258 1007 1294 ὁ
1029 1255 1149 1295 λαὸὼν
1167 1255 1296 1309 ἔργων,
1318 1256 1356 1293 οὐ

389 1315 492 1368 λόγου
508 1314 631 1369 χρείαν
648 1313 736 1368 ἔχει.

443 1375 598 1427 (Anton.
622 1382 660 1413 et
676 1373 776 1413 Max.
799 1387 838 1425 p.
861 1373 964 1426 278.)

311 1448 372 1475 158.
386 1434 522 1487 Μικραὶ
545 1433 689 1487 χάριτες
713 1434 748 1471 ἐν
771 1434 882 1486 καιρῷ
911 1432 1076 1485 μέγισται
1101 1436 1191 1471 τοῖσι
1210 1430 1355 1483 λαμὸοί-

381 1508 490 1533 νουσι.

444 1551 677 1602 (Democrat.
698 1551 817 1590 Orell.
837 1564 877 1590 n.
898 1550 981 1601 60.)

312 1623 376 1650 159.
390 1610 547 1662 Χάριτας
567 1609 730 1663 δέχεσθαι
761 1608 875 1661 χρεὼν
905 1609 1232 1662 προσκοπευόμενον
1253 1606 1356 1651 κρέσ-

391 1682 492 1712 σονας
513 1667 645 1706 αὐτέων
669 1667 820 1718 ἀμοιὸὰς
843 1667 1045 1707 ἀποδοῦναι.

443 1727 677 1779 (Democrat.
701 1727 824 1765 Orell.
842 1740 881 1765 11.
903 1726 980 1778 58.)

312 1798 376 1825 160.
392 1784 606 1835 Χαριστικὸς
625 1785 686 1823 οὔκ
705 1787 723 1823 ὃ
746 1784 883 1837 βλέπων
901 1784 986 1837 πρὸς
1006 1782 1069 1831 τὴν
1091 1781 1256 1834 ἀμοιὸήν,
1276 1783 1354 1822 ἀλλ’

389 1845 407 1881 ὃ
428 1837 465 1881 εὖ
482 1844 566 1896 δρᾷν
582 1842 837 1896 προῃρημένος.

446 1902 559 1954 (lbid.
577 1915 617 1940 n.
641 1903 723 1954 62.)

313 1973 379 2000 161.
396 1961 482 2000 Οὐδ’
495 1959 554 1998 ὑπ’
571 1960 643 2003 ἐνὸς
654 1958 831 2013 φιλέεσθαι
845 1958 957 1998 δοκέει
972 1974 1030 2009 μοι
1040 1962 1058 1998 ὁ
1075 1957 1202 2012 φιλέων
1214 1957 1353 1998 οὐδένα.

447 2019 679 2071 (Democrat.
698 2019 818 2059 Orell.
841 2018 924 2070 69.)

312 2080 461 2132 162.Ζῇν
500 2078 562 2117 οὒκ
594 2077 698 2124 ἄξιος,
720 2077 790 2131 ὅτῳ
813 2077 934 2129 μηδείς
968 2078 1041 2116 ἐστι
1069 2076 1222 2130 χρηστὸς
1240 2077 1353 2131 φίλος.

445 2137 674 2189 (Democrat.
691 2137 812 2175 Orell.
834 2150 874 2175 n.
897 2137 984 2187 65.)

357 2342 424 2370 152.
460 2337 559 2369 Amici
583 2340 671 2375 sunt,
706 2345 770 2369 non
795 2335 981 2378 quicunque
1012 2336 1132 2377 agnati,
1162 2335 1218 2368 sed
1237 2335 1293 2377 qui
1320 2335 1360 2368 de

310 2394 489 2427 commodis
510 2394 574 2426 tuis
592 2397 699 2427 tecum
718 2394 932 2426 consentiunt.

357 2457 425 2487 153.
447 2453 623 2487 consensio
641 2452 814 2485 amicitiam
829 2452 921 2494 parit.

357 2515 426 2546 154.
458 2511 590 2545 Gladius
620 2511 750 2553 quidem
780 2513 885 2552 secat,
919 2510 1080 2544 caiumnia
1104 2513 1214 2543 autem
1235 2512 1362 2552 separat

311 2571 442 2604 amicos.

358 2633 428 2662 155.
451 2629 639 2670 cuicunque
661 2629 888 2662 benefacturus
908 2637 955 2670 es,
974 2628 1085 2661 statim
1103 2627 1188 2669 apud
1216 2636 1292 2661 eum
1309 2627 1362 2660 be-

315 2688 464 2720 nennium
481 2688 620 2729 cottoca;
642 2687 775 2721 tarditas
790 2688 875 2720 enim
889 2687 1068 2729 corrumpit
1085 2695 1216 2719 munus.

360 2750 428 2780 156.
450 2747 481 2779 Si
490 2746 570 2780 bene
580 2747 682 2780 facere
691 2748 792 2788 potes,
800 2755 841 2779 ne
857 2746 1036 2787 cuncteris,
1048 2745 1103 2779 sed
1115 2745 1248 2787 iargire,
1258 2745 1363 2778 sciens

316 2815 379 2838 non
399 2814 467 2838 esse
479 2815 529 2838 res
548 2806 629 2838 ullas
646 2805 824 2838 diuturnas.

359 2866 429 2897 157.
451 2866 552 2897 Parva
581 2864 688 2909 potius
718 2864 876 2905 largiaris,
906 2873 1004 2906 quam
1033 2872 1150 2905 magna
1178 2863 1360 2905 promittas.

315 2922 399 2955 Illud
420 2923 506 2956 enim
528 2922 670 2964 periculo
692 2925 800 2964 vacat,
823 2924 856 2956 et
872 2922 928 2965 qui
943 2923 1075 2964 accipit,
1102 2932 1148 2964 re,
1169 2932 1234 2955 non
1254 2921 1362 2956 verbis

317 2981 446 3023 indiget.

361 3044 430 3074 158.
454 3042 557 3073 Ρ31ν3
589 3040 745 3074 beneficia
767 3040 960 3082 tempestive
988 3041 1108 3074 coliata
1128 3040 1362 3082 accipientibus

316 3098 396 3131 1111111
414 3099 566 3131 maxima.

361 3161 431 3190 159.
466 3157 654 3199 Accipienda
680 3161 755 3190 sunt
786 3157 940 3190 beneficia
968 3167 1006 3191 eo
1028 3158 1164 3191 consilio
1182 3158 1249 3199 jam
1268 3159 1361 3192 antea

317 3215 409 3257 10110,
428 3217 466 3248 ut
487 3216 624 3256 majores
640 3216 812 3258 aliquando
829 3217 945 3258 gratias
962 3217 1151 3250 referamus.

361 3277 429 3307 160.
442 3274 608 3306 Beneficus
623 3278 683 3314 est,
694 3284 759 3308 non
771 3275 825 3316 qui
842 3275 1134 3317 remunerationem
1150 3276 1284 3317 spectat,
1303 3276 1359 3308 sed

315 3333 371 3374 qui
386 3341 443 3366 sua
461 3334 574 3375 sponte
591 3333 780 3366 beneficium
799 3335 884 3367 facit.

362 3395 431 3425 161.
452 3395 478 3425 Α
502 3392 628 3425 nemine
643 3393 740 3425 amari
760 3393 908 3426 existimo
926 3401 1001 3426 eum
1019 3393 1074 3434 qui
1092 3392 1248 3425 neminem
1262 3395 1360 3425 amat.

363 3452 430 3481 162.
447 3449 599 3489 Indignus
610 3451 657 3482 est
676 3449 730 3491 qui
746 3451 848 3491 vivat,
868 3450 920 3483 cui
936 3451 1043 3484 nullus
1059 3452 1109 3484 est
1124 3451 1245 3484 amicus
1262 3451 1361 3484 bene·

321 3507 419 3538 1111115.

1064 290 1352 332 DEMocnrrt
1378 289 1716 330 FRAGMENTA.

1421 375 1603 420 1113.Ἓνὸς
1633 375 1731 429 φιλίη
1769 375 1906 422 ξυνετοῦ
1940 377 2098 431 κρέσσων
2138 378 2309 424 ἀξυνέτων
2339 379 2460 420 ἁπάν-

1498 451 1584 476 των.

1552 494 1786 546 (Democrat.
1805 495 1926 536 Orell.
1950 509 1990 534 n.
2010 495 2087 547 64.)

1420 565 1481 592 161.
1497 552 1558 592 Ἐν
1577 553 1722 606 εὐτυχίῃ
1742 552 1841 607 φίλον
1862 554 1991 607 εὗρίειν
2013 554 2170 608 εὔπορον,
2188 556 2223 594 ἐν
2241 554 2276 594 δὲ
2297 556 2460 612 δυςτυχίῃ

1496 611 1638 651 πάντων
1659 611 1902 664 ἀπορώτατον.

1553 670 1787 723 (Democrat.
1807 670 1928 710 Oreit.
1948 684 1989 710 n.
2009 671 2087 723 70.)

1420 742 1482 768 165.
1496 728 1752 781 Ἔκτρέπονται
1782 728 1906 768 πολλοὶ
1923 729 2000 774 τοὺς
2025 730 2158 784 φίλους,
2177 730 2264 780 ἐπὴν
2297 731 2333 778 ἐξ
2350 732 2461 773 εὖπρ-

1500 787 1576 840 ρίης
1611 788 1657 831 εἰς
1688 787 1809 834 πενίην
1844 786 2082 838 μεταπέσωσι.

1554 847 1816 899 (Democrates
1853 860 1917 899 ap.
1936 846 2056 888 oren.
2079 861 2121 887 n.
2143 848 2223 901 67.)

1424 918 1485 944 166.
1501 904 1621 955 Ὄτεῳ
1641 904 1730 955 μηδὲ
1750 904 1919 955 ἀμύνουσι
1940 905 1997 943 ἐπὶ
2028 907 2157 945 πολλὸν
2189 909 2222 946 οἱ
2246 907 2465 961 πειραθέντες

1501 964 1614 1017 φίλοι,
1635 964 1843 1017 δύστροπος.

1558 1024 1794 1074 (Democrat.
1814 1023 1936 1063 Orell.
1959 1037 1998 1063 n.
2014 1022 2098 1076 66.)

1424 1095 1488 1123 167.
1504 1081 1618 1128 Ἄξιον
1642 1080 1842 1134 ἀνθρώπους
1860 1083 1981 1127 ἐόντας
2003 1082 2057 1122 ἐπ’
2071 1082 2262 1136 ἀνθρώπων
2273 1082 2469 1140 ξυμφορῇσι

1503 1139 1553 1192 μὴ
1583 1142 1701 1194 γελᾷν,
1731 1140 1809 1179 ἀλλ’
1838 1140 2082 1194 ὀλοφύρεσθαι.

1558 1199 1788 1244 (Democrat.
1804 1199 1926 1238 Orell.
1947 1214 1986 1240 n.
2008 1202 2087 1252 74.)

1427 1271 1491 1296 168.
1516 1251 1601 1297 Οἶσι
1623 1257 1751 1305 ἡδονὴν
1775 1257 1897 1311 ἔχουσι
1926 1260 1962 1297 αἱ
1991 1262 2060 1298 τῶν
2080 1259 2190 1304 πέλας
2215 1259 2409 1314 ξυμφοραί,
2429 1262 2469 1302 οὗ

1504 1315 1637 1361 ξυνιᾶσι
1652 1316 1713 1368 μὲν
1735 1319 1782 1361 ὡς
1796 1318 1840 1356 τὰ
1860 1320 1922 1365 τῆς
1941 1318 2052 1371 τύχης
2067 1318 2167 1359 κοινὰ
2185 1325 2286 1368 πᾶσι,
2302 1319 2468 1374 ἀπορέου-

1503 1391 1538 1414 σι
1558 1375 1594 1414 δὲ
1611 1375 1748 1424 οἷκηΐης
1765 1383 1893 1429 χαρᾶς.

1560 1433 1683 1484 (Stob.
1704 1434 1806 1475 Flor.
1828 1434 1950 1484 cxlt,
1978 1437 2056 1487 ιο.)

1427 1507 1491 1533 160.
1510 1495 1572 1540 Μὴ
1593 1499 1700 1541 πᾶσι,
1722 1494 1815 1533 ἀλλὰ
1833 1496 1925 1533 τοῖσι
1949 1494 2122 1546 δοκίμοισι
2139 1495 2326 1535 πιστεύειν·
2341 1497 2383 1536 τὸ
2405 1497 2468 1548 μὲν

1503 1551 1572 1605 γὰρ
1606 1551 1738 1600 εὔηθες,
1775 1551 1814 1590 τὸ
1858 1551 1895 1591 δὲ
1933 1553 2197 1607 σωφρονέοντος.

1561 1611 1795 1661 (Democrat.
1812 1611 1931 1651 Orell.
1954 1625 1994 1650 n.
2019 1613 2094 1662 32.)

1427 1682 1489 1709 170.
1503 1668 1573 1709 Τὸν
1595 1670 1725 1723 φαῦλον
1746 1669 2030 1723 παραφυλάττειν
2045 1670 2127 1719 δέει,
2149 1670 2199 1722 μὴ
2219 1674 2339 1725 καιροῦ
2359 1671 2470 1720 λοίὸη-

1504 1743 1575 1768 ται.

1556 1787 1790 1838 (Democrat.
1813 1787 1933 1828 Orell.
1952 1801 1992 1827 n.
2013 1786 2095 1840 53.)

1426 1860 1487 1885 171.
1503 1845 1655 1898 Δόκιμος
1681 1845 1769 1899 ἀνὴρ
1801 1846 1863 1885 καὶ
1883 1847 2048 1897 ἀδόκιμος
2076 1848 2137 1885 οὐκ
2153 1849 2193 1886 ἐκ
2223 1849 2292 1887 τῶν
2319 1847 2470 1900 πρήσσει

1504 1904 1735 2009 gamag-{Uet
1751 1906 1819 1997 ng}
1834 1907 1874 2011 ἐὶκ
1893 1907 1961 1944 τῶν
1984 1905 2159 1958 βούλεται.

1627 1973 1638 1997 1
1671 1988 1681 1998 .
1706 1973 1746 1999 n.
1827 1989 1836 1998 .

1425 2032 1492 2059 172.
1508 2017 1747 2071 Χαριζόμενος
1765 2017 1986 2068 προσκέπτεο
2004 2016 2062 2056 τὸν
2078 2017 2317 2068 λαμὸάνοντα,
2331 2017 2381 2069 μὴ
2397 2031 2466 2056 κα-

1501 2076 1561 2115 κὸν
1585 2076 1658 2115 ἀντ’
1688 2078 1818 2129 ἀγαθοῦ
1834 2075 1999 2124 κίὸδηλος
2022 2075 2088 2115 ἐὼν
2109 2077 2245 2129 ἀποδῷ.

1562 2136 1679 2186 (lbid.
1702 2149 1741 2176 n.
1762 2135 1843 2189 59.)

1468 2338 1538 2369 163.
1555 2336 1658 2369 Unius
1671 2335 1836 2378 prudentis
1844 2336 1983 2369 hominis
1998 2337 2137 2370 amicitia
2144 2337 2314 2370 stultorum
2324 2338 2470 2371 omnium

1422 2395 1571 2428 amicitiae
1587 2397 1635 2428 est
1651 2395 1857 2436 praeferenda.

1467 2455 1537 2485 164.
1563 2454 1598 2485 111
1615 2452 1712 2485 rebus
1742 2451 1891 2485 secundis
1905 2452 2050 2485 amicum
2075 2452 2219 2486 invenire
2244 2453 2336 2486 facite
2354 2456 2416 2494 aet,
2437 2452 2472 2487 in

1421 2509 1561 2542 adversis
1577 2509 1722 2542 omnium
1737 2509 1976 2542 difficillimum.

1467 2571 1536 2601 165.
1561 2568 1652 2601 Μ11111
1668 2568 1789 2601 amicos
1803 2568 1959 2610 devitant,
1976 2568 2106 2610 quando
2116 2577 2155 2601 ex
2166 2569 2273 2610 ampta
2293 2569 2422 2602 fortuna
2438 2569 2471 2602 in

1424 2628 1644 2668 paupertatem
1664 2627 1855 2660 inciderunt.

1467 2690 1536 2719 166.
1554 2686 1613 2718 Cui
1630 2695 1670 2719 ne
1690 2686 1786 2719 amici
1802 2685 1934 2728 quidem
1957 2686 2011 2719 diu
2033 2687 2157 2728 probati
2179 2695 2274 2728 opem
2295 2687 2419 2728 ferunt,
2442 2687 2471 2720 is

1423 2753 1570 2777 morosus
1587 2746 1636 2778 est
1654 2745 1751 2777 homo
1764 2746 1796 2778 et
1812 2744 1963 2778 difficilis.

1469 2805 1538 2836 167.
1561 2803 1714 2837 Homines
1733 2812 1833 2844 quum
1862 2803 1978 2844 simus,
2010 2803 2165 2836 humanas
2188 2803 2387 2836 calamitates
2411 2812 2471 2836 nos

1423 2871 1488 2894 non
1504 2862 1647 2901 irridere,
1667 2862 1721 2895 sed
1740 2862 1906 2903 deplorare
1928 2862 2088 2894 convenit.

1468 2925 1534 2954 168.
1552 2920 1676 2960 Quibus
1689 2920 1824 2953 aliorum
1839 2929 1889 2953 res
1905 2920 2048 2953 adversae
2065 2920 2221 2960 voiuptati
2240 2922 2327 2959 sunt,
2347 2920 2390 2952 illi
2407 2930 2469 2953 nnn

1424 2980 1603 3021 intelligunt
1617 2979 1752 3012 sortunae
1769 2988 1861 3012 casus
1875 2978 2024 3011 omnibus
2045 2986 2113 3011 esse
2123 2987 2324 3020 0001100005,
2341 2981 2374 3011 01
2396 2988 2469 3020 pru-

1424 3040 1491 3078 prio
1510 3038 1626 3080 gaudio
1648 3038 1770 3071 carent.
2349 3043 2354 3048 ·

1467 3101 1537 3130 169.
1555 3099 1626 3131 Νο0
1641 3095 1803 3135 omnibus,
1823 3095 1878 3128 sed
1900 3095 2050 3136 spectatis
2071 3094 2235 3127 fidendum
2254 3108 2262 3127 :
2281 3095 2360 3128 iliud
2383 3096 2467 3129 enim

1422 3157 1526 3197 stulti,
1546 3156 1608 3188 1100
1627 3154 1792 3196 prudentis
1812 3155 1871 3186 est.

1469 3218 1537 3248 170.
1571 3213 1756 3256 Improbum
1787 3212 1960 3245 observare
1988 3221 2045 3244 uos
2074 3214 2212 3253 oportet,
2231 3222 2271 3245 ne
2300 3212 2463 3254 (nocendi)

1421 3274 1621 3306 occasionem
1644 3271 1783 3312 arripiat.

1466 3334 1534 3365 171.
1556 3333 1615 3365 Vir
1632 3331 1750 3373 probus
1767 3330 1822 3362 aut
1837 3328 2002 3370 improbus
2021 3338 2085 3360 non
2101 3337 2142 3361 ex
2159 3329 2307 3370 operibus
2326 3331 2465 3370 tantum,

1422 3391 1477 3423 sed
1500 3390 1598 3423 etiam
1617 3398 1658 3422 ex
1677 3389 1841 3421 voluntate
1857 3389 2032 3429 spectatur.

1468 3453 1537 3482 172.
1554 3449 1652 3489 Vide,
1677 3448 1729 3480 cui
1759 3446 1947 3479 beneficium
1977 3445 2046 3486 des,
2073 3455 2113 3479 ne
2145 3446 2239 3487 sorte,
2263 3446 2290 3478 si
2312 3445 2468 3478 subdolus
2499 3443 2503 3448 '

1425 3508 1530 3548 suerit,
1549 3507 1670 3540 malum
1692 3515 1750 3548 pro
1768 3505 1852 3539 bono
1874 3505 1933 3538 tibi
1950 3504 2073 3538 reddat.
