<?xml version="1.0" encoding="UTF-8"?>
<!DOCTYPE html PUBLIC "-//W3C//DTD XHTML 1.0 Transitional//EN"
    "http://www.w3.org/TR/xhtml1/DTD/xhtml1-transitional.dtd">
<html xmlns="http://www.w3.org/1999/xhtml" xml:lang="en" lang="en">
 <head>
  <title>
</title>
<meta http-equiv="Content-Type" content="text/html;charset=utf-8" />
  <meta name='ocr-system' content='tesseract 3.04.00' />
  <meta name='ocr-capabilities' content='ocr_page ocr_carea ocr_par ocr_line ocrx_word'/>
</head>
<body>
  <div class='ocr_page' id='page_1' title='image "./fragmentaphiloso01mulluoft_0033.png"; bbox 0 0 2612 3814; ppageno 0'>
   <div class='ocr_carea' id='block_1_1' title="bbox 1019 304 1447 344">
    <p class='ocr_par' dir='ltr' id='par_1_1' title="bbox 1019 304 1447 344">
     <span class='ocr_line' id='line_1_1' title="bbox 1019 304 1447 344; baseline -0.005 0"><span class='ocrx_word' id='word_1_1' title='bbox 1019 305 1088 344; x_wconf 88' lang='lat' dir='ltr'>DE</span> <span class='ocrx_word' id='word_1_2' title='bbox 1115 304 1447 344; x_wconf 81' lang='lat' dir='ltr'><strong>EMPEDOCLE.</strong></span> 
     </span>
    </p>
   </div>
   <div class='ocr_carea' id='block_1_2' title="bbox 205 392 1181 771">
    <p class='ocr_par' dir='ltr' id='par_1_2' title="bbox 207 392 959 512">
     <span class='ocr_line' id='line_1_2' title="bbox 208 392 959 448; baseline -0.004 -13"><span class='ocrx_word' id='word_1_3' title='bbox 208 396 341 448; x_wconf 79' lang='grc' dir='ltr'>ἀνδρῶν</span> <span class='ocrx_word' id='word_1_4' title='bbox 361 393 487 448; x_wconf 83' lang='grc' dir='ltr'>ἡρώων</span> <span class='ocrx_word' id='word_1_5' title='bbox 505 397 595 434; x_wconf 89' lang='grc' dir='ltr'>θεῖον</span> <span class='ocrx_word' id='word_1_6' title='bbox 614 392 711 446; x_wconf 86' lang='grc' dir='ltr'>γένος</span> <span class='ocrx_word' id='word_1_7' title='bbox 725 392 759 432; x_wconf 83' lang='grc' dir='ltr'>οἳ</span> <span class='ocrx_word' id='word_1_8' title='bbox 773 393 959 432; x_wconf 75' lang='grc' dir='ltr'>καλέονται</span> 
     </span>
     <span class='ocr_line' id='line_1_3' title="bbox 207 461 852 512; baseline 0 -13"><span class='ocrx_word' id='word_1_9' title='bbox 207 461 772 512; x_wconf 73' lang='grc' dir='ltr'>ἡμίθεοι........................,.</span> <span class='ocrx_word' id='word_1_10' title='bbox 778 488 852 500; x_wconf 90' lang='grc'><strong>.....</strong></span> 
     </span>
    </p>

    <p class='ocr_par' dir='ltr' id='par_1_3' title="bbox 205 523 1018 576">
     <span class='ocr_line' id='line_1_4' title="bbox 205 523 1018 576; baseline -0.004 -11"><span class='ocrx_word' id='word_1_11' title='bbox 205 526 266 566; x_wconf 79' lang='grc' dir='ltr'>καὶ</span> <span class='ocrx_word' id='word_1_12' title='bbox 281 525 335 565; x_wconf 79' lang='grc' dir='ltr'>τοὶ</span> <span class='ocrx_word' id='word_1_13' title='bbox 349 524 414 576; x_wconf 76' lang='grc' dir='ltr'>μὲν</span> <span class='ocrx_word' id='word_1_14' title='bbox 429 523 583 565; x_wconf 78' lang='grc' dir='ltr'><strong>ναίουσιν</strong></span> <span class='ocrx_word' id='word_1_15' title='bbox 601 523 735 572; x_wconf 78' lang='grc' dir='ltr'>ἀκηδέα</span> <span class='ocrx_word' id='word_1_16' title='bbox 756 523 863 575; x_wconf 82' lang='grc' dir='ltr'>θυμὸν</span> <span class='ocrx_word' id='word_1_17' title='bbox 879 523 1018 576; x_wconf 79' lang='grc' dir='ltr'>ἔχοντες</span> 
     </span>
    </p>

    <p class='ocr_par' dir='ltr' id='par_1_4' title="bbox 205 586 1079 708">
     <span class='ocr_line' id='line_1_5' title="bbox 209 586 1079 641; baseline -0.006 -11"><span class='ocrx_word' id='word_1_18' title='bbox 209 592 244 630; x_wconf 84' lang='grc' dir='ltr'>έν</span> <span class='ocrx_word' id='word_1_19' title='bbox 259 587 431 641; x_wconf 77' lang='grc' dir='ltr'>μακάρων</span> <span class='ocrx_word' id='word_1_20' title='bbox 449 588 586 636; x_wconf 83' lang='grc' dir='ltr'>νήσοισι</span> <span class='ocrx_word' id='word_1_21' title='bbox 603 587 688 641; x_wconf 86' lang='grc' dir='ltr'>παρ’</span> <span class='ocrx_word' id='word_1_22' title='bbox 701 587 870 627; x_wconf 83' lang='grc' dir='ltr'>Ὠκεανὸν</span> <span class='ocrx_word' id='word_1_23' title='bbox 891 586 1079 639; x_wconf 81' lang='grc' dir='ltr'>βαθυδίνην</span> 
     </span>
     <span class='ocr_line' id='line_1_6' title="bbox 205 650 937 708; baseline -0.004 -16"><span class='ocrx_word' id='word_1_24' title='bbox 205 653 318 693; x_wconf 77' lang='grc' dir='ltr'>ὄλὸιοι</span> <span class='ocrx_word' id='word_1_25' title='bbox 336 652 467 706; x_wconf 81' lang='grc' dir='ltr'>ἥρωες·</span> <span class='ocrx_word' id='word_1_26' title='bbox 487 655 602 691; x_wconf 86' lang='grc' dir='ltr'>τοῖσιν</span> <span class='ocrx_word' id='word_1_27' title='bbox 613 650 782 708; x_wconf 69' lang='grc' dir='ltr'>μελιηδέα</span> <span class='ocrx_word' id='word_1_28' title='bbox 802 650 937 705; x_wconf 86' lang='grc' dir='ltr'>καρπὸν</span> 
     </span>
    </p>

    <p class='ocr_par' dir='ltr' id='par_1_5' title="bbox 205 713 1181 771">
     <span class='ocr_line' id='line_1_7' title="bbox 205 713 1181 771; baseline -0.003 -15"><span class='ocrx_word' id='word_1_29' title='bbox 205 716 281 771; x_wconf 77' lang='grc' dir='ltr'>τρὶς</span> <span class='ocrx_word' id='word_1_30' title='bbox 291 719 352 756; x_wconf 77' lang='grc' dir='ltr'>τοῦ</span> <span class='ocrx_word' id='word_1_31' title='bbox 363 715 458 761; x_wconf 85' lang='grc' dir='ltr'>ἔτους</span> <span class='ocrx_word' id='word_1_32' title='bbox 471 716 644 756; x_wconf 79' lang='grc' dir='ltr'>θάλλοντα</span> <span class='ocrx_word' id='word_1_33' title='bbox 657 715 753 770; x_wconf 76' lang='grc' dir='ltr'>φέρει</span> <span class='ocrx_word' id='word_1_34' title='bbox 768 715 928 769; x_wconf 85' lang='grc' dir='ltr'>ζείδωρος</span> <span class='ocrx_word' id='word_1_35' title='bbox 943 713 1074 770; x_wconf 80' lang='grc' dir='ltr'>ἄρουρα</span> <span class='ocrx_word' id='word_1_36' title='bbox 1092 713 1158 768; x_wconf 85' lang='lat'><strong>(1).</strong></span> <span class='ocrx_word' id='word_1_37' title='bbox 1177 755 1181 761; x_wconf 64' lang='grc'>,</span> 
     </span>
    </p>
   </div>
   <div class='ocr_carea' id='block_1_3' title="bbox 153 825 1208 943">
    <p class='ocr_par' dir='ltr' id='par_1_6' title="bbox 153 825 1208 943">
     <span class='ocr_line' id='line_1_8' title="bbox 154 825 1208 879; baseline -0.005 -11"><span class='ocrx_word' id='word_1_38' title='bbox 154 827 249 868; x_wconf 82' lang='lat' dir='ltr'>Haec</span> <span class='ocrx_word' id='word_1_39' title='bbox 268 826 490 879; x_wconf 83' lang='lat' dir='ltr'><strong>paullulum</strong></span> <span class='ocrx_word' id='word_1_40' title='bbox 504 828 768 865; x_wconf 82' lang='lat' dir='ltr'><strong>immutarunt</strong></span> <span class='ocrx_word' id='word_1_41' title='bbox 785 825 1045 878; x_wconf 81' lang='lat' dir='ltr'><strong>Pythagorei3</strong></span> <span class='ocrx_word' id='word_1_42' title='bbox 1062 836 1155 864; x_wconf 90' lang='lat' dir='ltr'>nam</span> <span class='ocrx_word' id='word_1_43' title='bbox 1168 826 1208 864; x_wconf 92' lang='lat' dir='ltr'>in</span> 
     </span>
     <span class='ocr_line' id='line_1_9' title="bbox 153 892 657 943; baseline -0.01 -9"><span class='ocrx_word' id='word_1_44' title='bbox 153 904 273 934; x_wconf 85' lang='lat' dir='ltr'><strong>aureo</strong></span> <span class='ocrx_word' id='word_1_45' title='bbox 291 893 464 932; x_wconf 82' lang='lat' dir='ltr'><strong>carmine</strong></span> <span class='ocrx_word' id='word_1_46' title='bbox 483 892 626 943; x_wconf 84' lang='lat' dir='ltr'><strong>legitur</strong></span> <span class='ocrx_word' id='word_1_47' title='bbox 646 903 657 929; x_wconf 71' lang='grc' dir='ltr'>ς</span> 
     </span>
    </p>
   </div>
   <div class='ocr_carea' id='block_1_4' title="bbox 208 980 1155 1180">
    <p class='ocr_par' dir='ltr' id='par_1_7' title="bbox 208 980 1155 1180">
     <span class='ocr_line' id='line_1_10' title="bbox 209 980 1155 1048; baseline -0.004 -12"><span class='ocrx_word' id='word_1_48' title='bbox 209 980 402 1040; x_wconf 81' lang='grc' dir='ltr'>ἀθανάτους</span> <span class='ocrx_word' id='word_1_49' title='bbox 419 994 482 1048; x_wconf 82' lang='grc' dir='ltr'>μὲν</span> <span class='ocrx_word' id='word_1_50' title='bbox 501 996 626 1048; x_wconf 77' lang='grc' dir='ltr'>πρῶτα</span> <span class='ocrx_word' id='word_1_51' title='bbox 646 994 742 1039; x_wconf 84' lang='grc' dir='ltr'>θεούς</span> <span class='ocrx_word' id='word_1_52' title='bbox 753 1024 765 1046; x_wconf 86' lang='grc'>,</span> <span class='ocrx_word' id='word_1_53' title='bbox 776 992 874 1047; x_wconf 86' lang='grc' dir='ltr'>νόμῳ</span> <span class='ocrx_word' id='word_1_54' title='bbox 890 995 937 1038; x_wconf 80' lang='grc' dir='ltr'>ὥς</span> <span class='ocrx_word' id='word_1_55' title='bbox 950 993 1155 1042; x_wconf 85' lang='grc' dir='ltr'>διάκεινται,</span> 
     </span>
     <span class='ocr_line' id='line_1_11' title="bbox 210 1058 1101 1114; baseline -0.004 -13"><span class='ocrx_word' id='word_1_56' title='bbox 210 1061 299 1113; x_wconf 85' lang='grc' dir='ltr'>τίμα</span> <span class='ocrx_word' id='word_1_57' title='bbox 317 1061 379 1101; x_wconf 81' lang='grc' dir='ltr'>καὶ</span> <span class='ocrx_word' id='word_1_58' title='bbox 395 1061 500 1100; x_wconf 79' lang='grc' dir='ltr'>σε’ὅου</span> <span class='ocrx_word' id='word_1_59' title='bbox 519 1059 644 1114; x_wconf 79' lang='grc' dir='ltr'>ὅρκον,</span> <span class='ocrx_word' id='word_1_60' title='bbox 667 1058 774 1099; x_wconf 86' lang='grc' dir='ltr'>ἔπειθ’</span> <span class='ocrx_word' id='word_1_61' title='bbox 795 1058 913 1112; x_wconf 87' lang='grc' dir='ltr'>ἥρωας</span> <span class='ocrx_word' id='word_1_62' title='bbox 927 1058 1077 1110; x_wconf 80' lang='grc' dir='ltr'>ἀγαυούς</span> <span class='ocrx_word' id='word_1_63' title='bbox 1089 1089 1101 1110; x_wconf 85' lang='grc'>,</span> 
     </span>
     <span class='ocr_line' id='line_1_12' title="bbox 208 1123 1155 1180; baseline -0.003 -12"><span class='ocrx_word' id='word_1_64' title='bbox 208 1125 288 1172; x_wconf 81' lang='grc' dir='ltr'>τούς</span> <span class='ocrx_word' id='word_1_65' title='bbox 300 1142 338 1167; x_wconf 85' lang='grc' dir='ltr'>τε</span> <span class='ocrx_word' id='word_1_66' title='bbox 352 1124 602 1180; x_wconf 80' lang='grc' dir='ltr'>καταχθονίους</span> <span class='ocrx_word' id='word_1_67' title='bbox 614 1123 697 1164; x_wconf 78' lang='grc' dir='ltr'>σέὸε</span> <span class='ocrx_word' id='word_1_68' title='bbox 711 1123 878 1176; x_wconf 86' lang='grc' dir='ltr'>δαίμονας</span> <span class='ocrx_word' id='word_1_69' title='bbox 891 1124 1018 1176; x_wconf 86' lang='grc' dir='ltr'>ἔννομα</span> <span class='ocrx_word' id='word_1_70' title='bbox 1034 1124 1155 1179; x_wconf 77' lang='grc' dir='ltr'>ῥέζων.</span> 
     </span>
    </p>
   </div>
   <div class='ocr_carea' id='block_1_5' title="bbox 121 1236 1215 1603">
    <p class='ocr_par' dir='ltr' id='par_1_8' title="bbox 121 1236 1215 1603">
     <span class='ocr_line' id='line_1_13' title="bbox 157 1236 1212 1291; baseline -0.004 -12"><span class='ocrx_word' id='word_1_71' title='bbox 157 1239 399 1291; x_wconf 79' lang='lat' dir='ltr'><strong>Porphyrius</strong></span> <span class='ocrx_word' id='word_1_72' title='bbox 416 1249 509 1278; x_wconf 89' lang='lat' dir='ltr'><strong>vero</strong></span> <span class='ocrx_word' id='word_1_73' title='bbox 525 1239 694 1289; x_wconf 89' lang='lat' dir='ltr'><strong>mystico</strong></span> <span class='ocrx_word' id='word_1_74' title='bbox 714 1237 974 1287; x_wconf 83' lang='lat' dir='ltr'><strong>posteriorum</strong></span> <span class='ocrx_word' id='word_1_75' title='bbox 993 1236 1212 1276; x_wconf 89' lang='lat' dir='ltr'><strong>Platonico-</strong></span> 
     </span>
     <span class='ocr_line' id='line_1_14' title="bbox 158 1300 1212 1352; baseline -0.004 -9"><span class='ocrx_word' id='word_1_76' title='bbox 158 1314 245 1343; x_wconf 88' lang='lat' dir='ltr'>rum</span> <span class='ocrx_word' id='word_1_77' title='bbox 274 1314 382 1342; x_wconf 91' lang='lat' dir='ltr'><strong>more</strong></span> <span class='ocrx_word' id='word_1_78' title='bbox 401 1304 441 1341; x_wconf 89' lang='lat' dir='ltr'>in</span> <span class='ocrx_word' id='word_1_79' title='bbox 466 1302 687 1352; x_wconf 85' lang='lat' dir='ltr'><strong>fragmento</strong></span> <span class='ocrx_word' id='word_1_80' title='bbox 717 1300 807 1340; x_wconf 89' lang='lat' dir='ltr'><strong>libri</strong></span> <span class='ocrx_word' id='word_1_81' title='bbox 828 1301 987 1340; x_wconf 89' lang='lat' dir='ltr'><strong>secundi</strong></span> <span class='ocrx_word' id='word_1_82' title='bbox 1010 1301 1059 1340; x_wconf 89' lang='lat' dir='ltr'>de</span> <span class='ocrx_word' id='word_1_83' title='bbox 1085 1301 1212 1352; x_wconf 90' lang='lat' dir='ltr'><strong>philo-</strong></span> 
     </span>
     <span class='ocr_line' id='line_1_15' title="bbox 155 1365 1210 1417; baseline -0.002 -11"><span class='ocrx_word' id='word_1_84' title='bbox 155 1366 294 1417; x_wconf 81' lang='lat' dir='ltr'><strong>sophia</strong></span> <span class='ocrx_word' id='word_1_85' title='bbox 329 1377 380 1405; x_wconf 89' lang='lat' dir='ltr'>ex</span> <span class='ocrx_word' id='word_1_86' title='bbox 414 1366 594 1405; x_wconf 88' lang='lat' dir='ltr'><strong>Oraculis</strong></span> <span class='ocrx_word' id='word_1_87' title='bbox 630 1365 849 1404; x_wconf 87' lang='lat' dir='ltr'><strong>haurienda</strong></span> <span class='ocrx_word' id='word_1_88' title='bbox 889 1376 981 1416; x_wconf 85' lang='lat' dir='ltr'>pag.</span> <span class='ocrx_word' id='word_1_89' title='bbox 1028 1370 1105 1404; x_wconf 73' lang='lat'>144</span> <span class='ocrx_word' id='word_1_90' title='bbox 1147 1365 1210 1404; x_wconf 91' lang='lat' dir='ltr'>ed.</span> 
     </span>
     <span class='ocr_line' id='line_1_16' title="bbox 121 1430 1215 1482; baseline 0 -12"><span class='ocrx_word' id='word_1_91' title='bbox 121 1467 123 1470; x_wconf 25' lang='lat'><strong>⁴</strong></span> <span class='ocrx_word' id='word_1_92' title='bbox 157 1431 284 1471; x_wconf 87' lang='lat' dir='ltr'><strong>Wolf.</strong></span> <span class='ocrx_word' id='word_1_93' title='bbox 304 1435 344 1471; x_wconf 89' lang='lat' dir='ltr'>et</span> <span class='ocrx_word' id='word_1_94' title='bbox 363 1431 469 1482; x_wconf 89' lang='lat' dir='ltr'><strong>apud</strong></span> <span class='ocrx_word' id='word_1_95' title='bbox 489 1430 610 1470; x_wconf 88' lang='lat' dir='ltr'><strong>Orell.</strong></span> <span class='ocrx_word' id='word_1_96' title='bbox 634 1430 778 1481; x_wconf 88' lang='lat' dir='ltr'><strong>Opusc.</strong></span> <span class='ocrx_word' id='word_1_97' title='bbox 801 1430 910 1469; x_wconf 89' lang='lat' dir='ltr'><strong>Vett.</strong></span> <span class='ocrx_word' id='word_1_98' title='bbox 930 1430 996 1470; x_wconf 86' lang='lat' dir='ltr'><strong>Gr.</strong></span> <span class='ocrx_word' id='word_1_99' title='bbox 1022 1435 1145 1470; x_wconf 88' lang='lat' dir='ltr'><strong>sentt.</strong></span> <span class='ocrx_word' id='word_1_100' title='bbox 1176 1435 1215 1470; x_wconf 91' lang='lat' dir='ltr'>et</span> 
     </span>
     <span class='ocr_line' id='line_1_17' title="bbox 156 1496 1212 1548; baseline -0.002 -11"><span class='ocrx_word' id='word_1_101' title='bbox 156 1509 276 1538; x_wconf 88' lang='lat' dir='ltr'><strong>morr.</strong></span> <span class='ocrx_word' id='word_1_102' title='bbox 298 1502 394 1536; x_wconf 88' lang='lat' dir='ltr'><strong>tom.</strong></span> <span class='ocrx_word' id='word_1_103' title='bbox 424 1497 458 1546; x_wconf 89' lang='grc' dir='ltr'>Ι,</span> <span class='ocrx_word' id='word_1_104' title='bbox 480 1509 519 1548; x_wconf 92' lang='lat' dir='ltr'>p.</span> <span class='ocrx_word' id='word_1_105' title='bbox 546 1502 639 1544; x_wconf 86' lang='lat'><strong>318,</strong></span> <span class='ocrx_word' id='word_1_106' title='bbox 660 1497 854 1546; x_wconf 85' lang='lat' dir='ltr'><strong>triplicem</strong></span> <span class='ocrx_word' id='word_1_107' title='bbox 871 1497 1019 1547; x_wconf 89' lang='lat' dir='ltr'><strong>prolem</strong></span> <span class='ocrx_word' id='word_1_108' title='bbox 1039 1496 1212 1535; x_wconf 90' lang='lat' dir='ltr'><strong>divinam</strong></span> 
     </span>
     <span class='ocr_line' id='line_1_18' title="bbox 156 1560 924 1603; baseline -0.004 -1"><span class='ocrx_word' id='word_1_109' title='bbox 156 1564 198 1603; x_wconf 90' lang='lat' dir='ltr'>in</span> <span class='ocrx_word' id='word_1_110' title='bbox 215 1561 323 1601; x_wconf 90' lang='lat' dir='ltr'><strong>hunc</strong></span> <span class='ocrx_word' id='word_1_111' title='bbox 342 1561 506 1600; x_wconf 90' lang='lat' dir='ltr'><strong>modum</strong></span> <span class='ocrx_word' id='word_1_112' title='bbox 526 1563 698 1600; x_wconf 83' lang='lat' dir='ltr'><strong>carmine</strong></span> <span class='ocrx_word' id='word_1_113' title='bbox 717 1560 888 1600; x_wconf 86' lang='lat' dir='ltr'><strong>celebrat</strong></span> <span class='ocrx_word' id='word_1_114' title='bbox 914 1573 924 1600; x_wconf 92' lang='lat'><strong>:</strong></span> 
     </span>
    </p>
   </div>
   <div class='ocr_carea' id='block_1_6' title="bbox 209 1663 1159 2234">
    <p class='ocr_par' dir='ltr' id='par_1_9' title="bbox 209 1663 1159 1850">
     <span class='ocr_line' id='line_1_19' title="bbox 209 1663 1023 1721; baseline -0.005 -14"><span class='ocrx_word' id='word_1_115' title='bbox 209 1665 413 1708; x_wconf 83' lang='grc' dir='ltr'>Ἀθανάτων</span> <span class='ocrx_word' id='word_1_116' title='bbox 428 1666 558 1721; x_wconf 76' lang='grc' dir='ltr'>ἄρῤητε</span> <span class='ocrx_word' id='word_1_117' title='bbox 574 1665 708 1718; x_wconf 81' lang='grc' dir='ltr'>πατήρ,</span> <span class='ocrx_word' id='word_1_118' title='bbox 726 1664 846 1704; x_wconf 78' lang='grc' dir='ltr'>αἰώνιε</span> <span class='ocrx_word' id='word_1_119' title='bbox 857 1694 868 1714; x_wconf 95' lang='grc'>,</span> <span class='ocrx_word' id='word_1_120' title='bbox 888 1663 1023 1716; x_wconf 86' lang='grc' dir='ltr'>μύστα,</span> 
     </span>
     <span class='ocr_line' id='line_1_20' title="bbox 210 1728 1159 1785; baseline -0.005 -13"><span class='ocrx_word' id='word_1_121' title='bbox 210 1732 354 1784; x_wconf 88' lang='grc' dir='ltr'>κόσμων</span> <span class='ocrx_word' id='word_1_122' title='bbox 373 1730 605 1785; x_wconf 77' lang='grc' dir='ltr'>ἀμφιδρόμων</span> <span class='ocrx_word' id='word_1_123' title='bbox 625 1729 841 1784; x_wconf 80' lang='grc' dir='ltr'>ἐποχούμενε</span> <span class='ocrx_word' id='word_1_124' title='bbox 862 1728 1016 1769; x_wconf 85' lang='grc' dir='ltr'>δέσποτα</span> <span class='ocrx_word' id='word_1_125' title='bbox 1036 1728 1159 1774; x_wconf 85' lang='grc' dir='ltr'>νώτοις</span> 
     </span>
     <span class='ocr_line' id='line_1_21' title="bbox 213 1793 1018 1850; baseline -0.004 -15"><span class='ocrx_word' id='word_1_126' title='bbox 213 1795 394 1850; x_wconf 83' lang='grc' dir='ltr'>αἰθερίοις,</span> <span class='ocrx_word' id='word_1_127' title='bbox 411 1796 522 1842; x_wconf 76' lang='grc' dir='ltr'>ἀλκῆς</span> <span class='ocrx_word' id='word_1_128' title='bbox 543 1793 602 1834; x_wconf 79' lang='grc' dir='ltr'>ἵνα</span> <span class='ocrx_word' id='word_1_129' title='bbox 623 1810 677 1835; x_wconf 92' lang='grc' dir='ltr'>σοι</span> <span class='ocrx_word' id='word_1_130' title='bbox 697 1794 800 1845; x_wconf 89' lang='grc' dir='ltr'>μένος</span> <span class='ocrx_word' id='word_1_131' title='bbox 814 1793 1018 1846; x_wconf 78' lang='grc' dir='ltr'>ἐστήρικται</span> 
     </span>
    </p>

    <p class='ocr_par' dir='ltr' id='par_1_10' title="bbox 209 1856 1156 2105">
     <span class='ocr_line' id='line_1_22' title="bbox 211 1856 1156 1912; baseline -0.003 -13"><span class='ocrx_word' id='word_1_132' title='bbox 211 1858 319 1899; x_wconf 86' lang='grc' dir='ltr'>πάντ’</span> <span class='ocrx_word' id='word_1_133' title='bbox 337 1857 598 1912; x_wconf 79' lang='grc' dir='ltr'>έπιδερκομένῳ</span> <span class='ocrx_word' id='word_1_134' title='bbox 622 1857 683 1897; x_wconf 71' lang='grc' dir='ltr'>καὶ</span> <span class='ocrx_word' id='word_1_135' title='bbox 711 1856 870 1898; x_wconf 79' lang='grc' dir='ltr'>ἀκούοντ’</span> <span class='ocrx_word' id='word_1_136' title='bbox 896 1856 998 1897; x_wconf 87' lang='grc' dir='ltr'>οὔασι</span> <span class='ocrx_word' id='word_1_137' title='bbox 1018 1858 1156 1902; x_wconf 79' lang='grc' dir='ltr'>καλοῖς·</span> 
     </span>
     <span class='ocr_line' id='line_1_23' title="bbox 212 1921 1134 1975; baseline -0.001 -13"><span class='ocrx_word' id='word_1_138' title='bbox 212 1925 313 1963; x_wconf 76' lang='grc' dir='ltr'>κλῦθι</span> <span class='ocrx_word' id='word_1_139' title='bbox 332 1924 419 1962; x_wconf 82' lang='grc' dir='ltr'>τεῶν</span> <span class='ocrx_word' id='word_1_140' title='bbox 440 1922 577 1961; x_wconf 84' lang='grc' dir='ltr'>παίδων</span> <span class='ocrx_word' id='word_1_141' title='bbox 592 1952 603 1974; x_wconf 86' lang='lat'>,</span> <span class='ocrx_word' id='word_1_142' title='bbox 619 1921 676 1967; x_wconf 75' lang='grc' dir='ltr'>οὒς</span> <span class='ocrx_word' id='word_1_143' title='bbox 691 1921 823 1975; x_wconf 87' lang='grc' dir='ltr'>ἤροσας</span> <span class='ocrx_word' id='word_1_144' title='bbox 840 1921 943 1967; x_wconf 80' lang='grc' dir='ltr'>αὐτὸς</span> <span class='ocrx_word' id='word_1_145' title='bbox 957 1923 992 1961; x_wconf 85' lang='grc' dir='ltr'>έν</span> <span class='ocrx_word' id='word_1_146' title='bbox 1012 1921 1134 1975; x_wconf 83' lang='grc' dir='ltr'>ὥραις.</span> 
     </span>
     <span class='ocr_line' id='line_1_24' title="bbox 212 1985 1152 2041; baseline -0.004 -13"><span class='ocrx_word' id='word_1_147' title='bbox 212 1986 268 2035; x_wconf 81' lang='grc' dir='ltr'>Σὴ</span> <span class='ocrx_word' id='word_1_148' title='bbox 286 1985 355 2041; x_wconf 77' lang='grc' dir='ltr'>γὰρ</span> <span class='ocrx_word' id='word_1_149' title='bbox 382 1986 470 2040; x_wconf 77' lang='grc' dir='ltr'>ὑπὲρ</span> <span class='ocrx_word' id='word_1_150' title='bbox 489 1985 620 2037; x_wconf 85' lang='grc' dir='ltr'>κόσμον</span> <span class='ocrx_word' id='word_1_151' title='bbox 638 2002 676 2026; x_wconf 91' lang='grc' dir='ltr'>τε</span> <span class='ocrx_word' id='word_1_152' title='bbox 695 1987 757 2025; x_wconf 85' lang='grc' dir='ltr'>καὶ</span> <span class='ocrx_word' id='word_1_153' title='bbox 781 1986 926 2039; x_wconf 78' lang='grc' dir='ltr'>οὖρανὸν</span> <span class='ocrx_word' id='word_1_154' title='bbox 943 1986 1152 2039; x_wconf 79' lang='grc' dir='ltr'>ἀστερόεντα</span> 
     </span>
     <span class='ocr_line' id='line_1_25' title="bbox 209 2049 980 2105; baseline -0.001 -15"><span class='ocrx_word' id='word_1_155' title='bbox 209 2053 327 2105; x_wconf 80' lang='grc' dir='ltr'>χρυσῆ</span> <span class='ocrx_word' id='word_1_156' title='bbox 345 2050 547 2104; x_wconf 81' lang='grc' dir='ltr'>ὑπέρκειται</span> <span class='ocrx_word' id='word_1_157' title='bbox 563 2049 678 2098; x_wconf 87' lang='grc' dir='ltr'>πολλὴ</span> <span class='ocrx_word' id='word_1_158' title='bbox 705 2049 845 2095; x_wconf 82' lang='grc' dir='ltr'>αἰώνιος</span> <span class='ocrx_word' id='word_1_159' title='bbox 865 2049 980 2099; x_wconf 85' lang='grc' dir='ltr'>ἀλκή,</span> 
     </span>
    </p>

    <p class='ocr_par' dir='ltr' id='par_1_11' title="bbox 210 2111 956 2169">
     <span class='ocr_line' id='line_1_26' title="bbox 210 2111 956 2169; baseline -0.003 -14"><span class='ocrx_word' id='word_1_160' title='bbox 210 2111 253 2164; x_wconf 72' lang='grc' dir='ltr'>ἧς</span> <span class='ocrx_word' id='word_1_161' title='bbox 271 2114 523 2169; x_wconf 82' lang='grc' dir='ltr'>ὑπερῃώρησαι</span> <span class='ocrx_word' id='word_1_162' title='bbox 538 2114 662 2168; x_wconf 81' lang='grc' dir='ltr'>ὀρίνων</span> <span class='ocrx_word' id='word_1_163' title='bbox 682 2115 771 2169; x_wconf 73' lang='grc' dir='ltr'>φωτὶ</span> <span class='ocrx_word' id='word_1_164' title='bbox 787 2114 933 2155; x_wconf 89' lang='grc' dir='ltr'>σεαυτόν</span> <span class='ocrx_word' id='word_1_165' title='bbox 945 2144 956 2164; x_wconf 89' lang='grc'>,</span> 
     </span>
    </p>

    <p class='ocr_par' dir='ltr' id='par_1_12' title="bbox 212 2178 1023 2234">
     <span class='ocr_line' id='line_1_27' title="bbox 212 2178 1023 2234; baseline -0.002 -14"><span class='ocrx_word' id='word_1_166' title='bbox 212 2180 347 2225; x_wconf 80' lang='grc' dir='ltr'>ἀενάοις</span> <span class='ocrx_word' id='word_1_167' title='bbox 364 2181 520 2234; x_wconf 84' lang='grc' dir='ltr'>ὀχετοῖσι</span> <span class='ocrx_word' id='word_1_168' title='bbox 536 2181 685 2228; x_wconf 78' lang='grc' dir='ltr'>τιθηνῶν</span> <span class='ocrx_word' id='word_1_169' title='bbox 699 2182 778 2219; x_wconf 73' lang='grc' dir='ltr'>νοῦν</span> <span class='ocrx_word' id='word_1_170' title='bbox 801 2178 997 2219; x_wconf 84' lang='grc' dir='ltr'>ἀτάλαντον</span> <span class='ocrx_word' id='word_1_171' title='bbox 1010 2208 1023 2232; x_wconf 82' lang='grc'>,</span> 
     </span>
    </p>
   </div>
   <div class='ocr_carea' id='block_1_7' title="bbox 205 2338 877 2382">
    <p class='ocr_par' dir='ltr' id='par_1_13' title="bbox 205 2338 877 2382">
     <span class='ocr_line' id='line_1_28' title="bbox 205 2338 877 2382; baseline -0.001 -9"><span class='ocrx_word' id='word_1_172' title='bbox 205 2340 234 2382; x_wconf 82' lang='lat'>1)</span> <span class='ocrx_word' id='word_1_173' title='bbox 250 2338 424 2373; x_wconf 82' lang='lat' dir='ltr'><strong>Hesiodum</strong></span> <span class='ocrx_word' id='word_1_174' title='bbox 441 2338 587 2380; x_wconf 84' lang='lat' dir='ltr'><strong>sequitur</strong></span> <span class='ocrx_word' id='word_1_175' title='bbox 602 2338 739 2371; x_wconf 85' lang='lat' dir='ltr'><strong>Babrius</strong></span> <span class='ocrx_word' id='word_1_176' title='bbox 749 2338 814 2371; x_wconf 80' lang='lat' dir='ltr'><strong>fab.</strong></span> <span class='ocrx_word' id='word_1_177' title='bbox 834 2341 848 2371; x_wconf 89' lang='lat'><em>1</em></span> <span class='ocrx_word' id='word_1_178' title='bbox 869 2351 877 2372; x_wconf 74' lang='grc' dir='ltr'>ε</span> 
     </span>
    </p>
   </div>
   <div class='ocr_carea' id='block_1_8' title="bbox 241 2419 935 2604">
    <p class='ocr_par' dir='ltr' id='par_1_14' title="bbox 241 2419 935 2604">
     <span class='ocr_line' id='line_1_29' title="bbox 242 2419 932 2462; baseline -0.004 -8"><span class='ocrx_word' id='word_1_179' title='bbox 242 2421 335 2459; x_wconf 81' lang='grc' dir='ltr'>Γενεὴ</span> <span class='ocrx_word' id='word_1_180' title='bbox 350 2419 481 2453; x_wconf 88' lang='grc' dir='ltr'>δικαίων</span> <span class='ocrx_word' id='word_1_181' title='bbox 496 2419 534 2460; x_wconf 86' lang='grc' dir='ltr'>ἦν</span> <span class='ocrx_word' id='word_1_182' title='bbox 546 2419 583 2452; x_wconf 87' lang='grc' dir='ltr'>τὸ</span> <span class='ocrx_word' id='word_1_183' title='bbox 600 2423 724 2461; x_wconf 87' lang='grc' dir='ltr'>πρῶτον</span> <span class='ocrx_word' id='word_1_184' title='bbox 747 2419 932 2462; x_wconf 77' lang='grc' dir='ltr'>ἀνθρώπων,</span> 
     </span>
     <span class='ocr_line' id='line_1_30' title="bbox 242 2467 923 2510; baseline -0.001 -10"><span class='ocrx_word' id='word_1_185' title='bbox 242 2469 270 2501; x_wconf 83' lang='grc' dir='ltr'><strong>ὦ</strong></span> <span class='ocrx_word' id='word_1_186' title='bbox 289 2467 411 2510; x_wconf 81' lang='grc' dir='ltr'>Βράγχε</span> <span class='ocrx_word' id='word_1_187' title='bbox 424 2467 544 2506; x_wconf 85' lang='grc' dir='ltr'>τέκνον,</span> <span class='ocrx_word' id='word_1_188' title='bbox 560 2468 599 2506; x_wconf 85' lang='grc' dir='ltr'>ἢν</span> <span class='ocrx_word' id='word_1_189' title='bbox 612 2467 743 2499; x_wconf 83' lang='grc' dir='ltr'>καλοῦσι</span> <span class='ocrx_word' id='word_1_190' title='bbox 763 2467 923 2509; x_wconf 79' lang='grc' dir='ltr'>χρυσείην.</span> 
     </span>
     <span class='ocr_line' id='line_1_31' title="bbox 241 2514 935 2557; baseline -0.001 -10"><span class='ocrx_word' id='word_1_191' title='bbox 241 2515 327 2557; x_wconf 85' lang='grc' dir='ltr'>τρίτη</span> <span class='ocrx_word' id='word_1_192' title='bbox 340 2514 366 2546; x_wconf 91' lang='grc' dir='ltr'>δ’</span> <span class='ocrx_word' id='word_1_193' title='bbox 384 2514 438 2546; x_wconf 88' lang='grc' dir='ltr'>ἀπ’</span> <span class='ocrx_word' id='word_1_194' title='bbox 459 2515 562 2546; x_wconf 81' lang='grc' dir='ltr'>αὐτῶν</span> <span class='ocrx_word' id='word_1_195' title='bbox 577 2525 621 2551; x_wconf 86' lang='grc' dir='ltr'>τις</span> <span class='ocrx_word' id='word_1_196' title='bbox 643 2514 771 2554; x_wconf 82' lang='grc' dir='ltr'>ἐγενήθη</span> <span class='ocrx_word' id='word_1_197' title='bbox 789 2514 935 2555; x_wconf 82' lang='grc' dir='ltr'>χαλκείη,</span> 
     </span>
     <span class='ocr_line' id='line_1_32' title="bbox 244 2561 856 2604; baseline -0.002 -10"><span class='ocrx_word' id='word_1_198' title='bbox 244 2562 310 2604; x_wconf 86' lang='grc' dir='ltr'>μεθ’</span> <span class='ocrx_word' id='word_1_199' title='bbox 324 2562 362 2600; x_wconf 80' lang='grc' dir='ltr'>ἢν</span> <span class='ocrx_word' id='word_1_200' title='bbox 379 2562 521 2603; x_wconf 88' lang='grc' dir='ltr'>γενέσθαι</span> <span class='ocrx_word' id='word_1_201' title='bbox 538 2562 612 2603; x_wconf 86' lang='grc' dir='ltr'>φασὶ</span> <span class='ocrx_word' id='word_1_202' title='bbox 633 2561 717 2593; x_wconf 87' lang='grc' dir='ltr'>θείαν</span> <span class='ocrx_word' id='word_1_203' title='bbox 732 2561 856 2603; x_wconf 87' lang='grc' dir='ltr'>ἡρώων.</span> 
     </span>
    </p>
   </div>
   <div class='ocr_carea' id='block_1_9' title="bbox 159 2629 940 2739">
    <p class='ocr_par' dir='ltr' id='par_1_15' title="bbox 159 2629 940 2739">
     <span class='ocr_line' id='line_1_33' title="bbox 159 2629 940 2670; baseline -0.009 -4"><span class='ocrx_word' id='word_1_204' title='bbox 159 2634 235 2666; x_wconf 79' lang='lat' dir='ltr'><strong>Post</strong></span> <span class='ocrx_word' id='word_1_205' title='bbox 250 2630 433 2665; x_wconf 82' lang='lat' dir='ltr'><strong>secundum</strong></span> <span class='ocrx_word' id='word_1_206' title='bbox 447 2629 635 2670; x_wconf 86' lang='lat' dir='ltr'><strong>hujusmodi</strong></span> <span class='ocrx_word' id='word_1_207' title='bbox 650 2629 773 2662; x_wconf 86' lang='lat' dir='ltr'><strong>excidit</strong></span> <span class='ocrx_word' id='word_1_208' title='bbox 790 2638 908 2663; x_wconf 85' lang='lat' dir='ltr'><strong>versus</strong></span> <span class='ocrx_word' id='word_1_209' title='bbox 932 2640 940 2659; x_wconf 74' lang='grc' dir='ltr'>ι</span> 
     </span>
     <span class='ocr_line' id='line_1_34' title="bbox 242 2695 880 2739; baseline -0.005 -9"><span class='ocrx_word' id='word_1_210' title='bbox 242 2701 295 2737; x_wconf 78' lang='grc' dir='ltr'>τῆς</span> <span class='ocrx_word' id='word_1_211' title='bbox 308 2698 450 2739; x_wconf 84' lang='grc' dir='ltr'>δευτέρας</span> <span class='ocrx_word' id='word_1_212' title='bbox 469 2696 597 2735; x_wconf 80' lang='grc' dir='ltr'>ἐπῆλθεν</span> <span class='ocrx_word' id='word_1_213' title='bbox 610 2695 762 2738; x_wconf 83' lang='grc' dir='ltr'>ἀργυροῦν</span> <span class='ocrx_word' id='word_1_214' title='bbox 776 2695 880 2736; x_wconf 82' lang='grc' dir='ltr'>φῦλον.</span> 
     </span>
    </p>
   </div>
   <div class='ocr_carea' id='block_1_10' title="bbox 157 2341 1251 3622">
    <p class='ocr_par' dir='ltr' id='par_1_16' title="bbox 202 2341 1251 2814">
     <span class='ocr_line' id='line_1_35' title="bbox 202 2341 1251 2814; baseline -0.007 -8"><span class='ocrx_word' id='word_1_215' title='bbox 202 2772 234 2814; x_wconf 83' lang='grc'>2)</span> <span class='ocrx_word' id='word_1_216' title='bbox 254 2771 338 2805; x_wconf 84' lang='lat' dir='ltr'><strong>Vide</strong></span> <span class='ocrx_word' id='word_1_217' title='bbox 350 2779 426 2812; x_wconf 78' lang='lat' dir='ltr'>quae</span> <span class='ocrx_word' id='word_1_218' title='bbox 439 2770 522 2803; x_wconf 79' lang='lat' dir='ltr'><strong>infra</strong></span> <span class='ocrx_word' id='word_1_219' title='bbox 537 2770 578 2803; x_wconf 83' lang='lat' dir='ltr'>de</span> <span class='ocrx_word' id='word_1_220' title='bbox 597 2770 659 2802; x_wconf 85' lang='lat' dir='ltr'><strong>hoc</strong></span> <span class='ocrx_word' id='word_1_221' title='bbox 677 2770 859 2811; x_wconf 82' lang='lat' dir='ltr'><strong>fragmento</strong></span> <span class='ocrx_word' id='word_1_222' title='bbox 873 2769 991 2801; x_wconf 86' lang='lat' dir='ltr'><strong>dicam.</strong></span> <span class='ocrx_word' id='word_1_223' title='bbox 1241 2341 1251 2774; x_wconf 83' lang='grc' dir='ltr'>Ι</span> 
     </span>
    </p>

    <p class='ocr_par' dir='ltr' id='par_1_17' title="bbox 157 2815 1216 3004">
     <span class='ocr_line' id='line_1_36' title="bbox 202 2815 1215 2861; baseline -0.005 -8"><span class='ocrx_word' id='word_1_224' title='bbox 202 2820 234 2861; x_wconf 81' lang='grc'>3)</span> <span class='ocrx_word' id='word_1_225' title='bbox 265 2819 414 2852; x_wconf 78' lang='lat' dir='ltr'><strong>Laertius</strong></span> <span class='ocrx_word' id='word_1_226' title='bbox 434 2819 458 2857; x_wconf 84' lang='lat'>1,</span> <span class='ocrx_word' id='word_1_227' title='bbox 490 2820 528 2850; x_wconf 85' lang='lat'>27</span> <span class='ocrx_word' id='word_1_228' title='bbox 551 2818 592 2850; x_wconf 81' lang='lat' dir='ltr'>de</span> <span class='ocrx_word' id='word_1_229' title='bbox 624 2817 759 2849; x_wconf 83' lang='lat' dir='ltr'><strong>Thalete</strong></span> <span class='ocrx_word' id='word_1_230' title='bbox 782 2826 790 2846; x_wconf 79' lang='lat' dir='ltr'><strong>t</strong></span> <span class='ocrx_word' id='word_1_231' title='bbox 822 2817 920 2859; x_wconf 82' lang='grc' dir='ltr'>ἀρχὴν</span> <span class='ocrx_word' id='word_1_232' title='bbox 945 2817 978 2849; x_wconf 86' lang='grc' dir='ltr'>δὲ</span> <span class='ocrx_word' id='word_1_233' title='bbox 1003 2818 1067 2848; x_wconf 89' lang='grc' dir='ltr'>τῶν</span> <span class='ocrx_word' id='word_1_234' title='bbox 1091 2815 1215 2848; x_wconf 86' lang='grc' dir='ltr'>πάντων</span> 
     </span>
     <span class='ocr_line' id='line_1_37' title="bbox 158 2863 1214 2910; baseline -0.006 -9"><span class='ocrx_word' id='word_1_235' title='bbox 158 2868 242 2910; x_wconf 78' lang='grc' dir='ltr'>ὕδωρ</span> <span class='ocrx_word' id='word_1_236' title='bbox 272 2866 474 2904; x_wconf 83' lang='grc' dir='ltr'>ὑπεστήσατο</span> <span class='ocrx_word' id='word_1_237' title='bbox 504 2865 557 2897; x_wconf 87' lang='grc' dir='ltr'>καὶ</span> <span class='ocrx_word' id='word_1_238' title='bbox 577 2865 631 2897; x_wconf 86' lang='grc' dir='ltr'>τὸν</span> <span class='ocrx_word' id='word_1_239' title='bbox 656 2864 778 2906; x_wconf 84' lang='grc' dir='ltr'>κόσμον</span> <span class='ocrx_word' id='word_1_240' title='bbox 806 2863 947 2906; x_wconf 80' lang='grc' dir='ltr'>ἔμψυχον</span> <span class='ocrx_word' id='word_1_241' title='bbox 976 2864 1030 2896; x_wconf 87' lang='grc' dir='ltr'>καὶ</span> <span class='ocrx_word' id='word_1_242' title='bbox 1057 2863 1214 2905; x_wconf 81' lang='grc' dir='ltr'>δαιμόνων</span> 
     </span>
     <span class='ocr_line' id='line_1_38' title="bbox 157 2909 1216 2956; baseline -0.006 -9"><span class='ocrx_word' id='word_1_243' title='bbox 157 2914 271 2956; x_wconf 81' lang='grc' dir='ltr'>πλήρη.</span> <span class='ocrx_word' id='word_1_244' title='bbox 292 2913 342 2946; x_wconf 85' lang='lat' dir='ltr'>Id.</span> <span class='ocrx_word' id='word_1_245' title='bbox 362 2914 420 2954; x_wconf 88' lang='lat' dir='ltr'>Ix,</span> <span class='ocrx_word' id='word_1_246' title='bbox 441 2915 458 2945; x_wconf 92' lang='lat'>7</span> <span class='ocrx_word' id='word_1_247' title='bbox 480 2911 521 2944; x_wconf 87' lang='lat' dir='ltr'>de</span> <span class='ocrx_word' id='word_1_248' title='bbox 545 2911 709 2944; x_wconf 82' lang='lat' dir='ltr'><strong>Heraclito</strong></span> <span class='ocrx_word' id='word_1_249' title='bbox 737 2921 746 2944; x_wconf 91' lang='lat'>:</span> <span class='ocrx_word' id='word_1_250' title='bbox 780 2910 899 2953; x_wconf 85' lang='grc' dir='ltr'>(ἐδόκει</span> <span class='ocrx_word' id='word_1_251' title='bbox 917 2909 1022 2952; x_wconf 81' lang='grc' dir='ltr'>αὐτῷ)</span> <span class='ocrx_word' id='word_1_252' title='bbox 1039 2909 1143 2942; x_wconf 86' lang='grc' dir='ltr'>πάντα</span> <span class='ocrx_word' id='word_1_253' title='bbox 1161 2911 1216 2952; x_wconf 84' lang='grc' dir='ltr'>ψυ-</span> 
     </span>
     <span class='ocr_line' id='line_1_39' title="bbox 159 2959 697 3004; baseline -0.004 -10"><span class='ocrx_word' id='word_1_254' title='bbox 159 2965 225 3004; x_wconf 85' lang='grc' dir='ltr'>χῶν</span> <span class='ocrx_word' id='word_1_255' title='bbox 241 2960 385 2994; x_wconf 82' lang='grc' dir='ltr'>εἶναικαὶ</span> <span class='ocrx_word' id='word_1_256' title='bbox 406 2959 563 3002; x_wconf 84' lang='grc' dir='ltr'>δαιμόνων</span> <span class='ocrx_word' id='word_1_257' title='bbox 583 2959 697 3001; x_wconf 80' lang='grc' dir='ltr'>πλήρη.</span> 
     </span>
    </p>

    <p class='ocr_par' dir='ltr' id='par_1_18' title="bbox 157 3007 1248 3480">
     <span class='ocr_line' id='line_1_40' title="bbox 200 3007 1215 3051; baseline -0.004 -8"><span class='ocrx_word' id='word_1_258' title='bbox 200 3011 233 3051; x_wconf 78' lang='lat'>⁴)</span> <span class='ocrx_word' id='word_1_259' title='bbox 259 3009 351 3042; x_wconf 83' lang='lat' dir='ltr'><strong>Plato</strong></span> <span class='ocrx_word' id='word_1_260' title='bbox 379 3007 512 3048; x_wconf 74' lang='lat' dir='ltr'><strong>cratylo</strong></span> <span class='ocrx_word' id='word_1_261' title='bbox 543 3017 574 3048; x_wconf 84' lang='lat' dir='ltr'>p.</span> <span class='ocrx_word' id='word_1_262' title='bbox 602 3011 663 3041; x_wconf 79' lang='lat'>398</span> <span class='ocrx_word' id='word_1_263' title='bbox 685 3011 804 3041; x_wconf 72' lang='grc' dir='ltr'>ῑτοῦτο</span> <span class='ocrx_word' id='word_1_264' title='bbox 821 3007 924 3040; x_wconf 81' lang='grc' dir='ltr'>τοίνυν</span> <span class='ocrx_word' id='word_1_265' title='bbox 950 3007 1066 3044; x_wconf 85' lang='grc' dir='ltr'>παντὸς</span> <span class='ocrx_word' id='word_1_266' title='bbox 1098 3007 1215 3048; x_wconf 86' lang='grc' dir='ltr'>μᾶλλον</span> 
     </span>
     <span class='ocr_line' id='line_1_41' title="bbox 158 3053 1214 3098; baseline -0.002 -9"><span class='ocrx_word' id='word_1_267' title='bbox 158 3056 253 3098; x_wconf 85' lang='grc' dir='ltr'>λέγει,</span> <span class='ocrx_word' id='word_1_268' title='bbox 268 3057 309 3093; x_wconf 84' lang='grc' dir='ltr'>ὡς</span> <span class='ocrx_word' id='word_1_269' title='bbox 322 3055 392 3097; x_wconf 83' lang='grc' dir='ltr'>ἐμοὶ</span> <span class='ocrx_word' id='word_1_270' title='bbox 409 3055 514 3094; x_wconf 83' lang='grc' dir='ltr'>δοκεῖ,</span> <span class='ocrx_word' id='word_1_271' title='bbox 527 3055 598 3092; x_wconf 75' lang='grc' dir='ltr'>τοὺς</span> <span class='ocrx_word' id='word_1_272' title='bbox 612 3055 762 3097; x_wconf 83' lang='grc' dir='ltr'>δαίμονας</span> <span class='ocrx_word' id='word_1_273' title='bbox 775 3079 784 3096; x_wconf 93' lang='grc'>,</span> <span class='ocrx_word' id='word_1_274' title='bbox 798 3055 846 3087; x_wconf 84' lang='grc' dir='ltr'>ὅτι</span> <span class='ocrx_word' id='word_1_275' title='bbox 861 3053 1002 3097; x_wconf 84' lang='grc' dir='ltr'>φρόνιμοι</span> <span class='ocrx_word' id='word_1_276' title='bbox 1019 3055 1072 3087; x_wconf 91' lang='grc' dir='ltr'>καὶ</span> <span class='ocrx_word' id='word_1_277' title='bbox 1092 3055 1214 3096; x_wconf 82' lang='grc' dir='ltr'>δαήμο-</span> 
     </span>
     <span class='ocr_line' id='line_1_42' title="bbox 157 3101 1215 3145; baseline 0 -10"><span class='ocrx_word' id='word_1_278' title='bbox 157 3113 208 3141; x_wconf 81' lang='grc' dir='ltr'>νες</span> <span class='ocrx_word' id='word_1_279' title='bbox 224 3101 325 3142; x_wconf 80' lang='grc' dir='ltr'>ἦσαν,</span> <span class='ocrx_word' id='word_1_280' title='bbox 348 3101 498 3144; x_wconf 85' lang='grc' dir='ltr'>δαίμονας</span> <span class='ocrx_word' id='word_1_281' title='bbox 523 3102 635 3140; x_wconf 81' lang='grc' dir='ltr'>αὐτοὺς</span> <span class='ocrx_word' id='word_1_282' title='bbox 651 3103 810 3144; x_wconf 84' lang='grc' dir='ltr'>ὠνόμασε.</span> <span class='ocrx_word' id='word_1_283' title='bbox 826 3103 886 3135; x_wconf 86' lang='grc' dir='ltr'>Καὶ</span> <span class='ocrx_word' id='word_1_284' title='bbox 912 3102 944 3135; x_wconf 79' lang='grc' dir='ltr'>ἐν</span> <span class='ocrx_word' id='word_1_285' title='bbox 969 3114 1005 3144; x_wconf 89' lang='grc' dir='ltr'>γε</span> <span class='ocrx_word' id='word_1_286' title='bbox 1030 3106 1069 3145; x_wconf 83' lang='grc' dir='ltr'>τῇ</span> <span class='ocrx_word' id='word_1_287' title='bbox 1097 3103 1215 3145; x_wconf 82' lang='grc' dir='ltr'>ἀρχαίᾳ</span> 
     </span>
     <span class='ocr_line' id='line_1_43' title="bbox 158 3149 1212 3193; baseline 0.001 -11"><span class='ocrx_word' id='word_1_288' title='bbox 158 3154 198 3193; x_wconf 79' lang='grc' dir='ltr'>τῇ</span> <span class='ocrx_word' id='word_1_289' title='bbox 219 3150 355 3192; x_wconf 71' lang='grc' dir='ltr'>ἡμετέρᾳ</span> <span class='ocrx_word' id='word_1_290' title='bbox 373 3153 459 3191; x_wconf 75' lang='grc' dir='ltr'>φωνῇ</span> <span class='ocrx_word' id='word_1_291' title='bbox 477 3150 554 3182; x_wconf 73' lang='grc' dir='ltr'>αὐτὸ</span> <span class='ocrx_word' id='word_1_292' title='bbox 568 3150 734 3192; x_wconf 81' lang='grc' dir='ltr'>συμὸαίνει</span> <span class='ocrx_word' id='word_1_293' title='bbox 751 3151 839 3193; x_wconf 85' lang='lat' dir='ltr'><strong>(lege</strong></span> <span class='ocrx_word' id='word_1_294' title='bbox 854 3149 1024 3193; x_wconf 84' lang='grc' dir='ltr'>σημαίνει)</span> <span class='ocrx_word' id='word_1_295' title='bbox 1046 3151 1083 3182; x_wconf 88' lang='grc' dir='ltr'>τὸ</span> <span class='ocrx_word' id='word_1_296' title='bbox 1100 3150 1212 3192; x_wconf 86' lang='grc' dir='ltr'>ὄνομα.</span> 
     </span>
     <span class='ocr_line' id='line_1_44' title="bbox 158 3196 1213 3239; baseline 0.001 -9"><span class='ocrx_word' id='word_1_297' title='bbox 158 3197 252 3239; x_wconf 82' lang='grc' dir='ltr'>Λέγει</span> <span class='ocrx_word' id='word_1_298' title='bbox 273 3196 327 3230; x_wconf 84' lang='grc' dir='ltr'>οὗν</span> <span class='ocrx_word' id='word_1_299' title='bbox 342 3197 446 3234; x_wconf 84' lang='grc' dir='ltr'>καλῶς</span> <span class='ocrx_word' id='word_1_300' title='bbox 472 3198 525 3230; x_wconf 84' lang='grc' dir='ltr'>καὶ</span> <span class='ocrx_word' id='word_1_301' title='bbox 548 3197 638 3235; x_wconf 81' lang='grc' dir='ltr'>οὗτος</span> <span class='ocrx_word' id='word_1_302' title='bbox 654 3199 708 3231; x_wconf 90' lang='grc' dir='ltr'>καὶ</span> <span class='ocrx_word' id='word_1_303' title='bbox 727 3199 815 3231; x_wconf 81' lang='grc' dir='ltr'>ἄλλοι</span> <span class='ocrx_word' id='word_1_304' title='bbox 837 3198 967 3236; x_wconf 88' lang='grc' dir='ltr'>ποιηταὶ</span> <span class='ocrx_word' id='word_1_305' title='bbox 990 3197 1122 3238; x_wconf 86' lang='grc' dir='ltr'>πολλοί,</span> <span class='ocrx_word' id='word_1_306' title='bbox 1143 3198 1213 3231; x_wconf 88' lang='grc' dir='ltr'>ὅσοι</span> 
     </span>
     <span class='ocr_line' id='line_1_45' title="bbox 158 3244 1213 3287; baseline 0.002 -10"><span class='ocrx_word' id='word_1_307' title='bbox 158 3245 322 3286; x_wconf 88' lang='grc' dir='ltr'>λέγουσιν,</span> <span class='ocrx_word' id='word_1_308' title='bbox 340 3246 381 3282; x_wconf 81' lang='grc' dir='ltr'>ὡς</span> <span class='ocrx_word' id='word_1_309' title='bbox 407 3244 532 3278; x_wconf 81' lang='grc' dir='ltr'>ἐπειδάν</span> <span class='ocrx_word' id='word_1_310' title='bbox 555 3257 602 3283; x_wconf 83' lang='grc' dir='ltr'>τις</span> <span class='ocrx_word' id='word_1_311' title='bbox 630 3246 747 3287; x_wconf 85' lang='grc' dir='ltr'>ἀγαθὸς</span> <span class='ocrx_word' id='word_1_312' title='bbox 781 3247 825 3279; x_wconf 83' lang='grc' dir='ltr'>ὢν</span> <span class='ocrx_word' id='word_1_313' title='bbox 849 3246 1040 3286; x_wconf 73' lang='grc' dir='ltr'>τελευτήσῃ,</span> <span class='ocrx_word' id='word_1_314' title='bbox 1077 3246 1213 3287; x_wconf 85' lang='grc' dir='ltr'>μεγάλην</span> 
     </span>
     <span class='ocr_line' id='line_1_46' title="bbox 159 3280 1248 3350; baseline 0.003 -27"><span class='ocrx_word' id='word_1_315' title='bbox 159 3294 271 3334; x_wconf 83' lang='grc' dir='ltr'>μοῖραν</span> <span class='ocrx_word' id='word_1_316' title='bbox 300 3292 354 3324; x_wconf 81' lang='grc' dir='ltr'>καὶ</span> <span class='ocrx_word' id='word_1_317' title='bbox 370 3293 463 3334; x_wconf 76' lang='grc' dir='ltr'>τιμὴν</span> <span class='ocrx_word' id='word_1_318' title='bbox 482 3292 567 3335; x_wconf 80' lang='grc' dir='ltr'>ἔχει,</span> <span class='ocrx_word' id='word_1_319' title='bbox 595 3293 649 3326; x_wconf 88' lang='grc' dir='ltr'>καὶ</span> <span class='ocrx_word' id='word_1_320' title='bbox 672 3293 809 3335; x_wconf 86' lang='grc' dir='ltr'>γίγνεται</span> <span class='ocrx_word' id='word_1_321' title='bbox 840 3292 961 3340; x_wconf 84' lang='grc' dir='ltr'>δαίμων</span> <span class='ocrx_word' id='word_1_322' title='bbox 984 3293 1067 3325; x_wconf 87' lang='grc' dir='ltr'>κατὰ</span> <span class='ocrx_word' id='word_1_323' title='bbox 1085 3294 1141 3331; x_wconf 83' lang='grc' dir='ltr'>τὴν</span> <span class='ocrx_word' id='word_1_324' title='bbox 1160 3298 1214 3334; x_wconf 84' lang='grc' dir='ltr'>τῆς</span> <span class='ocrx_word' id='word_1_325' title='bbox 1242 3280 1248 3350; x_wconf 77' lang='grc'>1</span> 
     </span>
     <span class='ocr_line' id='line_1_47' title="bbox 158 3339 1214 3383; baseline 0.002 -12"><span class='ocrx_word' id='word_1_326' title='bbox 158 3339 338 3382; x_wconf 74' lang='grc' dir='ltr'>φρονήσεως</span> <span class='ocrx_word' id='word_1_327' title='bbox 356 3339 547 3382; x_wconf 83' lang='grc' dir='ltr'>ἐπωνυμίαν.</span> <span class='ocrx_word' id='word_1_328' title='bbox 563 3339 673 3382; x_wconf 75' lang='grc' dir='ltr'>Ταύτῃ</span> <span class='ocrx_word' id='word_1_329' title='bbox 687 3341 742 3374; x_wconf 80' lang='grc' dir='ltr'>οὖν</span> <span class='ocrx_word' id='word_1_330' title='bbox 762 3341 886 3383; x_wconf 86' lang='grc' dir='ltr'>τίθεμαι</span> <span class='ocrx_word' id='word_1_331' title='bbox 906 3341 960 3373; x_wconf 82' lang='grc' dir='ltr'>καὶ</span> <span class='ocrx_word' id='word_1_332' title='bbox 986 3340 1050 3381; x_wconf 86' lang='grc' dir='ltr'>ἐγὼ</span> <span class='ocrx_word' id='word_1_333' title='bbox 1066 3341 1120 3373; x_wconf 88' lang='grc' dir='ltr'>τὸν</span> <span class='ocrx_word' id='word_1_334' title='bbox 1137 3342 1214 3381; x_wconf 85' lang='grc' dir='ltr'>δαή-</span> 
     </span>
     <span class='ocr_line' id='line_1_48' title="bbox 160 3386 1214 3431; baseline 0.004 -13"><span class='ocrx_word' id='word_1_335' title='bbox 160 3397 260 3428; x_wconf 83' lang='grc' dir='ltr'>μονα,</span> <span class='ocrx_word' id='word_1_336' title='bbox 278 3386 367 3419; x_wconf 82' lang='grc' dir='ltr'>πάντ’</span> <span class='ocrx_word' id='word_1_337' title='bbox 381 3386 494 3430; x_wconf 80' lang='grc' dir='ltr'>ἄνδρα,</span> <span class='ocrx_word' id='word_1_338' title='bbox 510 3387 544 3425; x_wconf 81' lang='grc' dir='ltr'>ὃς</span> <span class='ocrx_word' id='word_1_339' title='bbox 566 3389 604 3421; x_wconf 83' lang='grc' dir='ltr'>ἂν</span> <span class='ocrx_word' id='word_1_340' title='bbox 626 3389 741 3429; x_wconf 83' lang='grc' dir='ltr'>ἀγαθὸς</span> <span class='ocrx_word' id='word_1_341' title='bbox 758 3388 798 3431; x_wconf 78' lang='grc' dir='ltr'>ἦ,</span> <span class='ocrx_word' id='word_1_342' title='bbox 816 3389 978 3430; x_wconf 88' lang='grc' dir='ltr'>δαιμόνιον</span> <span class='ocrx_word' id='word_1_343' title='bbox 1007 3387 1086 3421; x_wconf 89' lang='grc' dir='ltr'>εἶναι</span> <span class='ocrx_word' id='word_1_344' title='bbox 1112 3391 1214 3427; x_wconf 82' lang='grc' dir='ltr'>ζῶντα</span> 
     </span>
     <span class='ocr_line' id='line_1_49' title="bbox 159 3434 1009 3480; baseline 0.004 -14"><span class='ocrx_word' id='word_1_345' title='bbox 159 3435 213 3467; x_wconf 81' lang='grc' dir='ltr'>καὶ</span> <span class='ocrx_word' id='word_1_346' title='bbox 228 3434 458 3474; x_wconf 82' lang='grc' dir='ltr'>τελευτήσαντα</span> <span class='ocrx_word' id='word_1_347' title='bbox 468 3459 477 3474; x_wconf 88' lang='grc'>,</span> <span class='ocrx_word' id='word_1_348' title='bbox 494 3437 551 3469; x_wconf 74' lang='grc' dir='ltr'>καὶ</span> <span class='ocrx_word' id='word_1_349' title='bbox 568 3436 665 3480; x_wconf 78' lang='grc' dir='ltr'>ὀρθῶς</span> <span class='ocrx_word' id='word_1_350' title='bbox 682 3437 816 3479; x_wconf 88' lang='grc' dir='ltr'>δαίμονα</span> <span class='ocrx_word' id='word_1_351' title='bbox 834 3438 1009 3469; x_wconf 87' lang='grc' dir='ltr'>καλεῖσθαι.</span> 
     </span>
    </p>

    <p class='ocr_par' dir='ltr' id='par_1_19' title="bbox 158 3481 1213 3622">
     <span class='ocr_line' id='line_1_50' title="bbox 202 3481 1213 3526; baseline 0.003 -12"><span class='ocrx_word' id='word_1_352' title='bbox 202 3481 234 3524; x_wconf 83' lang='grc'>5)</span> <span class='ocrx_word' id='word_1_353' title='bbox 251 3481 300 3514; x_wconf 88' lang='lat' dir='ltr'>ld.</span> <span class='ocrx_word' id='word_1_354' title='bbox 315 3482 355 3515; x_wconf 87' lang='lat' dir='ltr'>de</span> <span class='ocrx_word' id='word_1_355' title='bbox 368 3482 506 3523; x_wconf 81' lang='lat' dir='ltr'><strong>Republ.</strong></span> <span class='ocrx_word' id='word_1_356' title='bbox 519 3483 574 3517; x_wconf 86' lang='lat' dir='ltr'><strong>lib.</strong></span> <span class='ocrx_word' id='word_1_357' title='bbox 593 3487 636 3526; x_wconf 86' lang='lat' dir='ltr'>V,</span> <span class='ocrx_word' id='word_1_358' title='bbox 651 3494 682 3526; x_wconf 84' lang='lat' dir='ltr'>p.</span> <span class='ocrx_word' id='word_1_359' title='bbox 694 3485 756 3518; x_wconf 81' lang='lat'>469</span> <span class='ocrx_word' id='word_1_360' title='bbox 771 3497 779 3518; x_wconf 74' lang='grc' dir='ltr'>ε</span> <span class='ocrx_word' id='word_1_361' title='bbox 792 3484 858 3517; x_wconf 79' lang='grc' dir='ltr'>ἀλλ’</span> <span class='ocrx_word' id='word_1_362' title='bbox 869 3485 906 3517; x_wconf 83' lang='grc' dir='ltr'>οὐ</span> <span class='ocrx_word' id='word_1_363' title='bbox 919 3483 1092 3526; x_wconf 87' lang='grc' dir='ltr'>πεισόμεθα</span> <span class='ocrx_word' id='word_1_364' title='bbox 1106 3483 1213 3517; x_wconf 83' lang='grc' dir='ltr'>Ἠσιό·</span> 
     </span>
     <span class='ocr_line' id='line_1_51' title="bbox 158 3528 1212 3574; baseline 0.004 -14"><span class='ocrx_word' id='word_1_365' title='bbox 158 3529 223 3570; x_wconf 85' lang='grc' dir='ltr'>δῳ,</span> <span class='ocrx_word' id='word_1_366' title='bbox 241 3528 364 3561; x_wconf 83' lang='grc' dir='ltr'>ἐπειδάν</span> <span class='ocrx_word' id='word_1_367' title='bbox 373 3540 451 3567; x_wconf 90' lang='grc' dir='ltr'>τινες</span> <span class='ocrx_word' id='word_1_368' title='bbox 464 3533 520 3563; x_wconf 85' lang='grc' dir='ltr'>τοῦ</span> <span class='ocrx_word' id='word_1_369' title='bbox 535 3531 679 3565; x_wconf 79' lang='grc' dir='ltr'>τοιούτου</span> <span class='ocrx_word' id='word_1_370' title='bbox 695 3532 802 3574; x_wconf 83' lang='grc' dir='ltr'>γένους</span> <span class='ocrx_word' id='word_1_371' title='bbox 822 3532 1065 3570; x_wconf 84' lang='grc' dir='ltr'>τελευτήσωσιν,</span> <span class='ocrx_word' id='word_1_372' title='bbox 1086 3533 1130 3569; x_wconf 88' lang='grc' dir='ltr'>ὡς</span> <span class='ocrx_word' id='word_1_373' title='bbox 1150 3531 1212 3574; x_wconf 87' lang='grc' dir='ltr'>ἄρα</span> 
     </span>
     <span class='ocr_line' id='line_1_52' title="bbox 158 3576 1212 3622; baseline 0.005 -14"><span class='ocrx_word' id='word_1_374' title='bbox 158 3588 177 3605; x_wconf 70' lang='grc' dir='ltr'>α</span> <span class='ocrx_word' id='word_1_375' title='bbox 198 3576 228 3608; x_wconf 78' lang='lat' dir='ltr'>oi</span> <span class='ocrx_word' id='word_1_376' title='bbox 246 3576 302 3618; x_wconf 84' lang='grc' dir='ltr'>μὲν</span> <span class='ocrx_word' id='word_1_377' title='bbox 321 3577 468 3618; x_wconf 80' lang='grc' dir='ltr'>δαίμονες</span> <span class='ocrx_word' id='word_1_378' title='bbox 481 3578 569 3620; x_wconf 81' lang='grc' dir='ltr'>ἁγνοὶ</span> <span class='ocrx_word' id='word_1_379' title='bbox 589 3579 759 3622; x_wconf 84' lang='grc' dir='ltr'>ἐπιχθόνιοι</span> <span class='ocrx_word' id='word_1_380' title='bbox 780 3580 975 3621; x_wconf 86' lang='grc' dir='ltr'>τελέθουσιν,</span> <span class='ocrx_word' id='word_1_381' title='bbox 1003 3579 1120 3621; x_wconf 83' lang='grc' dir='ltr'>ἐσθλοί,</span> <span class='ocrx_word' id='word_1_382' title='bbox 1142 3579 1212 3613; x_wconf 85' lang='grc' dir='ltr'>ἀλε-</span> 
     </span>
    </p>
   </div>
   <div class='ocr_carea' id='block_1_11' title="bbox 283 3640 532 3674">
    <p class='ocr_par' dir='ltr' id='par_1_20' title="bbox 283 3640 532 3674">
     <span class='ocr_line' id='line_1_53' title="bbox 283 3640 532 3674; baseline 0.024 -11"><span class='ocrx_word' id='word_1_383' title='bbox 283 3640 400 3667; x_wconf 70' lang='grc' dir='ltr'>Ρωιοε.</span> <span class='ocrx_word' id='word_1_384' title='bbox 431 3646 448 3669; x_wconf 81' lang='lat' dir='ltr'><strong>c</strong></span> <span class='ocrx_word' id='word_1_385' title='bbox 455 3648 532 3674; x_wconf 53' lang='grc' dir='ltr'>κιο.</span> 
     </span>
    </p>
   </div>
   <div class='ocr_carea' id='block_1_12' title="bbox 1321 314 2328 1155">
    <p class='ocr_par' dir='ltr' id='par_1_21' title="bbox 2247 314 2320 363">
     <span class='ocr_line' id='line_1_54' title="bbox 2247 314 2320 363; baseline 0 -12"><span class='ocrx_word' id='word_1_386' title='bbox 2247 314 2320 363; x_wconf 80' lang='lat' dir='ltr'>xxj</span> 
     </span>
    </p>

    <p class='ocr_par' dir='ltr' id='par_1_22' title="bbox 1321 392 2244 447">
     <span class='ocr_line' id='line_1_55' title="bbox 1321 392 2244 447; baseline 0.003 -16"><span class='ocrx_word' id='word_1_387' title='bbox 1321 392 1357 437; x_wconf 81' lang='grc' dir='ltr'>ὅς</span> <span class='ocrx_word' id='word_1_388' title='bbox 1376 396 1420 447; x_wconf 78' lang='grc' dir='ltr'>ῥα</span> <span class='ocrx_word' id='word_1_389' title='bbox 1436 397 1514 431; x_wconf 85' lang='grc' dir='ltr'>κυεῖ</span> <span class='ocrx_word' id='word_1_390' title='bbox 1532 392 1611 431; x_wconf 87' lang='grc' dir='ltr'>τόδε</span> <span class='ocrx_word' id='word_1_391' title='bbox 1630 397 1702 431; x_wconf 73' lang='grc' dir='ltr'>πᾶν</span> <span class='ocrx_word' id='word_1_392' title='bbox 1720 392 1948 445; x_wconf 84' lang='grc' dir='ltr'>τεκνούμενος</span> <span class='ocrx_word' id='word_1_393' title='bbox 1968 394 2109 447; x_wconf 77' lang='grc' dir='ltr'>ἄφθιτον</span> <span class='ocrx_word' id='word_1_394' title='bbox 2136 395 2244 447; x_wconf 80' lang='grc' dir='ltr'>ὕλην,</span> 
     </span>
    </p>

    <p class='ocr_par' dir='ltr' id='par_1_23' title="bbox 1321 451 2268 510">
     <span class='ocr_line' id='line_1_56' title="bbox 1321 451 2268 510; baseline 0.006 -16"><span class='ocrx_word' id='word_1_395' title='bbox 1321 451 1364 504; x_wconf 72' lang='grc' dir='ltr'>ἧς</span> <span class='ocrx_word' id='word_1_396' title='bbox 1382 455 1516 508; x_wconf 85' lang='grc' dir='ltr'>γένεσις</span> <span class='ocrx_word' id='word_1_397' title='bbox 1537 455 1745 505; x_wconf 84' lang='grc' dir='ltr'>δεδόκηται,</span> <span class='ocrx_word' id='word_1_398' title='bbox 1769 455 1826 495; x_wconf 82' lang='grc' dir='ltr'>ὅτε</span> <span class='ocrx_word' id='word_1_399' title='bbox 1849 472 1914 510; x_wconf 78' lang='grc' dir='ltr'>σφε</span> <span class='ocrx_word' id='word_1_400' title='bbox 1938 457 2097 496; x_wconf 84' lang='grc' dir='ltr'>τόποισιν</span> <span class='ocrx_word' id='word_1_401' title='bbox 2123 458 2268 506; x_wconf 88' lang='grc' dir='ltr'>ἔδησας.</span> 
     </span>
    </p>

    <p class='ocr_par' dir='ltr' id='par_1_24' title="bbox 1322 517 2220 572">
     <span class='ocr_line' id='line_1_57' title="bbox 1322 517 2220 572; baseline 0 -12"><span class='ocrx_word' id='word_1_402' title='bbox 1322 517 1452 560; x_wconf 85' lang='grc' dir='ltr'>Ἔνθεν</span> <span class='ocrx_word' id='word_1_403' title='bbox 1470 520 1702 572; x_wconf 78' lang='grc' dir='ltr'>ἐπεισρείουσι</span> <span class='ocrx_word' id='word_1_404' title='bbox 1721 520 1819 572; x_wconf 75' lang='grc' dir='ltr'>γοναὶ</span> <span class='ocrx_word' id='word_1_405' title='bbox 1847 520 1956 572; x_wconf 77' lang='grc' dir='ltr'>ἁγίων</span> <span class='ocrx_word' id='word_1_406' title='bbox 1975 520 2037 571; x_wconf 84' lang='grc' dir='ltr'>μὲν</span> <span class='ocrx_word' id='word_1_407' title='bbox 2059 521 2220 561; x_wconf 84' lang='grc' dir='ltr'>ἀνάκτων</span> 
     </span>
    </p>

    <p class='ocr_par' dir='ltr' id='par_1_25' title="bbox 1325 582 2328 706">
     <span class='ocr_line' id='line_1_58' title="bbox 1325 582 2328 640; baseline 0.002 -16"><span class='ocrx_word' id='word_1_408' title='bbox 1325 584 1418 639; x_wconf 77' lang='grc' dir='ltr'>ἀμφί</span> <span class='ocrx_word' id='word_1_409' title='bbox 1441 600 1504 637; x_wconf 86' lang='grc' dir='ltr'>σε,</span> <span class='ocrx_word' id='word_1_410' title='bbox 1531 582 1797 640; x_wconf 87' lang='grc' dir='ltr'>παντόκρατορ,</span> <span class='ocrx_word' id='word_1_411' title='bbox 1818 585 2049 639; x_wconf 86' lang='grc' dir='ltr'>βασιλεύτατε</span> <span class='ocrx_word' id='word_1_412' title='bbox 2076 587 2136 625; x_wconf 83' lang='grc' dir='ltr'>καὶ</span> <span class='ocrx_word' id='word_1_413' title='bbox 2163 587 2328 638; x_wconf 77' lang='grc' dir='ltr'>μόνεθνη·</span> 
     </span>
     <span class='ocr_line' id='line_1_59' title="bbox 2241 651 2328 706; baseline -0.011 -15"><span class='ocrx_word' id='word_1_414' title='bbox 2241 651 2328 706; x_wconf 82' lang='grc' dir='ltr'>[τῶν</span> 
     </span>
    </p>

    <p class='ocr_par' dir='ltr' id='par_1_26' title="bbox 1325 714 2266 770">
     <span class='ocr_line' id='line_1_60' title="bbox 1325 714 2266 770; baseline 0.004 -18"><span class='ocrx_word' id='word_1_415' title='bbox 1325 714 1508 753; x_wconf 83' lang='grc' dir='ltr'>ἀθανάτων</span> <span class='ocrx_word' id='word_1_416' title='bbox 1525 730 1563 754; x_wconf 91' lang='grc' dir='ltr'>τε</span> <span class='ocrx_word' id='word_1_417' title='bbox 1579 714 1693 770; x_wconf 87' lang='grc' dir='ltr'>πάτερ</span> <span class='ocrx_word' id='word_1_418' title='bbox 1711 715 1898 768; x_wconf 86' lang='grc' dir='ltr'>μακάρων·</span> <span class='ocrx_word' id='word_1_419' title='bbox 1917 716 1953 754; x_wconf 77' lang='grc' dir='ltr'>αἱ</span> <span class='ocrx_word' id='word_1_420' title='bbox 1969 716 1999 754; x_wconf 89' lang='grc' dir='ltr'>δ’</span> <span class='ocrx_word' id='word_1_421' title='bbox 2013 715 2099 754; x_wconf 81' lang='grc' dir='ltr'>εἰσὶν</span> <span class='ocrx_word' id='word_1_422' title='bbox 2113 716 2266 770; x_wconf 84' lang='grc' dir='ltr'>ἄτερθεν,</span> 
     </span>
    </p>

    <p class='ocr_par' dir='ltr' id='par_1_27' title="bbox 1327 777 2223 832">
     <span class='ocr_line' id='line_1_61' title="bbox 1327 777 2223 832; baseline 0.002 -15"><span class='ocrx_word' id='word_1_423' title='bbox 1327 779 1366 817; x_wconf 82' lang='grc' dir='ltr'>ἐκ</span> <span class='ocrx_word' id='word_1_424' title='bbox 1390 777 1450 818; x_wconf 90' lang='grc' dir='ltr'>σέο</span> <span class='ocrx_word' id='word_1_425' title='bbox 1471 777 1535 826; x_wconf 85' lang='grc' dir='ltr'>μὲν</span> <span class='ocrx_word' id='word_1_426' title='bbox 1553 784 1733 831; x_wconf 86' lang='grc' dir='ltr'>γεγαυῖαι,</span> <span class='ocrx_word' id='word_1_427' title='bbox 1754 780 1813 818; x_wconf 76' lang='grc' dir='ltr'>ὑπ’</span> <span class='ocrx_word' id='word_1_428' title='bbox 1831 778 2017 832; x_wconf 85' lang='grc' dir='ltr'>ἀγγελίῃσι</span> <span class='ocrx_word' id='word_1_429' title='bbox 2037 780 2067 818; x_wconf 84' lang='grc' dir='ltr'>δ’</span> <span class='ocrx_word' id='word_1_430' title='bbox 2088 779 2223 819; x_wconf 80' lang='grc' dir='ltr'>ἕκαστα</span> 
     </span>
    </p>

    <p class='ocr_par' dir='ltr' id='par_1_28' title="bbox 1326 842 2183 898">
     <span class='ocr_line' id='line_1_62' title="bbox 1326 842 2183 898; baseline -0.001 -15"><span class='ocrx_word' id='word_1_431' title='bbox 1326 842 1558 896; x_wconf 76' lang='grc' dir='ltr'>πρεσὸυγενεῖ</span> <span class='ocrx_word' id='word_1_432' title='bbox 1574 843 1732 895; x_wconf 85' lang='grc' dir='ltr'>διάγουσι</span> <span class='ocrx_word' id='word_1_433' title='bbox 1748 842 1817 897; x_wconf 86' lang='grc' dir='ltr'>νόῳ</span> <span class='ocrx_word' id='word_1_434' title='bbox 1831 843 1893 882; x_wconf 79' lang='grc' dir='ltr'>καὶ</span> <span class='ocrx_word' id='word_1_435' title='bbox 1909 843 2032 897; x_wconf 87' lang='grc' dir='ltr'>κάρτεϊ</span> <span class='ocrx_word' id='word_1_436' title='bbox 2051 845 2102 897; x_wconf 84' lang='grc' dir='ltr'>τῷ</span> <span class='ocrx_word' id='word_1_437' title='bbox 2119 846 2183 898; x_wconf 84' lang='grc' dir='ltr'>σῷ.</span> 
     </span>
    </p>

    <p class='ocr_par' dir='ltr' id='par_1_29' title="bbox 1327 906 2328 962">
     <span class='ocr_line' id='line_1_63' title="bbox 1327 906 2328 962; baseline 0.003 -17"><span class='ocrx_word' id='word_1_438' title='bbox 1327 906 1423 961; x_wconf 84' lang='grc' dir='ltr'>Πρὸς</span> <span class='ocrx_word' id='word_1_439' title='bbox 1435 907 1466 946; x_wconf 88' lang='grc' dir='ltr'>δ’</span> <span class='ocrx_word' id='word_1_440' title='bbox 1484 907 1535 946; x_wconf 88' lang='grc' dir='ltr'>ἔτι</span> <span class='ocrx_word' id='word_1_441' title='bbox 1551 906 1612 946; x_wconf 76' lang='grc' dir='ltr'>καὶ</span> <span class='ocrx_word' id='word_1_442' title='bbox 1627 907 1742 962; x_wconf 86' lang='grc' dir='ltr'>τρίτον</span> <span class='ocrx_word' id='word_1_443' title='bbox 1765 907 1853 947; x_wconf 83' lang='grc' dir='ltr'>ἄλλο</span> <span class='ocrx_word' id='word_1_444' title='bbox 1865 907 1962 960; x_wconf 87' lang='grc' dir='ltr'>γένος</span> <span class='ocrx_word' id='word_1_445' title='bbox 1982 907 2134 956; x_wconf 91' lang='grc' dir='ltr'>ποίησας</span> <span class='ocrx_word' id='word_1_446' title='bbox 2153 909 2328 956; x_wconf 87' lang='grc' dir='ltr'>ἀνάκτων,</span> 
     </span>
    </p>

    <p class='ocr_par' dir='ltr' id='par_1_30' title="bbox 1328 966 2206 1027">
     <span class='ocr_line' id='line_1_64' title="bbox 1328 966 2206 1027; baseline 0.001 -17"><span class='ocrx_word' id='word_1_447' title='bbox 1328 971 1364 1011; x_wconf 80' lang='grc' dir='ltr'>οῗ</span> <span class='ocrx_word' id='word_1_448' title='bbox 1379 974 1408 1027; x_wconf 81' lang='grc' dir='ltr'>ῥ’</span> <span class='ocrx_word' id='word_1_449' title='bbox 1432 971 1514 1016; x_wconf 78' lang='grc' dir='ltr'>ἑκὰς</span> <span class='ocrx_word' id='word_1_450' title='bbox 1532 966 1633 1026; x_wconf 73' lang='grc' dir='ltr'>ἦμαρ</span> <span class='ocrx_word' id='word_1_451' title='bbox 1653 972 1796 1025; x_wconf 89' lang='grc' dir='ltr'>ἄγουσιν</span> <span class='ocrx_word' id='word_1_452' title='bbox 1812 972 2053 1024; x_wconf 86' lang='grc' dir='ltr'>ἀνυμνείοντες</span> <span class='ocrx_word' id='word_1_453' title='bbox 2073 973 2206 1018; x_wconf 85' lang='grc' dir='ltr'>ἀοιδαῖς</span> 
     </span>
    </p>

    <p class='ocr_par' dir='ltr' id='par_1_31' title="bbox 1330 1037 2219 1090">
     <span class='ocr_line' id='line_1_65' title="bbox 1330 1037 2219 1090; baseline 0 -14"><span class='ocrx_word' id='word_1_454' title='bbox 1330 1037 1540 1090; x_wconf 86' lang='grc' dir='ltr'>βουλόμενόν</span> <span class='ocrx_word' id='word_1_455' title='bbox 1560 1039 1594 1076; x_wconf 90' lang='grc' dir='ltr'>σ’</span> <span class='ocrx_word' id='word_1_456' title='bbox 1609 1037 1805 1087; x_wconf 80' lang='grc' dir='ltr'>ἐθέλοντες,</span> <span class='ocrx_word' id='word_1_457' title='bbox 1828 1037 2022 1076; x_wconf 85' lang='grc' dir='ltr'>ἀοιδιάουσι</span> <span class='ocrx_word' id='word_1_458' title='bbox 2043 1038 2074 1076; x_wconf 85' lang='grc' dir='ltr'>δ’</span> <span class='ocrx_word' id='word_1_459' title='bbox 2095 1038 2219 1077; x_wconf 81' lang='grc' dir='ltr'>ἐσῶδε.</span> 
     </span>
    </p>

    <p class='ocr_par' dir='ltr' id='par_1_32' title="bbox 1327 1095 2226 1155">
     <span class='ocr_line' id='line_1_66' title="bbox 1327 1095 2226 1155; baseline 0 -14"><span class='ocrx_word' id='word_1_460' title='bbox 1327 1104 1362 1142; x_wconf 88' lang='grc' dir='ltr'>Τ</span> <span class='ocrx_word' id='word_1_461' title='bbox 1363 1101 1427 1150; x_wconf 86' lang='grc' dir='ltr'>ύνη</span> <span class='ocrx_word' id='word_1_462' title='bbox 1444 1101 1476 1140; x_wconf 84' lang='grc' dir='ltr'>δ’</span> <span class='ocrx_word' id='word_1_463' title='bbox 1495 1101 1570 1141; x_wconf 79' lang='grc' dir='ltr'>ἐσσὶ</span> <span class='ocrx_word' id='word_1_464' title='bbox 1590 1100 1710 1155; x_wconf 81' lang='grc' dir='ltr'>πατὴρ</span> <span class='ocrx_word' id='word_1_465' title='bbox 1727 1100 1788 1140; x_wconf 80' lang='grc' dir='ltr'>καὶ</span> <span class='ocrx_word' id='word_1_466' title='bbox 1810 1100 1961 1155; x_wconf 87' lang='grc' dir='ltr'>μητέρος</span> <span class='ocrx_word' id='word_1_467' title='bbox 1984 1101 2116 1153; x_wconf 87' lang='grc' dir='ltr'>ἀγλαὸν</span> <span class='ocrx_word' id='word_1_468' title='bbox 2136 1095 2226 1147; x_wconf 66' lang='grc' dir='ltr'>εἶδος</span> 
     </span>
    </p>
   </div>
   <div class='ocr_carea' id='block_1_13' title="bbox 1263 1159 2287 1219">
    <p class='ocr_par' dir='ltr' id='par_1_33' title="bbox 1263 1159 2287 1219">
     <span class='ocr_line' id='line_1_67' title="bbox 1263 1159 2287 1219; baseline -0.001 -14"><span class='ocrx_word' id='word_1_469' title='bbox 1263 1182 1266 1185; x_wconf 88' lang='grc'>’</span> <span class='ocrx_word' id='word_1_470' title='bbox 1327 1165 1387 1206; x_wconf 68' lang='grc' dir='ltr'>καὶ</span> <span class='ocrx_word' id='word_1_471' title='bbox 1403 1164 1532 1204; x_wconf 85' lang='grc' dir='ltr'>τεκέων</span> <span class='ocrx_word' id='word_1_472' title='bbox 1547 1166 1645 1219; x_wconf 82' lang='grc' dir='ltr'>τέρεν</span> <span class='ocrx_word' id='word_1_473' title='bbox 1659 1164 1761 1211; x_wconf 85' lang='grc' dir='ltr'>ἄνθος</span> <span class='ocrx_word' id='word_1_474' title='bbox 1773 1196 1784 1217; x_wconf 83' lang='grc'>,</span> <span class='ocrx_word' id='word_1_475' title='bbox 1807 1166 1842 1204; x_wconf 84' lang='grc' dir='ltr'>έν</span> <span class='ocrx_word' id='word_1_476' title='bbox 1857 1165 1982 1204; x_wconf 90' lang='grc' dir='ltr'>εἴδεσιν</span> <span class='ocrx_word' id='word_1_477' title='bbox 1999 1159 2088 1211; x_wconf 72' lang='grc' dir='ltr'>εἶδος</span> <span class='ocrx_word' id='word_1_478' title='bbox 2103 1165 2287 1219; x_wconf 78' lang='grc' dir='ltr'>ὑπάρχων,</span> 
     </span>
    </p>
   </div>
   <div class='ocr_carea' id='block_1_14' title="bbox 1327 1228 2289 1283">
    <p class='ocr_par' dir='ltr' id='par_1_34' title="bbox 1327 1228 2289 1283">
     <span class='ocr_line' id='line_1_68' title="bbox 1327 1228 2289 1283; baseline 0 -13"><span class='ocrx_word' id='word_1_479' title='bbox 1327 1231 1389 1270; x_wconf 82' lang='grc' dir='ltr'>καὶ</span> <span class='ocrx_word' id='word_1_480' title='bbox 1408 1228 1506 1283; x_wconf 82' lang='grc' dir='ltr'>ψυχὴ</span> <span class='ocrx_word' id='word_1_481' title='bbox 1520 1229 1581 1268; x_wconf 79' lang='grc' dir='ltr'>καὶ</span> <span class='ocrx_word' id='word_1_482' title='bbox 1594 1232 1733 1282; x_wconf 77' lang='grc' dir='ltr'>πνεῦμα</span> <span class='ocrx_word' id='word_1_483' title='bbox 1746 1229 1808 1269; x_wconf 79' lang='grc' dir='ltr'>καὶ</span> <span class='ocrx_word' id='word_1_484' title='bbox 1821 1229 1973 1283; x_wconf 78' lang='grc' dir='ltr'>ἁρμονίη</span> <span class='ocrx_word' id='word_1_485' title='bbox 1987 1229 2048 1268; x_wconf 81' lang='grc' dir='ltr'>καὶ</span> <span class='ocrx_word' id='word_1_486' title='bbox 2063 1230 2206 1283; x_wconf 85' lang='grc' dir='ltr'>ἀριθμός</span> <span class='ocrx_word' id='word_1_487' title='bbox 2221 1231 2289 1282; x_wconf 80' lang='grc'>(2).</span> 
     </span>
    </p>
   </div>
   <div class='ocr_carea' id='block_1_15' title="bbox 1275 1335 2337 2235">
    <p class='ocr_par' dir='ltr' id='par_1_35' title="bbox 1275 1335 2337 2235">
     <span class='ocr_line' id='line_1_69' title="bbox 1275 1335 2333 1387; baseline -0.003 -10"><span class='ocrx_word' id='word_1_488' title='bbox 1275 1338 1389 1386; x_wconf 86' lang='lat' dir='ltr'><strong>Quod</strong></span> <span class='ocrx_word' id='word_1_489' title='bbox 1419 1342 1553 1377; x_wconf 86' lang='lat' dir='ltr'><strong>autem</strong></span> <span class='ocrx_word' id='word_1_490' title='bbox 1578 1336 1774 1376; x_wconf 85' lang='lat' dir='ltr'><strong>Hesiodus</strong></span> <span class='ocrx_word' id='word_1_491' title='bbox 1802 1337 1857 1376; x_wconf 88' lang='lat' dir='ltr'>ait</span> <span class='ocrx_word' id='word_1_492' title='bbox 1869 1366 1879 1386; x_wconf 95' lang='lat'>,</span> <span class='ocrx_word' id='word_1_493' title='bbox 1921 1338 2056 1387; x_wconf 88' lang='lat' dir='ltr'><strong>genios</strong></span> <span class='ocrx_word' id='word_1_494' title='bbox 2087 1335 2177 1375; x_wconf 90' lang='lat' dir='ltr'><strong>illos</strong></span> <span class='ocrx_word' id='word_1_495' title='bbox 2215 1335 2333 1375; x_wconf 88' lang='lat' dir='ltr'><strong>rebus</strong></span> 
     </span>
     <span class='ocr_line' id='line_1_70' title="bbox 1276 1401 2331 1453; baseline -0.002 -11"><span class='ocrx_word' id='word_1_496' title='bbox 1276 1403 1457 1442; x_wconf 87' lang='lat' dir='ltr'><strong>humanis</strong></span> <span class='ocrx_word' id='word_1_497' title='bbox 1479 1413 1643 1453; x_wconf 83' lang='lat' dir='ltr'><strong>praeesse</strong></span> <span class='ocrx_word' id='word_1_498' title='bbox 1662 1413 1707 1441; x_wconf 86' lang='lat' dir='ltr'><strong>ac</strong></span> <span class='ocrx_word' id='word_1_499' title='bbox 1723 1403 1829 1453; x_wconf 75' lang='lat' dir='ltr'><strong>Juste</strong></span> <span class='ocrx_word' id='word_1_500' title='bbox 1847 1406 1886 1441; x_wconf 91' lang='lat' dir='ltr'>et</span> <span class='ocrx_word' id='word_1_501' title='bbox 1915 1401 2061 1453; x_wconf 86' lang='lat' dir='ltr'><strong>injuste</strong></span> <span class='ocrx_word' id='word_1_502' title='bbox 2080 1401 2186 1441; x_wconf 85' lang='lat' dir='ltr'><strong>facta</strong></span> <span class='ocrx_word' id='word_1_503' title='bbox 2204 1402 2331 1445; x_wconf 89' lang='lat' dir='ltr'><strong>homi-</strong></span> 
     </span>
     <span class='ocr_line' id='line_1_71' title="bbox 1276 1466 2335 1518; baseline -0.002 -11"><span class='ocrx_word' id='word_1_504' title='bbox 1276 1479 1372 1507; x_wconf 91' lang='lat' dir='ltr'><strong>num</strong></span> <span class='ocrx_word' id='word_1_505' title='bbox 1389 1467 1615 1517; x_wconf 83' lang='lat' dir='ltr'><strong>observare,</strong></span> <span class='ocrx_word' id='word_1_506' title='bbox 1638 1466 1679 1506; x_wconf 91' lang='lat' dir='ltr'>id</span> <span class='ocrx_word' id='word_1_507' title='bbox 1707 1477 1787 1505; x_wconf 90' lang='lat' dir='ltr'><strong>non</strong></span> <span class='ocrx_word' id='word_1_508' title='bbox 1806 1466 1934 1506; x_wconf 88' lang='lat' dir='ltr'><strong>solum</strong></span> <span class='ocrx_word' id='word_1_509' title='bbox 1965 1466 2240 1518; x_wconf 84' lang='lat' dir='ltr'><strong>Empedocles,</strong></span> <span class='ocrx_word' id='word_1_510' title='bbox 2266 1467 2335 1506; x_wconf 87' lang='lat' dir='ltr'>sed</span> 
     </span>
     <span class='ocr_line' id='line_1_72' title="bbox 1277 1530 2335 1582; baseline -0.003 -10"><span class='ocrx_word' id='word_1_511' title='bbox 1277 1543 1413 1572; x_wconf 90' lang='lat' dir='ltr'><strong>omnes</strong></span> <span class='ocrx_word' id='word_1_512' title='bbox 1421 1531 1502 1571; x_wconf 84' lang='lat' dir='ltr'><strong>fere</strong></span> <span class='ocrx_word' id='word_1_513' title='bbox 1511 1530 1734 1582; x_wconf 88' lang='lat' dir='ltr'><strong>philosophi</strong></span> <span class='ocrx_word' id='word_1_514' title='bbox 1744 1542 1869 1581; x_wconf 89' lang='lat' dir='ltr'><strong>usque</strong></span> <span class='ocrx_word' id='word_1_515' title='bbox 1882 1530 1934 1570; x_wconf 89' lang='lat' dir='ltr'><strong>ad</strong></span> <span class='ocrx_word' id='word_1_516' title='bbox 1946 1530 2156 1570; x_wconf 90' lang='lat' dir='ltr'><strong>Platonem</strong></span> <span class='ocrx_word' id='word_1_517' title='bbox 2163 1532 2335 1570; x_wconf 88' lang='lat' dir='ltr'><strong>tenuisse</strong></span> 
     </span>
     <span class='ocr_line' id='line_1_73' title="bbox 1277 1594 2334 1650; baseline -0.001 -15"><span class='ocrx_word' id='word_1_518' title='bbox 1277 1597 1462 1636; x_wconf 89' lang='lat' dir='ltr'><strong>videntur</strong></span> <span class='ocrx_word' id='word_1_519' title='bbox 1482 1594 1550 1650; x_wconf 89' lang='grc'>(3).</span> <span class='ocrx_word' id='word_1_520' title='bbox 1571 1596 1630 1636; x_wconf 83' lang='lat' dir='ltr'>&#39;Ac</span> <span class='ocrx_word' id='word_1_521' title='bbox 1647 1607 1698 1634; x_wconf 90' lang='lat' dir='ltr'>ne</span> <span class='ocrx_word' id='word_1_522' title='bbox 1716 1596 1875 1636; x_wconf 86' lang='lat' dir='ltr'><strong>uberius</strong></span> <span class='ocrx_word' id='word_1_523' title='bbox 1893 1595 1943 1635; x_wconf 90' lang='lat' dir='ltr'>de</span> <span class='ocrx_word' id='word_1_524' title='bbox 1958 1597 2008 1635; x_wconf 90' lang='lat' dir='ltr'>iis</span> <span class='ocrx_word' id='word_1_525' title='bbox 2027 1596 2224 1646; x_wconf 88' lang='lat' dir='ltr'><strong>disputem</strong></span> <span class='ocrx_word' id='word_1_526' title='bbox 2239 1595 2334 1635; x_wconf 91' lang='lat' dir='ltr'><strong>locis</strong></span> 
     </span>
     <span class='ocr_line' id='line_1_74' title="bbox 1276 1659 2334 1712; baseline -0.001 -11"><span class='ocrx_word' id='word_1_527' title='bbox 1276 1661 1416 1712; x_wconf 87' lang='lat' dir='ltr'><strong>quibus</strong></span> <span class='ocrx_word' id='word_1_528' title='bbox 1437 1663 1478 1700; x_wconf 88' lang='lat' dir='ltr'>in</span> <span class='ocrx_word' id='word_1_529' title='bbox 1495 1660 1654 1712; x_wconf 87' lang='lat' dir='ltr'><strong>Cratylo</strong></span> <span class='ocrx_word' id='word_1_530' title='bbox 1672 1659 1741 1712; x_wconf 86' lang='grc'>(4),</span> <span class='ocrx_word' id='word_1_531' title='bbox 1760 1662 1897 1711; x_wconf 85' lang='lat' dir='ltr'><strong>quinto</strong></span> <span class='ocrx_word' id='word_1_532' title='bbox 1915 1661 1964 1700; x_wconf 86' lang='lat' dir='ltr'>de</span> <span class='ocrx_word' id='word_1_533' title='bbox 1987 1661 2198 1711; x_wconf 83' lang='lat' dir='ltr'><strong>Republica</strong></span> <span class='ocrx_word' id='word_1_534' title='bbox 2218 1661 2275 1712; x_wconf 81' lang='lat'>(5)</span> <span class='ocrx_word' id='word_1_535' title='bbox 2295 1666 2334 1699; x_wconf 89' lang='lat' dir='ltr'>et</span> 
     </span>
     <span class='ocr_line' id='line_1_75' title="bbox 1277 1722 2328 1778; baseline 0 -14"><span class='ocrx_word' id='word_1_536' title='bbox 1277 1730 1418 1776; x_wconf 89' lang='lat' dir='ltr'><strong>quarto</strong></span> <span class='ocrx_word' id='word_1_537' title='bbox 1434 1725 1483 1764; x_wconf 89' lang='lat' dir='ltr'>de</span> <span class='ocrx_word' id='word_1_538' title='bbox 1505 1725 1626 1777; x_wconf 86' lang='lat' dir='ltr'><strong>Legg.</strong></span> <span class='ocrx_word' id='word_1_539' title='bbox 1644 1725 1745 1764; x_wconf 90' lang='lat' dir='ltr'><strong>libro</strong></span> <span class='ocrx_word' id='word_1_540' title='bbox 1764 1722 1817 1778; x_wconf 79' lang='grc'>(6)</span> <span class='ocrx_word' id='word_1_541' title='bbox 1832 1724 2049 1764; x_wconf 87' lang='lat' dir='ltr'><strong>Hesiodum</strong></span> <span class='ocrx_word' id='word_1_542' title='bbox 2078 1725 2192 1764; x_wconf 89' lang='lat' dir='ltr'><strong>Plato</strong></span> <span class='ocrx_word' id='word_1_543' title='bbox 2210 1726 2328 1764; x_wconf 81' lang='lat' dir='ltr'><strong>inter-</strong></span> 
     </span>
     <span class='ocr_line' id='line_1_76' title="bbox 1277 1789 2332 1844; baseline 0.001 -15"><span class='ocrx_word' id='word_1_544' title='bbox 1277 1795 1468 1841; x_wconf 81' lang='lat' dir='ltr'><strong>pretatur,</strong></span> <span class='ocrx_word' id='word_1_545' title='bbox 1489 1802 1590 1830; x_wconf 87' lang='lat' dir='ltr'><strong>neve</strong></span> <span class='ocrx_word' id='word_1_546' title='bbox 1608 1801 1655 1830; x_wconf 88' lang='lat' dir='ltr'>ea</span> <span class='ocrx_word' id='word_1_547' title='bbox 1672 1795 1925 1843; x_wconf 85' lang='lat' dir='ltr'><strong>pertractem,</strong></span> <span class='ocrx_word' id='word_1_548' title='bbox 1947 1801 2034 1841; x_wconf 84' lang='lat' dir='ltr'>quae</span> <span class='ocrx_word' id='word_1_549' title='bbox 2048 1792 2090 1829; x_wconf 93' lang='lat' dir='ltr'>in</span> <span class='ocrx_word' id='word_1_550' title='bbox 2116 1790 2266 1830; x_wconf 86' lang='lat' dir='ltr'><strong>Timaeo</strong></span> <span class='ocrx_word' id='word_1_551' title='bbox 2282 1789 2332 1844; x_wconf 84' lang='grc'>(7)</span> 
     </span>
     <span class='ocr_line' id='line_1_77' title="bbox 1277 1856 2336 1907; baseline 0 -12"><span class='ocrx_word' id='word_1_552' title='bbox 1277 1856 1454 1907; x_wconf 86' lang='lat' dir='ltr'><strong>disserit,</strong></span> <span class='ocrx_word' id='word_1_553' title='bbox 1483 1856 1551 1895; x_wconf 91' lang='lat' dir='ltr'>ubi</span> <span class='ocrx_word' id='word_1_554' title='bbox 1583 1856 1779 1896; x_wconf 86' lang='lat' dir='ltr'><strong>daemones</strong></span> <span class='ocrx_word' id='word_1_555' title='bbox 1808 1868 1893 1896; x_wconf 85' lang='lat' dir='ltr'><strong>csse</strong></span> <span class='ocrx_word' id='word_1_556' title='bbox 1920 1856 2121 1905; x_wconf 76' lang='lat' dir='ltr'><strong>concedit,</strong></span> <span class='ocrx_word' id='word_1_557' title='bbox 2143 1858 2336 1907; x_wconf 86' lang='lat' dir='ltr'><strong>imprimis</strong></span> 
     </span>
     <span class='ocr_line' id='line_1_78' title="bbox 1279 1921 2334 1973; baseline 0.001 -14"><span class='ocrx_word' id='word_1_558' title='bbox 1279 1921 1551 1964; x_wconf 79' lang='lat' dir='ltr'><strong>memorabilia</strong></span> <span class='ocrx_word' id='word_1_559' title='bbox 1577 1926 1672 1961; x_wconf 88' lang='lat' dir='ltr'><strong>sunt</strong></span> <span class='ocrx_word' id='word_1_560' title='bbox 1702 1933 1790 1972; x_wconf 83' lang='lat' dir='ltr'>quae</span> <span class='ocrx_word' id='word_1_561' title='bbox 1825 1924 1868 1962; x_wconf 91' lang='lat' dir='ltr'>in</span> <span class='ocrx_word' id='word_1_562' title='bbox 1902 1922 2102 1961; x_wconf 74' lang='lat' dir='ltr'><strong>Phaedone</strong></span> <span class='ocrx_word' id='word_1_563' title='bbox 2135 1924 2334 1973; x_wconf 87' lang='lat' dir='ltr'><strong>reperiun-</strong></span> 
     </span>
     <span class='ocr_line' id='line_1_79' title="bbox 1277 1984 2337 2040; baseline 0.002 -15"><span class='ocrx_word' id='word_1_564' title='bbox 1277 1991 1342 2025; x_wconf 89' lang='lat' dir='ltr'>tur</span> <span class='ocrx_word' id='word_1_565' title='bbox 1359 1984 1419 2040; x_wconf 85' lang='lat'>(8)</span> <span class='ocrx_word' id='word_1_566' title='bbox 1431 2016 1442 2038; x_wconf 85' lang='lat'>,</span> <span class='ocrx_word' id='word_1_567' title='bbox 1460 1987 1528 2026; x_wconf 88' lang='lat' dir='ltr'>ubi</span> <span class='ocrx_word' id='word_1_568' title='bbox 1544 1987 1593 2026; x_wconf 91' lang='lat' dir='ltr'>de</span> <span class='ocrx_word' id='word_1_569' title='bbox 1611 1989 1739 2039; x_wconf 88' lang='lat' dir='ltr'><strong>geniis</strong></span> <span class='ocrx_word' id='word_1_570' title='bbox 1753 1988 1930 2039; x_wconf 87' lang='lat' dir='ltr'><strong>loquitur</strong></span> <span class='ocrx_word' id='word_1_571' title='bbox 1942 1990 2011 2039; x_wconf 88' lang='lat' dir='ltr'>qui</span> <span class='ocrx_word' id='word_1_572' title='bbox 2029 1988 2198 2040; x_wconf 84' lang='lat' dir='ltr'><strong>singulis</strong></span> <span class='ocrx_word' id='word_1_573' title='bbox 2212 1988 2337 2027; x_wconf 92' lang='lat' dir='ltr'><strong>homi-</strong></span> 
     </span>
     <span class='ocr_line' id='line_1_80' title="bbox 1278 2052 2335 2105; baseline 0.001 -15"><span class='ocrx_word' id='word_1_574' title='bbox 1278 2052 1397 2091; x_wconf 91' lang='lat' dir='ltr'><strong>nibus</strong></span> <span class='ocrx_word' id='word_1_575' title='bbox 1415 2054 1455 2091; x_wconf 90' lang='lat' dir='ltr'>in</span> <span class='ocrx_word' id='word_1_576' title='bbox 1469 2054 1555 2092; x_wconf 85' lang='lat' dir='ltr'><strong>vita</strong></span> <span class='ocrx_word' id='word_1_577' title='bbox 1568 2053 1687 2093; x_wconf 89' lang='lat' dir='ltr'><strong>duces</strong></span> <span class='ocrx_word' id='word_1_578' title='bbox 1705 2057 1745 2093; x_wconf 88' lang='lat' dir='ltr'>et</span> <span class='ocrx_word' id='word_1_579' title='bbox 1761 2056 1923 2093; x_wconf 89' lang='lat' dir='ltr'><strong>comites</strong></span> <span class='ocrx_word' id='word_1_580' title='bbox 1940 2054 2064 2093; x_wconf 85' lang='lat' dir='ltr'><strong>additi</strong></span> <span class='ocrx_word' id='word_1_581' title='bbox 2085 2054 2335 2105; x_wconf 86' lang='lat' dir='ltr'><strong>putabantur.</strong></span> 
     </span>
     <span class='ocr_line' id='line_1_81' title="bbox 1279 2116 2335 2171; baseline 0.004 -16"><span class='ocrx_word' id='word_1_582' title='bbox 1279 2116 1470 2157; x_wconf 76' lang='lat' dir='ltr'><strong>Praeterea</strong></span> <span class='ocrx_word' id='word_1_583' title='bbox 1489 2118 1700 2159; x_wconf 86' lang='lat' dir='ltr'><strong>observatu</strong></span> <span class='ocrx_word' id='word_1_584' title='bbox 1718 2120 1839 2171; x_wconf 84' lang='lat' dir='ltr'><strong>digna</strong></span> <span class='ocrx_word' id='word_1_585' title='bbox 1857 2131 2063 2159; x_wconf 89' lang='lat' dir='ltr'><strong>censemus</strong></span> <span class='ocrx_word' id='word_1_586' title='bbox 2092 2131 2178 2170; x_wconf 84' lang='lat' dir='ltr'>quae</span> <span class='ocrx_word' id='word_1_587' title='bbox 2200 2122 2244 2159; x_wconf 92' lang='lat' dir='ltr'>in</span> <span class='ocrx_word' id='word_1_588' title='bbox 2265 2120 2335 2160; x_wconf 90' lang='lat' dir='ltr'><strong>So-</strong></span> 
     </span>
     <span class='ocr_line' id='line_1_82' title="bbox 1279 2183 2335 2235; baseline 0.002 -15"><span class='ocrx_word' id='word_1_589' title='bbox 1279 2183 1397 2234; x_wconf 86' lang='lat' dir='ltr'><strong>cratis</strong></span> <span class='ocrx_word' id='word_1_590' title='bbox 1414 2183 1607 2234; x_wconf 86' lang='lat' dir='ltr'><strong>Apologia</strong></span> <span class='ocrx_word' id='word_1_591' title='bbox 1626 2195 1664 2235; x_wconf 87' lang='lat' dir='ltr'>p.</span> <span class='ocrx_word' id='word_1_592' title='bbox 1684 2191 1734 2224; x_wconf 79' lang='grc'>27</span> <span class='ocrx_word' id='word_1_593' title='bbox 1757 2184 1787 2223; x_wconf 91' lang='lat' dir='ltr'>C</span> <span class='ocrx_word' id='word_1_594' title='bbox 1803 2189 1962 2224; x_wconf 79' lang='lat' dir='ltr'><strong>exstant</strong></span> <span class='ocrx_word' id='word_1_595' title='bbox 1981 2197 1990 2223; x_wconf 75' lang='grc' dir='ltr'><strong>ε</strong></span> <span class='ocrx_word' id='word_1_596' title='bbox 2011 2183 2090 2228; x_wconf 78' lang='grc' dir='ltr'>τοὺς</span> <span class='ocrx_word' id='word_1_597' title='bbox 2112 2183 2148 2223; x_wconf 85' lang='grc' dir='ltr'>δὲ</span> <span class='ocrx_word' id='word_1_598' title='bbox 2166 2183 2335 2235; x_wconf 80' lang='grc' dir='ltr'>δαίμονας</span> 
     </span>
    </p>
   </div>
   <div class='ocr_carea' id='block_1_16' title="bbox 1274 2341 2335 3623">
    <p class='ocr_par' dir='ltr' id='par_1_36' title="bbox 1277 2341 2334 2622">
     <span class='ocr_line' id='line_1_83' title="bbox 1277 2341 2333 2386; baseline 0.003 -12"><span class='ocrx_word' id='word_1_599' title='bbox 1277 2341 1398 2378; x_wconf 78' lang='grc' dir='ltr'>ξίκακοι</span> <span class='ocrx_word' id='word_1_600' title='bbox 1409 2369 1417 2380; x_wconf 85' lang='grc'>,</span> <span class='ocrx_word' id='word_1_601' title='bbox 1439 2343 1572 2384; x_wconf 78' lang='grc' dir='ltr'>φύλακες</span> <span class='ocrx_word' id='word_1_602' title='bbox 1589 2344 1735 2385; x_wconf 85' lang='grc' dir='ltr'>μερόπων</span> <span class='ocrx_word' id='word_1_603' title='bbox 1752 2344 1943 2386; x_wconf 82' lang='grc' dir='ltr'>ἀνθρώπων;</span> <span class='ocrx_word' id='word_1_604' title='bbox 1963 2357 1980 2373; x_wconf 66' lang='grc' dir='ltr'>ι»</span> <span class='ocrx_word' id='word_1_605' title='bbox 2003 2345 2180 2386; x_wconf 88' lang='grc' dir='ltr'>πεισόμεθα</span> <span class='ocrx_word' id='word_1_606' title='bbox 2194 2345 2249 2386; x_wconf 86' lang='grc' dir='ltr'>μὲν</span> <span class='ocrx_word' id='word_1_607' title='bbox 2266 2343 2333 2377; x_wconf 74' lang='grc' dir='ltr'>οὖν.</span> 
     </span>
     <span class='ocr_line' id='line_1_84' title="bbox 1278 2391 2333 2434; baseline 0 -11"><span class='ocrx_word' id='word_1_608' title='bbox 1278 2391 1506 2433; x_wconf 87' lang='grc' dir='ltr'>Διαπυθόμενοι</span> <span class='ocrx_word' id='word_1_609' title='bbox 1527 2393 1588 2434; x_wconf 87' lang='grc' dir='ltr'>ἄρα</span> <span class='ocrx_word' id='word_1_610' title='bbox 1604 2395 1660 2424; x_wconf 81' lang='grc' dir='ltr'>τοῦ</span> <span class='ocrx_word' id='word_1_611' title='bbox 1688 2393 1760 2424; x_wconf 86' lang='grc' dir='ltr'>θεοῦ</span> <span class='ocrx_word' id='word_1_612' title='bbox 1783 2394 1850 2429; x_wconf 86' lang='grc' dir='ltr'>πῶς</span> <span class='ocrx_word' id='word_1_613' title='bbox 1873 2393 1933 2433; x_wconf 83' lang='grc' dir='ltr'>χρὴ</span> <span class='ocrx_word' id='word_1_614' title='bbox 1949 2392 2020 2429; x_wconf 79' lang='grc' dir='ltr'>τοὺς</span> <span class='ocrx_word' id='word_1_615' title='bbox 2034 2392 2213 2434; x_wconf 87' lang='grc' dir='ltr'>δαιμονίους</span> <span class='ocrx_word' id='word_1_616' title='bbox 2229 2403 2263 2425; x_wconf 88' lang='grc' dir='ltr'>τε</span> <span class='ocrx_word' id='word_1_617' title='bbox 2279 2391 2333 2424; x_wconf 88' lang='grc' dir='ltr'>καὶ</span> 
     </span>
     <span class='ocr_line' id='line_1_85' title="bbox 1277 2437 2334 2481; baseline -0.001 -10"><span class='ocrx_word' id='word_1_618' title='bbox 1277 2439 1377 2476; x_wconf 83' lang='grc' dir='ltr'>θείους</span> <span class='ocrx_word' id='word_1_619' title='bbox 1390 2441 1504 2472; x_wconf 76' lang='grc' dir='ltr'>τιθέναι</span> <span class='ocrx_word' id='word_1_620' title='bbox 1521 2442 1574 2472; x_wconf 85' lang='grc' dir='ltr'>καὶ</span> <span class='ocrx_word' id='word_1_621' title='bbox 1587 2439 1646 2472; x_wconf 87' lang='grc' dir='ltr'>τίνι</span> <span class='ocrx_word' id='word_1_622' title='bbox 1668 2438 1824 2481; x_wconf 78' lang='grc' dir='ltr'>διαφόρῳ,</span> <span class='ocrx_word' id='word_1_623' title='bbox 1850 2439 1934 2471; x_wconf 79' lang='grc' dir='ltr'>οὕτω</span> <span class='ocrx_word' id='word_1_624' title='bbox 1958 2439 2011 2471; x_wconf 85' lang='grc' dir='ltr'>καὶ</span> <span class='ocrx_word' id='word_1_625' title='bbox 2037 2439 2136 2480; x_wconf 81' lang='grc' dir='ltr'>ταύτῃ</span> <span class='ocrx_word' id='word_1_626' title='bbox 2158 2439 2294 2480; x_wconf 85' lang='grc' dir='ltr'>θήσομεν</span> <span class='ocrx_word' id='word_1_627' title='bbox 2313 2437 2334 2478; x_wconf 77' lang='grc' dir='ltr'><em>ἦ</em></span> 
     </span>
     <span class='ocr_line' id='line_1_86' title="bbox 1278 2486 2334 2529; baseline -0.002 -9"><span class='ocrx_word' id='word_1_628' title='bbox 1278 2488 1315 2519; x_wconf 87' lang='grc' dir='ltr'>ἂν</span> <span class='ocrx_word' id='word_1_629' title='bbox 1326 2488 1470 2528; x_wconf 81' lang='grc' dir='ltr'>ἐξηγῆται</span> <span class='ocrx_word' id='word_1_630' title='bbox 1482 2499 1492 2528; x_wconf 84' lang='grc'><strong>;</strong></span> <span class='ocrx_word' id='word_1_631' title='bbox 1506 2488 1535 2520; x_wconf 90' lang='grc' dir='ltr'>τί</span> <span class='ocrx_word' id='word_1_632' title='bbox 1550 2487 1576 2520; x_wconf 86' lang='grc' dir='ltr'>δ’</span> <span class='ocrx_word' id='word_1_633' title='bbox 1591 2487 1628 2520; x_wconf 78' lang='grc' dir='ltr'>οὗ</span> <span class='ocrx_word' id='word_1_634' title='bbox 1643 2488 1793 2529; x_wconf 85' lang='grc' dir='ltr'>μέλλομεν</span> <span class='ocrx_word' id='word_1_635' title='bbox 1806 2497 1816 2527; x_wconf 87' lang='grc'><strong>;</strong></span> <span class='ocrx_word' id='word_1_636' title='bbox 1830 2487 1885 2518; x_wconf 87' lang='grc' dir='ltr'>καὶ</span> <span class='ocrx_word' id='word_1_637' title='bbox 1905 2487 1959 2519; x_wconf 90' lang='grc' dir='ltr'>τὸν</span> <span class='ocrx_word' id='word_1_638' title='bbox 1975 2488 2086 2520; x_wconf 88' lang='grc' dir='ltr'>λοιπὸν</span> <span class='ocrx_word' id='word_1_639' title='bbox 2109 2488 2147 2526; x_wconf 86' lang='grc' dir='ltr'>δὴ</span> <span class='ocrx_word' id='word_1_640' title='bbox 2164 2486 2275 2528; x_wconf 90' lang='grc' dir='ltr'>χρόνον</span> <span class='ocrx_word' id='word_1_641' title='bbox 2291 2487 2334 2523; x_wconf 83' lang='grc' dir='ltr'>ὡς</span> 
     </span>
     <span class='ocr_line' id='line_1_87' title="bbox 1277 2534 2332 2578; baseline -0.001 -11"><span class='ocrx_word' id='word_1_642' title='bbox 1277 2535 1453 2576; x_wconf 89' lang='grc' dir='ltr'>δαιμόνων,</span> <span class='ocrx_word' id='word_1_643' title='bbox 1472 2536 1555 2569; x_wconf 86' lang='grc' dir='ltr'>οὕτω</span> <span class='ocrx_word' id='word_1_644' title='bbox 1580 2534 1812 2578; x_wconf 86' lang='grc' dir='ltr'>θεραπεύσομέν</span> <span class='ocrx_word' id='word_1_645' title='bbox 1829 2544 1863 2566; x_wconf 80' lang='grc' dir='ltr'>τε</span> <span class='ocrx_word' id='word_1_646' title='bbox 1876 2535 1930 2567; x_wconf 84' lang='grc' dir='ltr'>καὶ</span> <span class='ocrx_word' id='word_1_647' title='bbox 1949 2535 2212 2577; x_wconf 86' lang='grc' dir='ltr'>προσκυνήσομεν</span> <span class='ocrx_word' id='word_1_648' title='bbox 2229 2535 2332 2567; x_wconf 81' lang='grc' dir='ltr'>αὐτῶν</span> 
     </span>
     <span class='ocr_line' id='line_1_88' title="bbox 1277 2582 1469 2622; baseline 0 -8"><span class='ocrx_word' id='word_1_649' title='bbox 1277 2583 1331 2619; x_wconf 84' lang='grc' dir='ltr'>τὰς</span> <span class='ocrx_word' id='word_1_650' title='bbox 1352 2582 1469 2622; x_wconf 80' lang='grc' dir='ltr'>θῆκας;</span> 
     </span>
    </p>

    <p class='ocr_par' dir='ltr' id='par_1_37' title="bbox 1276 2626 2335 3052">
     <span class='ocr_line' id='line_1_89' title="bbox 1324 2626 2333 2673; baseline -0.009 -8"><span class='ocrx_word' id='word_1_651' title='bbox 1324 2631 1357 2673; x_wconf 82' lang='grc'>6)</span> <span class='ocrx_word' id='word_1_652' title='bbox 1377 2630 1425 2664; x_wconf 90' lang='lat' dir='ltr'>ld.</span> <span class='ocrx_word' id='word_1_653' title='bbox 1447 2632 1542 2670; x_wconf 54' lang='lat' dir='ltr'><strong>Legg</strong></span> <span class='ocrx_word' id='word_1_654' title='bbox 1563 2627 1620 2660; x_wconf 81' lang='lat' dir='ltr'><strong>lib.</strong></span> <span class='ocrx_word' id='word_1_655' title='bbox 1639 2628 1699 2666; x_wconf 82' lang='lat' dir='ltr'>IV,</span> <span class='ocrx_word' id='word_1_656' title='bbox 1717 2636 1747 2669; x_wconf 85' lang='lat' dir='ltr'><strong>p.</strong></span> <span class='ocrx_word' id='word_1_657' title='bbox 1766 2629 1827 2662; x_wconf 87' lang='lat'>717</span> <span class='ocrx_word' id='word_1_658' title='bbox 1845 2640 1852 2660; x_wconf 77' lang='grc' dir='ltr'>τ</span> <span class='ocrx_word' id='word_1_659' title='bbox 1867 2629 2000 2669; x_wconf 80' lang='grc' dir='ltr'>Πρῶτον</span> <span class='ocrx_word' id='word_1_660' title='bbox 2024 2627 2091 2667; x_wconf 83' lang='grc' dir='ltr'>μέν,</span> <span class='ocrx_word' id='word_1_661' title='bbox 2109 2626 2225 2666; x_wconf 84' lang='grc' dir='ltr'>φαμέν,</span> <span class='ocrx_word' id='word_1_662' title='bbox 2243 2626 2333 2664; x_wconf 81' lang='grc' dir='ltr'>τιμὰς</span> 
     </span>
     <span class='ocr_line' id='line_1_90' title="bbox 1286 2673 2333 2720; baseline -0.008 -8"><span class='ocrx_word' id='word_1_663' title='bbox 1286 2679 1344 2717; x_wconf 86' lang='grc' dir='ltr'>τὰς</span> <span class='ocrx_word' id='word_1_664' title='bbox 1359 2677 1426 2720; x_wconf 89' lang='grc' dir='ltr'>μετ’</span> <span class='ocrx_word' id='word_1_665' title='bbox 1441 2675 1631 2717; x_wconf 82' lang='grc' dir='ltr'>Ὀλυμπίους</span> <span class='ocrx_word' id='word_1_666' title='bbox 1646 2686 1680 2707; x_wconf 90' lang='grc' dir='ltr'>τε</span> <span class='ocrx_word' id='word_1_667' title='bbox 1694 2676 1749 2707; x_wconf 81' lang='grc' dir='ltr'>καὶ</span> <span class='ocrx_word' id='word_1_668' title='bbox 1762 2675 1833 2713; x_wconf 84' lang='grc' dir='ltr'>τοὺς</span> <span class='ocrx_word' id='word_1_669' title='bbox 1849 2676 1904 2714; x_wconf 80' lang='grc' dir='ltr'>τὴν</span> <span class='ocrx_word' id='word_1_670' title='bbox 1919 2675 2009 2707; x_wconf 90' lang='grc' dir='ltr'>πόλιν</span> <span class='ocrx_word' id='word_1_671' title='bbox 2026 2675 2154 2716; x_wconf 81' lang='grc' dir='ltr'>ἔχοντας</span> <span class='ocrx_word' id='word_1_672' title='bbox 2170 2673 2255 2709; x_wconf 83' lang='grc' dir='ltr'>θεοὺς</span> <span class='ocrx_word' id='word_1_673' title='bbox 2266 2675 2333 2710; x_wconf 87' lang='grc' dir='ltr'>τοῖς</span> 
     </span>
     <span class='ocr_line' id='line_1_91' title="bbox 1277 2721 2334 2766; baseline -0.004 -9"><span class='ocrx_word' id='word_1_674' title='bbox 1277 2726 1411 2766; x_wconf 87' lang='grc' dir='ltr'>χθονίοις</span> <span class='ocrx_word' id='word_1_675' title='bbox 1434 2724 1471 2756; x_wconf 80' lang='grc' dir='ltr'>ἀν</span> <span class='ocrx_word' id='word_1_676' title='bbox 1493 2734 1537 2760; x_wconf 85' lang='grc' dir='ltr'>τις</span> <span class='ocrx_word' id='word_1_677' title='bbox 1557 2724 1635 2760; x_wconf 84' lang='grc' dir='ltr'>θεοῖς</span> <span class='ocrx_word' id='word_1_678' title='bbox 1658 2722 1749 2764; x_wconf 83' lang='grc' dir='ltr'>ἄρτια</span> <span class='ocrx_word' id='word_1_679' title='bbox 1764 2723 1818 2755; x_wconf 86' lang='grc' dir='ltr'>καὶ</span> <span class='ocrx_word' id='word_1_680' title='bbox 1839 2723 1967 2765; x_wconf 71' lang='grc' dir='ltr'>δεύτερα</span> <span class='ocrx_word' id='word_1_681' title='bbox 1989 2722 2044 2754; x_wconf 74' lang='grc' dir='ltr'>καὶ</span> <span class='ocrx_word' id='word_1_682' title='bbox 2069 2721 2215 2763; x_wconf 82' lang='grc' dir='ltr'>ἀριστερὰ</span> <span class='ocrx_word' id='word_1_683' title='bbox 2230 2721 2334 2762; x_wconf 86' lang='grc' dir='ltr'>νέμων</span> 
     </span>
     <span class='ocr_line' id='line_1_92' title="bbox 1277 2767 2334 2813; baseline -0.003 -10"><span class='ocrx_word' id='word_1_684' title='bbox 1277 2771 1431 2813; x_wconf 87' lang='grc' dir='ltr'>ὀρθότατα</span> <span class='ocrx_word' id='word_1_685' title='bbox 1445 2773 1501 2804; x_wconf 84' lang='grc' dir='ltr'>τοῦ</span> <span class='ocrx_word' id='word_1_686' title='bbox 1521 2774 1574 2809; x_wconf 87' lang='grc' dir='ltr'>τῆς</span> <span class='ocrx_word' id='word_1_687' title='bbox 1589 2770 1748 2807; x_wconf 80' lang='grc' dir='ltr'>εὗσεὸείας</span> <span class='ocrx_word' id='word_1_688' title='bbox 1759 2774 1884 2803; x_wconf 85' lang='grc' dir='ltr'>σκοποῦ</span> <span class='ocrx_word' id='word_1_689' title='bbox 1898 2770 2048 2811; x_wconf 87' lang='grc' dir='ltr'>τυγχάνοι</span> <span class='ocrx_word' id='word_1_690' title='bbox 2061 2794 2070 2809; x_wconf 88' lang='grc'>,</span> <span class='ocrx_word' id='word_1_691' title='bbox 2084 2772 2148 2806; x_wconf 79' lang='grc' dir='ltr'>τοῖς</span> <span class='ocrx_word' id='word_1_692' title='bbox 2162 2769 2197 2801; x_wconf 89' lang='grc' dir='ltr'>δὲ</span> <span class='ocrx_word' id='word_1_693' title='bbox 2214 2767 2334 2801; x_wconf 78' lang='grc' dir='ltr'>τούτων</span> 
     </span>
     <span class='ocr_line' id='line_1_93' title="bbox 1277 2817 2335 2860; baseline -0.005 -8"><span class='ocrx_word' id='word_1_694' title='bbox 1277 2819 1394 2852; x_wconf 89' lang='grc' dir='ltr'>ἄνωθεν</span> <span class='ocrx_word' id='word_1_695' title='bbox 1407 2819 1448 2851; x_wconf 84' lang='grc' dir='ltr'>τὰ</span> <span class='ocrx_word' id='word_1_696' title='bbox 1463 2818 1591 2860; x_wconf 81' lang='grc' dir='ltr'>περιττὰ</span> <span class='ocrx_word' id='word_1_697' title='bbox 1609 2818 1663 2850; x_wconf 86' lang='grc' dir='ltr'>καὶ</span> <span class='ocrx_word' id='word_1_698' title='bbox 1678 2817 1835 2860; x_wconf 77' lang='grc' dir='ltr'>ἀντίφωνα</span> <span class='ocrx_word' id='word_1_699' title='bbox 1847 2821 1912 2855; x_wconf 87' lang='grc' dir='ltr'>τοῖς</span> <span class='ocrx_word' id='word_1_700' title='bbox 1938 2817 2112 2859; x_wconf 81' lang='grc' dir='ltr'>ἔμπροσθεν</span> <span class='ocrx_word' id='word_1_701' title='bbox 2138 2817 2257 2858; x_wconf 77' lang='grc' dir='ltr'>ῥηθεῖσι</span> <span class='ocrx_word' id='word_1_702' title='bbox 2280 2818 2335 2847; x_wconf 84' lang='grc' dir='ltr'>νῦν</span> 
     </span>
     <span class='ocr_line' id='line_1_94' title="bbox 1277 2863 2333 2906; baseline -0.004 -7"><span class='ocrx_word' id='word_1_703' title='bbox 1277 2867 1326 2906; x_wconf 84' lang='grc' dir='ltr'>δή.</span> <span class='ocrx_word' id='word_1_704' title='bbox 1343 2867 1431 2899; x_wconf 86' lang='grc' dir='ltr'>Μετὰ</span> <span class='ocrx_word' id='word_1_705' title='bbox 1448 2866 1534 2903; x_wconf 82' lang='grc' dir='ltr'>θεοὺς</span> <span class='ocrx_word' id='word_1_706' title='bbox 1550 2866 1583 2898; x_wconf 84' lang='grc' dir='ltr'>δὲ</span> <span class='ocrx_word' id='word_1_707' title='bbox 1598 2865 1711 2899; x_wconf 76' lang='grc' dir='ltr'>τούσδε</span> <span class='ocrx_word' id='word_1_708' title='bbox 1728 2867 1782 2898; x_wconf 87' lang='grc' dir='ltr'>καὶ</span> <span class='ocrx_word' id='word_1_709' title='bbox 1805 2869 1869 2904; x_wconf 85' lang='grc' dir='ltr'>τοῖς</span> <span class='ocrx_word' id='word_1_710' title='bbox 1885 2866 2032 2906; x_wconf 86' lang='grc' dir='ltr'>δαίμοσιν</span> <span class='ocrx_word' id='word_1_711' title='bbox 2056 2865 2074 2897; x_wconf 79' lang='grc' dir='ltr'><strong>ὅ</strong></span> <span class='ocrx_word' id='word_1_712' title='bbox 2095 2864 2125 2906; x_wconf 90' lang='grc' dir='ltr'>γ’</span> <span class='ocrx_word' id='word_1_713' title='bbox 2140 2865 2263 2906; x_wconf 79' lang='grc' dir='ltr'>ἔμφρων</span> <span class='ocrx_word' id='word_1_714' title='bbox 2280 2863 2333 2906; x_wconf 82' lang='grc' dir='ltr'>ὀρ·</span> 
     </span>
     <span class='ocr_line' id='line_1_95' title="bbox 1276 2912 2334 2956; baseline -0.003 -10"><span class='ocrx_word' id='word_1_715' title='bbox 1276 2913 1403 2955; x_wconf 88' lang='grc' dir='ltr'>γιάζοιτ“</span> <span class='ocrx_word' id='word_1_716' title='bbox 1417 2914 1468 2955; x_wconf 83' lang='grc' dir='ltr'>ἄν,</span> <span class='ocrx_word' id='word_1_717' title='bbox 1491 2914 1591 2956; x_wconf 83' lang='grc' dir='ltr'>ἥρωσι</span> <span class='ocrx_word' id='word_1_718' title='bbox 1619 2914 1651 2946; x_wconf 91' lang='grc' dir='ltr'>δὲ</span> <span class='ocrx_word' id='word_1_719' title='bbox 1669 2914 1747 2955; x_wconf 81' lang='grc' dir='ltr'>μετὰ</span> <span class='ocrx_word' id='word_1_720' title='bbox 1771 2914 1913 2951; x_wconf 83' lang='grc' dir='ltr'>τούτους.</span> <span class='ocrx_word' id='word_1_721' title='bbox 1938 2912 2165 2946; x_wconf 83' lang='grc' dir='ltr'>Ἐπακολουθεῖ</span> <span class='ocrx_word' id='word_1_722' title='bbox 2184 2912 2212 2944; x_wconf 83' lang='grc' dir='ltr'>δ’</span> <span class='ocrx_word' id='word_1_723' title='bbox 2229 2912 2334 2949; x_wconf 81' lang='grc' dir='ltr'>αὐτοῖς</span> 
     </span>
     <span class='ocr_line' id='line_1_96' title="bbox 1277 2960 2334 3004; baseline -0.002 -10"><span class='ocrx_word' id='word_1_724' title='bbox 1277 2962 1431 3004; x_wconf 72' lang='grc' dir='ltr'>ἱδρύματα</span> <span class='ocrx_word' id='word_1_725' title='bbox 1448 2962 1514 2995; x_wconf 81' lang='grc' dir='ltr'>ἴδια</span> <span class='ocrx_word' id='word_1_726' title='bbox 1537 2962 1694 3004; x_wconf 87' lang='grc' dir='ltr'>πατρῴων</span> <span class='ocrx_word' id='word_1_727' title='bbox 1719 2963 1798 2995; x_wconf 88' lang='grc' dir='ltr'>θεῶν</span> <span class='ocrx_word' id='word_1_728' title='bbox 1822 2963 1906 2995; x_wconf 84' lang='grc' dir='ltr'>κατὰ</span> <span class='ocrx_word' id='word_1_729' title='bbox 1927 2960 2022 3004; x_wconf 89' lang='grc' dir='ltr'>νόμον</span> <span class='ocrx_word' id='word_1_730' title='bbox 2040 2960 2258 3003; x_wconf 83' lang='grc' dir='ltr'>ὀργιαζόμενα.</span> <span class='ocrx_word' id='word_1_731' title='bbox 2277 2961 2334 2993; x_wconf 89' lang='lat' dir='ltr'><strong>ro·</strong></span> 
     </span>
     <span class='ocr_line' id='line_1_97' title="bbox 1276 3010 1807 3052; baseline -0.002 -9"><span class='ocrx_word' id='word_1_732' title='bbox 1276 3011 1354 3043; x_wconf 89' lang='grc' dir='ltr'>νέων</span> <span class='ocrx_word' id='word_1_733' title='bbox 1372 3010 1406 3043; x_wconf 83' lang='grc' dir='ltr'>δὲ</span> <span class='ocrx_word' id='word_1_734' title='bbox 1423 3010 1503 3052; x_wconf 86' lang='grc' dir='ltr'>μετὰ</span> <span class='ocrx_word' id='word_1_735' title='bbox 1516 3012 1617 3042; x_wconf 84' lang='grc' dir='ltr'>ταῦτα</span> <span class='ocrx_word' id='word_1_736' title='bbox 1635 3010 1724 3052; x_wconf 88' lang='grc' dir='ltr'>τιμαὶ</span> <span class='ocrx_word' id='word_1_737' title='bbox 1738 3010 1807 3042; x_wconf 86' lang='grc' dir='ltr'>κτλ.</span> 
     </span>
    </p>

    <p class='ocr_par' dir='ltr' id='par_1_38' title="bbox 1276 3053 2334 3386">
     <span class='ocr_line' id='line_1_98' title="bbox 1320 3053 2334 3100; baseline -0.007 -7"><span class='ocrx_word' id='word_1_738' title='bbox 1320 3058 1352 3100; x_wconf 91' lang='grc'>7)</span> <span class='ocrx_word' id='word_1_739' title='bbox 1381 3058 1429 3091; x_wconf 88' lang='lat' dir='ltr'>ld.</span> <span class='ocrx_word' id='word_1_740' title='bbox 1449 3058 1575 3090; x_wconf 82' lang='lat' dir='ltr'><strong>Timaeo</strong></span> <span class='ocrx_word' id='word_1_741' title='bbox 1605 3067 1678 3099; x_wconf 85' lang='lat' dir='ltr'><strong>pag.</strong></span> <span class='ocrx_word' id='word_1_742' title='bbox 1706 3060 1770 3091; x_wconf 72' lang='lat'>402</span> <span class='ocrx_word' id='word_1_743' title='bbox 1792 3057 1870 3100; x_wconf 85' lang='grc' dir='ltr'>Περὶ</span> <span class='ocrx_word' id='word_1_744' title='bbox 1899 3057 1932 3090; x_wconf 84' lang='grc' dir='ltr'>δὲ</span> <span class='ocrx_word' id='word_1_745' title='bbox 1957 3060 2020 3089; x_wconf 88' lang='grc' dir='ltr'>τῶν</span> <span class='ocrx_word' id='word_1_746' title='bbox 2049 3056 2150 3088; x_wconf 85' lang='grc' dir='ltr'>ἄλλων</span> <span class='ocrx_word' id='word_1_747' title='bbox 2176 3053 2334 3096; x_wconf 86' lang='grc' dir='ltr'>δαιμόνων</span> 
     </span>
     <span class='ocr_line' id='line_1_99' title="bbox 1276 3102 2334 3146; baseline -0.005 -8"><span class='ocrx_word' id='word_1_748' title='bbox 1276 3107 1373 3140; x_wconf 79' lang='grc' dir='ltr'>εἰπεῖν</span> <span class='ocrx_word' id='word_1_749' title='bbox 1384 3130 1393 3146; x_wconf 87' lang='grc'>,</span> <span class='ocrx_word' id='word_1_750' title='bbox 1415 3105 1469 3138; x_wconf 86' lang='grc' dir='ltr'>καὶ</span> <span class='ocrx_word' id='word_1_751' title='bbox 1486 3108 1602 3145; x_wconf 87' lang='grc' dir='ltr'>γνῶναι</span> <span class='ocrx_word' id='word_1_752' title='bbox 1619 3106 1675 3143; x_wconf 85' lang='grc' dir='ltr'>τὴν</span> <span class='ocrx_word' id='word_1_753' title='bbox 1690 3105 1812 3146; x_wconf 87' lang='grc' dir='ltr'>γένεσιν</span> <span class='ocrx_word' id='word_1_754' title='bbox 1830 3107 1934 3145; x_wconf 86' lang='grc' dir='ltr'>μεῖζον</span> <span class='ocrx_word' id='word_1_755' title='bbox 1956 3105 1976 3143; x_wconf 85' lang='grc' dir='ltr'>ἢ</span> <span class='ocrx_word' id='word_1_756' title='bbox 1990 3103 2060 3136; x_wconf 86' lang='grc' dir='ltr'>καθ’</span> <span class='ocrx_word' id='word_1_757' title='bbox 2075 3106 2170 3144; x_wconf 76' lang='grc' dir='ltr'>ἡμᾶς,</span> <span class='ocrx_word' id='word_1_758' title='bbox 2187 3102 2334 3134; x_wconf 89' lang='grc' dir='ltr'>πειστέον</span> 
     </span>
     <span class='ocr_line' id='line_1_100' title="bbox 1279 3149 2334 3195; baseline -0.005 -9"><span class='ocrx_word' id='word_1_759' title='bbox 1279 3154 1312 3186; x_wconf 87' lang='grc' dir='ltr'>δὲ</span> <span class='ocrx_word' id='word_1_760' title='bbox 1335 3156 1399 3190; x_wconf 85' lang='grc' dir='ltr'>τοῖς</span> <span class='ocrx_word' id='word_1_761' title='bbox 1427 3152 1585 3195; x_wconf 81' lang='grc' dir='ltr'>εἰρηκόσιν</span> <span class='ocrx_word' id='word_1_762' title='bbox 1602 3152 1786 3194; x_wconf 84' lang='grc' dir='ltr'>ἔμπροσθεν,</span> <span class='ocrx_word' id='word_1_763' title='bbox 1805 3151 1943 3192; x_wconf 86' lang='grc' dir='ltr'>ἐκγόνοις</span> <span class='ocrx_word' id='word_1_764' title='bbox 1970 3152 2025 3193; x_wconf 80' lang='grc' dir='ltr'>μὲν</span> <span class='ocrx_word' id='word_1_765' title='bbox 2049 3152 2126 3184; x_wconf 88' lang='grc' dir='ltr'>θεῶν</span> <span class='ocrx_word' id='word_1_766' title='bbox 2152 3149 2262 3190; x_wconf 80' lang='grc' dir='ltr'>οὖσιν,</span> <span class='ocrx_word' id='word_1_767' title='bbox 2291 3150 2334 3185; x_wconf 78' lang='grc' dir='ltr'>ὡς</span> 
     </span>
     <span class='ocr_line' id='line_1_101' title="bbox 1277 3196 2332 3243; baseline -0.005 -10"><span class='ocrx_word' id='word_1_768' title='bbox 1277 3202 1407 3243; x_wconf 76' lang='grc' dir='ltr'>ἔφασαν,</span> <span class='ocrx_word' id='word_1_769' title='bbox 1419 3204 1527 3241; x_wconf 81' lang='grc' dir='ltr'>σαφῶς</span> <span class='ocrx_word' id='word_1_770' title='bbox 1540 3200 1573 3232; x_wconf 86' lang='grc' dir='ltr'>δέ</span> <span class='ocrx_word' id='word_1_771' title='bbox 1589 3211 1652 3232; x_wconf 89' lang='grc' dir='ltr'>που</span> <span class='ocrx_word' id='word_1_772' title='bbox 1664 3199 1736 3237; x_wconf 78' lang='grc' dir='ltr'>τούς</span> <span class='ocrx_word' id='word_1_773' title='bbox 1748 3210 1783 3241; x_wconf 90' lang='grc' dir='ltr'>γε</span> <span class='ocrx_word' id='word_1_774' title='bbox 1796 3200 1903 3232; x_wconf 77' lang='grc' dir='ltr'>αὐτῶν</span> <span class='ocrx_word' id='word_1_775' title='bbox 1919 3199 2089 3240; x_wconf 82' lang='grc' dir='ltr'>προγόνους</span> <span class='ocrx_word' id='word_1_776' title='bbox 2101 3198 2228 3231; x_wconf 65' lang='grc' dir='ltr'>εἰδόσιν.</span> <span class='ocrx_word' id='word_1_777' title='bbox 2245 3196 2332 3229; x_wconf 79' lang='grc' dir='ltr'>Ἀδύ-</span> 
     </span>
     <span class='ocr_line' id='line_1_102' title="bbox 1276 3244 2330 3288; baseline -0.004 -8"><span class='ocrx_word' id='word_1_778' title='bbox 1276 3259 1367 3281; x_wconf 89' lang='grc' dir='ltr'>νατον</span> <span class='ocrx_word' id='word_1_779' title='bbox 1385 3247 1439 3280; x_wconf 78' lang='grc' dir='ltr'>οὖν</span> <span class='ocrx_word' id='word_1_780' title='bbox 1456 3249 1533 3280; x_wconf 87' lang='grc' dir='ltr'>θεῶν</span> <span class='ocrx_word' id='word_1_781' title='bbox 1543 3248 1652 3280; x_wconf 90' lang='grc' dir='ltr'>παισὶν</span> <span class='ocrx_word' id='word_1_782' title='bbox 1671 3247 1827 3288; x_wconf 82' lang='grc' dir='ltr'>ἀπιστεῖν,</span> <span class='ocrx_word' id='word_1_783' title='bbox 1848 3246 1960 3288; x_wconf 86' lang='grc' dir='ltr'>καίπερ</span> <span class='ocrx_word' id='word_1_784' title='bbox 1983 3246 2055 3278; x_wconf 84' lang='grc' dir='ltr'>ἀνευ</span> <span class='ocrx_word' id='word_1_785' title='bbox 2074 3257 2108 3278; x_wconf 85' lang='grc' dir='ltr'>τε</span> <span class='ocrx_word' id='word_1_786' title='bbox 2124 3244 2256 3278; x_wconf 83' lang='grc' dir='ltr'>εἰκότων</span> <span class='ocrx_word' id='word_1_787' title='bbox 2276 3245 2330 3276; x_wconf 85' lang='grc' dir='ltr'>καὶ</span> 
     </span>
     <span class='ocr_line' id='line_1_103' title="bbox 1276 3292 2329 3337; baseline -0.004 -9"><span class='ocrx_word' id='word_1_788' title='bbox 1276 3296 1456 3337; x_wconf 87' lang='grc' dir='ltr'>ἀναγκαίων</span> <span class='ocrx_word' id='word_1_789' title='bbox 1475 3295 1664 3332; x_wconf 82' lang='grc' dir='ltr'>ἀποδείξεων</span> <span class='ocrx_word' id='word_1_790' title='bbox 1692 3295 1848 3336; x_wconf 87' lang='grc' dir='ltr'>λέγουσιν,</span> <span class='ocrx_word' id='word_1_791' title='bbox 1873 3294 1940 3326; x_wconf 86' lang='grc' dir='ltr'>ἀλλ’</span> <span class='ocrx_word' id='word_1_792' title='bbox 1959 3296 2001 3331; x_wconf 81' lang='grc' dir='ltr'>ὡς</span> <span class='ocrx_word' id='word_1_793' title='bbox 2025 3296 2129 3327; x_wconf 84' lang='grc' dir='ltr'>οἰκεῖα</span> <span class='ocrx_word' id='word_1_794' title='bbox 2151 3292 2329 3335; x_wconf 83' lang='grc' dir='ltr'>φάσκουσιν</span> 
     </span>
     <span class='ocr_line' id='line_1_104' title="bbox 1276 3342 2040 3386; baseline -0.004 -10"><span class='ocrx_word' id='word_1_795' title='bbox 1276 3344 1480 3386; x_wconf 85' lang='grc' dir='ltr'>ἀπαγγέλλειν</span> <span class='ocrx_word' id='word_1_796' title='bbox 1499 3343 1667 3384; x_wconf 84' lang='grc' dir='ltr'>ἑπομένους</span> <span class='ocrx_word' id='word_1_797' title='bbox 1687 3345 1733 3383; x_wconf 87' lang='grc' dir='ltr'>τῷ</span> <span class='ocrx_word' id='word_1_798' title='bbox 1746 3342 1834 3384; x_wconf 86' lang='grc' dir='ltr'>νόμῳ</span> <span class='ocrx_word' id='word_1_799' title='bbox 1849 3342 2040 3374; x_wconf 85' lang='grc' dir='ltr'>πιστευτέον.</span> 
     </span>
    </p>

    <p class='ocr_par' dir='ltr' id='par_1_39' title="bbox 1274 3386 2331 3623">
     <span class='ocr_line' id='line_1_105' title="bbox 1319 3386 2328 3432; baseline -0.006 -8"><span class='ocrx_word' id='word_1_800' title='bbox 1319 3390 1351 3432; x_wconf 91' lang='grc'>8)</span> <span class='ocrx_word' id='word_1_801' title='bbox 1371 3391 1419 3424; x_wconf 87' lang='lat' dir='ltr'>Id.</span> <span class='ocrx_word' id='word_1_802' title='bbox 1441 3389 1605 3423; x_wconf 75' lang='lat' dir='ltr'><strong>Phaedone</strong></span> <span class='ocrx_word' id='word_1_803' title='bbox 1624 3400 1654 3430; x_wconf 88' lang='lat' dir='ltr'>p.</span> <span class='ocrx_word' id='word_1_804' title='bbox 1676 3391 1730 3422; x_wconf 92' lang='grc'>107</span> <span class='ocrx_word' id='word_1_805' title='bbox 1757 3402 1765 3422; x_wconf 74' lang='lat' dir='ltr'><strong><em>z</em></strong></span> <span class='ocrx_word' id='word_1_806' title='bbox 1786 3390 1919 3429; x_wconf 84' lang='grc' dir='ltr'>Λέγεται</span> <span class='ocrx_word' id='word_1_807' title='bbox 1950 3389 1983 3421; x_wconf 86' lang='grc' dir='ltr'>δὲ</span> <span class='ocrx_word' id='word_1_808' title='bbox 2009 3388 2120 3424; x_wconf 80' lang='grc' dir='ltr'>οὕτως,</span> <span class='ocrx_word' id='word_1_809' title='bbox 2135 3389 2176 3424; x_wconf 85' lang='grc' dir='ltr'>ὡς</span> <span class='ocrx_word' id='word_1_810' title='bbox 2198 3386 2258 3428; x_wconf 81' lang='grc' dir='ltr'>ἄρα</span> <span class='ocrx_word' id='word_1_811' title='bbox 2278 3396 2328 3417; x_wconf 88' lang='grc' dir='ltr'>τε·</span> 
     </span>
     <span class='ocr_line' id='line_1_106' title="bbox 1274 3431 2330 3478; baseline -0.007 -7"><span class='ocrx_word' id='word_1_812' title='bbox 1274 3438 1469 3477; x_wconf 83' lang='grc' dir='ltr'>λευτήσαντα</span> <span class='ocrx_word' id='word_1_813' title='bbox 1491 3437 1628 3470; x_wconf 84' lang='grc' dir='ltr'>ἑκάστου</span> <span class='ocrx_word' id='word_1_814' title='bbox 1658 3436 1793 3478; x_wconf 87' lang='grc' dir='ltr'>δαίμων,</span> <span class='ocrx_word' id='word_1_815' title='bbox 1820 3436 1917 3478; x_wconf 86' lang='grc' dir='ltr'>ὅσπερ</span> <span class='ocrx_word' id='word_1_816' title='bbox 1941 3438 2042 3473; x_wconf 85' lang='grc' dir='ltr'>ζῶντα</span> <span class='ocrx_word' id='word_1_817' title='bbox 2069 3435 2207 3476; x_wconf 77' lang='grc' dir='ltr'>εἰλήχει,</span> <span class='ocrx_word' id='word_1_818' title='bbox 2242 3431 2330 3468; x_wconf 76' lang='grc' dir='ltr'>οὗτος</span> 
     </span>
     <span class='ocr_line' id='line_1_107' title="bbox 1276 3480 2329 3529; baseline -0.009 -10"><span class='ocrx_word' id='word_1_819' title='bbox 1276 3486 1362 3527; x_wconf 83' lang='grc' dir='ltr'>ἄγειν</span> <span class='ocrx_word' id='word_1_820' title='bbox 1380 3486 1531 3529; x_wconf 82' lang='grc' dir='ltr'>ἐπιχειρεῖ</span> <span class='ocrx_word' id='word_1_821' title='bbox 1549 3486 1592 3522; x_wconf 86' lang='grc' dir='ltr'>εὶς</span> <span class='ocrx_word' id='word_1_822' title='bbox 1611 3485 1649 3523; x_wconf 89' lang='grc' dir='ltr'>δή</span> <span class='ocrx_word' id='word_1_823' title='bbox 1670 3495 1741 3516; x_wconf 88' lang='grc' dir='ltr'>τινα</span> <span class='ocrx_word' id='word_1_824' title='bbox 1765 3483 1878 3521; x_wconf 83' lang='grc' dir='ltr'>τόπον,</span> <span class='ocrx_word' id='word_1_825' title='bbox 1911 3482 1941 3514; x_wconf 85' lang='grc' dir='ltr'>οῐ</span> <span class='ocrx_word' id='word_1_826' title='bbox 1964 3484 2010 3514; x_wconf 84' lang='grc' dir='ltr'>δεῖ</span> <span class='ocrx_word' id='word_1_827' title='bbox 2037 3482 2107 3518; x_wconf 79' lang='grc' dir='ltr'>τοὺς</span> <span class='ocrx_word' id='word_1_828' title='bbox 2136 3480 2329 3520; x_wconf 80' lang='grc' dir='ltr'>ξυλλεγέντας</span> 
     </span>
     <span class='ocr_line' id='line_1_108' title="bbox 1275 3525 2331 3574; baseline -0.008 -8"><span class='ocrx_word' id='word_1_829' title='bbox 1275 3533 1570 3574; x_wconf 84' lang='grc' dir='ltr'>διαδιδασκομένους</span> <span class='ocrx_word' id='word_1_830' title='bbox 1583 3533 1626 3570; x_wconf 84' lang='grc' dir='ltr'>είς</span> <span class='ocrx_word' id='word_1_831' title='bbox 1639 3532 1744 3565; x_wconf 81' lang='grc' dir='ltr'>Ἅιδου</span> <span class='ocrx_word' id='word_1_832' title='bbox 1757 3531 1942 3573; x_wconf 76' lang='grc' dir='ltr'>πορεύεσθαι</span> <span class='ocrx_word' id='word_1_833' title='bbox 1954 3529 2032 3571; x_wconf 84' lang='grc' dir='ltr'>μετὰ</span> <span class='ocrx_word' id='word_1_834' title='bbox 2045 3527 2195 3569; x_wconf 81' lang='grc' dir='ltr'>ἡγεμόνος</span> <span class='ocrx_word' id='word_1_835' title='bbox 2210 3525 2331 3560; x_wconf 82' lang='grc' dir='ltr'>ἐκείνου</span> 
     </span>
     <span class='ocr_line' id='line_1_109' title="bbox 1277 3578 2120 3623; baseline -0.007 -10"><span class='ocrx_word' id='word_1_836' title='bbox 1277 3582 1303 3623; x_wconf 81' lang='grc' dir='ltr'>ᾧ</span> <span class='ocrx_word' id='word_1_837' title='bbox 1317 3581 1354 3619; x_wconf 85' lang='grc' dir='ltr'>δὴ</span> <span class='ocrx_word' id='word_1_838' title='bbox 1375 3581 1602 3618; x_wconf 77' lang='grc' dir='ltr'>προστέτακται</span> <span class='ocrx_word' id='word_1_839' title='bbox 1619 3579 1690 3616; x_wconf 79' lang='grc' dir='ltr'>τοὺς</span> <span class='ocrx_word' id='word_1_840' title='bbox 1707 3579 1823 3611; x_wconf 87' lang='grc' dir='ltr'>ἐνθένδε</span> <span class='ocrx_word' id='word_1_841' title='bbox 1840 3578 1942 3610; x_wconf 87' lang='grc' dir='ltr'>ἐκεῖσε</span> <span class='ocrx_word' id='word_1_842' title='bbox 1956 3579 2120 3618; x_wconf 82' lang='grc' dir='ltr'>πορεῦσαι.</span> 
     </span>
    </p>
   </div>
   <div class='ocr_carea' id='block_1_17' title="bbox 2085 3636 2104 3664">
    <p class='ocr_par' dir='ltr' id='par_1_40' title="bbox 2085 3636 2104 3664">
     <span class='ocr_line' id='line_1_110' title="bbox 2085 3636 2104 3664; baseline 0 0"><span class='ocrx_word' id='word_1_843' title='bbox 2085 3636 2104 3664; x_wconf 75' lang='lat' dir='ltr'>I)</span> 
     </span>
    </p>
   </div>
  </div>
 </body>
</html>
