2612 3814
1034 254 1101 295 DE
1125 256 1304 298 AUREO
1333 257 1433 298 CAR
1440 257 1588 298 MINE.

215 350 308 381 runt
329 342 468 390 etiam,
491 342 561 393 qui
578 341 758 380 Philolao
778 355 937 381 aureum
961 347 1196 396 poematium
1217 354 1275 384 at-

216 401 448 441 tribuerent.
469 401 566 440 Vide
587 400 736 440 Labbei
757 401 855 440 bibl.
873 416 964 443 nov.
989 403 1097 445 MSS.
1122 419 1162 457 p.
1187 406 1276 444 385.

176 468 178 470 ’
215 461 310 500 Nam
331 460 576 500 Constantini
598 459 773 499 Lascaris
797 460 1117 502 institutionibus
1144 463 1280 514 graecis

218 520 402 559 Ferrariae
421 533 458 559 a.
486 520 587 558 1510
607 521 860 571 quaternaria
891 521 1016 560 forma
1043 521 1160 561 editis
1187 522 1279 561 sub-

211 581 392 632 junctum
411 588 470 618 est
489 592 644 618 carmen
665 580 965 631 pythagoricum
980 582 1022 620 in
1038 582 1168 620 indice
1185 581 1279 621 libri

216 647 392 678 notatum
428 651 438 678 :
462 639 637 677 Philolai
673 641 904 678 Crotoniatae
934 646 1105 679 carmina
1137 655 1276 687 aurea,

216 713 302 750 quoe
320 697 433 747 falso
460 699 643 736 hactenus
669 700 907 749 Pythagor-ce
926 705 1093 752 ascripta
1110 711 1209 739 sunt.
1232 703 1282 739 At

211 761 315 800 hunc
335 760 426 812 qui,
448 761 629 811 quamvis
649 758 802 813 primus
822 762 1122 814 Pythagoricam
1145 764 1272 815 philo·

210 820 391 873 sophiam
423 821 641 860 litterarum
676 826 941 863 monumentis
972 824 1196 875 prodidisse
1230 824 1278 862 li·

210 884 362 937 broque
391 885 440 924 de
471 899 600 925 rerum
626 895 764 926 natura
792 889 898 928 foras
925 888 1015 927 dato
1053 889 1274 940 disciplinae

209 956 353 983 arcana
365 945 568 995 evulgasse
582 946 749 994 dicatur,
766 956 894 986 tamen
909 948 1003 1000 quia
1016 948 1133 986 unius
1149 948 1274 986 solum

210 1003 427 1043 voluminis
447 1014 583 1043 auctor
605 1005 724 1044 fuisse
741 1006 914 1054 videtur,
928 1007 1069 1045 horum
1089 1020 1272 1045 versuum

210 1063 441 1115 scriptorem
458 1063 554 1102 falso
570 1064 767 1103 nominari
784 1065 922 1116 liquet.
940 1065 997 1104 Cf.
1013 1065 1127 1116 Diog.
1147 1065 1273 1106 Laert.

210 1121 324 1171 Vlll,
348 1124 396 1161 85
428 1132 465 1162 et
491 1123 648 1162 Boeckh.
672 1124 814 1162 Philol.
839 1139 879 1176 p.
913 1139 961 1162 22
993 1137 1074 1176 seq.
1111 1125 1203 1163 item
1227 1126 1272 1172 34

210 1195 294 1234 seq.
319 1192 356 1222 et
379 1197 416 1235 p.
439 1184 502 1229 45.
522 1183 797 1234 Epicharmum
819 1193 1008 1238 praeterea
1031 1185 1176 1223 scimus
1197 1185 1274 1236 Py-

213 1240 412 1291 thagorica
431 1242 613 1291 dogmata
633 1242 775 1281 fabulis
792 1244 874 1281 suis
890 1243 1166 1283 immiscuisse.
1189 1243 1276 1282 Vid.

212 1299 326 1339 Fabr.
349 1301 451 1339 Bibl.
469 1301 538 1339 Gr.
564 1301 615 1340 ll.
632 1315 672 1352 p.
694 1302 771 1340 3οο
791 1302 851 1342 ed.
871 1302 973 1340 Harl.
995 1303 1130 1354 Neque
1150 1312 1276 1341 tamen

212 1359 361 1398 idcirco
381 1359 430 1398 ab
450 1373 497 1398 eo
515 1373 654 1399 aureos
675 1374 814 1400 versus
834 1370 900 1400 aut
920 1363 1087 1414 scriptos
1105 1371 1172 1400 aut
1192 1363 1277 1402 col-

210 1418 329 1458 lectos
348 1432 431 1458 esse
460 1433 557 1458 cum
578 1419 752 1471 Stanlejo
773 1421 974 1459 statuerim
996 1421 1094 1461 Hist.
1116 1422 1215 1473 phil.
1236 1437 1273 1474 p.

214 1478 289 1516 305
317 1479 458 1530 interp.
479 1478 607 1518 Olear.
631 1478 783 1518 Etenim
803 1479 877 1518 hoc
894 1494 1036 1532 poema
1056 1494 1136 1519 non
1155 1480 1204 1519 ab
1230 1494 1277 1519 eo

210 1536 428 1589 profectum
453 1550 533 1576 esse
554 1538 804 1589 intelligitur,
822 1540 891 1590 qui
914 1540 1076 1579 forsitan
1096 1540 1277 1579 Hieronis

142 1643 146 1648 ἰ
210 1597 368 1647 tyranni
390 1598 607 1648 potentiam
627 1599 872 1650 veritus(18)
903 1599 1061 1651 publice
1095 1599 1275 1651 philoso-

211 1655 343 1707 phiam
364 1657 542 1707 profiteri
562 1670 642 1695 non
670 1658 854 1706 auderet,
886 1659 1055 1710 ideoque
1092 1661 1277 1710 dogmata

209 1715 389 1754 versibus
410 1716 562 1754 inclusa
595 1716 680 1755 solo
712 1730 837 1756 scenae
857 1717 1051 1756 beneficio
1073 1719 1273 1769 vulgaret,

209 1774 277 1813 sed
295 1775 363 1826 qui
383 1774 576 1813 habitaret
592 1775 633 1813 in
652 1788 783 1814 rerum
805 1778 1134 1830 contemplatione
1153 1793 1197 1818 ac
1218 1793 1274 1818 sa-

208 1835 365 1887 pientiae
385 1835 613 1886 dignitatem
631 1835 746 1875 dictis
769 1836 956 1888 factisque
975 1852 1057 1890 prae
1080 1851 1121 1877 se
1141 1840 1272 1878 ferret.

209 1893 370 1946 Itaque,
396 1903 438 1933 ut
457 1895 654 1933 minorum
673 1896 846 1945 gentium
875 1896 1144 1949 Pythagoreos
1172 1913 1275 1951 prae—

209 1964 351 1994 teream
365 1985 376 2003 ‚
393 1956 500 1994 solus
518 1964 694 2006 superest
714 1955 847 2007 Lysis,
864 1971 978 2008 quem
998 1967 1158 2010 propter
1178 1959 1272 1998 Dio-

208 2015 319 2065 genis
353 2015 499 2054 Laertii
535 2013 664 2069 [Vl11‚
687 2016 809 2068 6—7]
831 2016 952 2055 verba
974 2031 982 2054 :
1007 2016 1203 2070 γέγραπται
1238 2018 1274 2057 δὲ

210 2075 260 2127 τῷ
280 2074 474 2127 Πυθαγόρᾳ
501 2073 765 2127 συγγράμματα
786 2075 866 2127 τρία
882 2090 891 2099 ·
909 2075 1148 2125 παιδευτικόν,
1170 2078 1272 2116 πολι-

209 2133 322 2182 τικόν,
344 2135 503 2187 φυσικόν.
535 2136 588 2173 Τὸ
609 2134 644 2172 δὲ
665 2133 854 2188 φερόμενον
872 2136 918 2178 ὡς
937 2134 1171 2187 Πυθαγόρου,
1198 2136 1270 2175 Λύ-

210 2192 304 2238 σιδός
323 2195 399 2232 ἐστι
418 2197 478 2232 τοῦ
500 2193 721 2247 Ταραντίνου
753 2195 1017 2247 Πυθαγορικοῦ,
1037 2195 1204 2248 φυγόντος
1224 2198 1270 2239 εἷς

208 2252 337 2299 Θήὸας
357 2253 416 2292 καὶ
437 2253 694 2306 Ἐπαμινώνδα
713 2253 1028 2304 καθηγησαμένου,
1053 2255 1162 2292 aurei
1183 2269 1272 2307 poe·

210 2313 322 2351 matis
343 2313 585 2352 conditorem
602 2312 684 2364 jam
704 2313 906 2363 Menagius
926 2326 1010 2352 esse
1031 2314 1179 2361 voluit,
1204 2328 1274 2352 ra—

210 2380 271 2410 tus
319 2373 360 2410 id
404 2372 510 2424 quod
549 2372 783 2424 Pythagorae
805 2385 809 2388 ’
832 2373 992 2411 nomine
1037 2373 1268 2424 inscriptum

208 2432 410 2470 etiamtum
447 2433 613 2470 ferretur
650 2446 731 2470 non
773 2445 889 2483 posse
926 2433 1004 2471 nisi
1037 2432 1112 2471 hoc
1142 2434 1270 2485 ipsum

211 2503 366 2529 carmen
381 2503 477 2530 esse.
497 2491 578 2529 Etsi
592 2504 688 2529 vero
705 2491 809 2543 apud
824 2491 984 2529 Suidam
1002 2506 1041 2532 v.
1064 2492 1273 2545 Πυθαγόρας

207 2557 246 2587 et
265 2548 477 2588 Eudociam
499 2564 536 2602 p.
559 2551 634 2588 368
656 2551 741 2588 sive
772 2550 1005 2600 scriptorum
1039 2552 1123 2590 sive
1143 2552 1274 2590 libra-

210 2608 360 2647 riorum
378 2622 513 2648 errore
532 2610 680 2648 Laertii
707 2610 971 2648 testimonium
991 2612 1032 2648 in
1055 2611 1159 2649 hunc
1185 2625 1271 2650 mo-

209 2668 301 2708 dum
322 2669 575 2720 depravatum
596 2670 739 2719 legitur
759 2683 768 2706 :
792 2668 1000 2722 Συνέγραψε
1020 2669 1055 2708 δὲ
1073 2672 1090 2708 ὁ
1109 2670 1269 2722 Πυθαγό-

210 2743 273 2781 ρας
301 2727 392 2779 μόνα
420 2727 500 2781 τρία
532 2727 653 2780 βιὸλία
682 2727 921 2777 παιδευτικόν,
950 2728 1145 2779 πολιτικόν,
1167 2729 1206 2767 τὸ
1234 2729 1270 2768 δὲ

209 2786 398 2840 φερόμενον
416 2787 530 2840 τρίτον
551 2790 597 2832 ὡς
614 2786 824 2840 Πυθαγόρου
836 2818 846 2838 ‚
863 2788 1011 2832 Λύσιδός
1028 2790 1102 2826 ἐστι
1119 2792 1179 2827 τοῦ
1200 2791 1272 2828 Τα-

211 2847 370 2896 ραντίνου
396 2851 554 2899 μαθητοῦ
575 2849 679 2887 αὑτοῦ
699 2847 901 2900 γενομένου,
919 2849 1153 2900 additurque
1182 2849 1273 2894 τινὲς

209 2905 247 2945 δὲ
266 2905 488 2947 ἀνατιθέασιν
509 2909 603 2960 αὐτῷ
624 2908 684 2947 καὶ
703 2908 748 2947 τὰ
776 2913 891 2962 χρυσᾶ
910 2907 999 2956 ἔπη,
1023 2917 1066 2946 ut
1094 2908 1155 2946 vel
1178 2922 1271 2946 con-

206 2967 370 3018 jecturis
401 2968 617 3020 propositis
641 2968 718 3006 viri
739 2968 845 3006 docti
874 2968 1087 3018 Diogenem
1110 2980 1131 3005 e
1153 2966 1274 3005 Suida

210 3027 408 3078 corrigere
446 3027 574 3065 conati
613 3028 713 3075 sint,
754 3027 968 3079 praesertim
1007 3040 1128 3078 quum
1168 3027 1271 3078 apud

214 3085 392 3124 [rial-tum
428 3086 602 3137 Catalog.
620 3087 716 3125 Cod.
743 3101 837 3127 mss.
856 3087 955 3125 bibl.
976 3086 1120 3124 Matrit.
1140 3100 1178 3137 p.
1196 3087 1270 3124 335

214 3145 359 3182 mentio
380 3145 446 3183 fiat
469 3145 562 3183 libri
594 3145 700 3184 tertii
729 3145 961 3197 Pythagorae
982 3146 1078 3183 falso
1105 3144 1269 3192 tributi,

212 3203 261 3241 de
278 3204 560 3254 quaestionibus
578 3204 823 3244 naturalibus
841 3205 1047 3256 compositi
1069 3213 1107 3242 et
1134 3205 1272 3256 capiti-

257 3388 324 3429 (18)
348 3390 450 3427 Quem
462 3389 528 3430 ipse
545 3389 718 3431 aliquando
728 3389 840 3422 acerbe
853 3389 1022 3422 cavillatus
1038 3392 1095 3421 est.
1108 3389 1188 3421 Vide
1201 3390 1272 3421 Plu-

216 3434 318 3466 tarch.
337 3434 377 3467 de
391 3434 512 3467 adulat.
533 3438 565 3468 et
581 3436 678 3468 amic.
695 3437 793 3468 discr.
811 3436 875 3467 vol.
890 3437 935 3468 VI
954 3445 984 3476 p.
1008 3437 1067 3468 249
1090 3435 1142 3467 ed.
1162 3434 1271 3467 Reisk.

2330 272 2406 305 413

1343 348 1417 385 bus
1437 346 1541 386 XVII
1557 349 1768 387 constantis
1782 349 1865 402 (19)
1881 350 2088 404 Πυθαγόρου
2103 353 2291 406 φιλοσόφου
2307 354 2408 407 λόγος

1343 406 1458 459 τρίτος
1474 422 1555 461 κεφ.
1574 407 1615 453 ιζ’
1636 422 1644 445 :
1664 416 1790 447 tamen
1808 409 1976 459 Menagii
1990 414 2181 451 sententia
2196 413 2258 452 his
2272 414 2406 454 docto·

1345 479 1430 503 rum
1451 466 1630 504 virorum
1651 468 1964 507 correctionibus
1986 479 2169 520 praestare
2189 473 2404 522 videretur,

1345 525 1422 563 nisi
1444 525 1638 575 Diogenes
1672 527 1714 564 in
1746 527 1880 578 priore
1915 532 2198 570 enuntiationis
2231 534 2407 573 membro

1345 584 1610 637 συγγράμματα
1630 584 1710 638 τρία
1729 586 1903 625 dixisset.
1927 588 1983 626 Ita
2014 589 2119 626 enim
2150 590 2212 637 fit,
2237 600 2280 629 ut
2299 592 2338 630 τὸ
2370 593 2406 632 δὲ

1345 643 1534 697 φερόμενον
1551 642 1667 697 τρίτον
1684 646 1732 689 ὡς
1755 645 1962 698 Πυθαγόρου
1979 647 2162 687 similiter
2187 649 2405 704 σύγγραμμα

1346 704 1406 742 vel
1431 702 1582 756 βιὸλίον,
1605 718 1686 742 non
1705 705 1919 755 ποιημάτιον
1939 707 2054 757 quale
2076 717 2134 746 est
2165 710 2268 759 quod
2289 719 2406 763 χρυσᾶ·

1344 761 1413 810 ἔπη
1434 776 1620 802 vocamus
1643 764 1939 816 intelligendum
1970 766 2166 806 videatur.
2187 768 2319 820 Neque
2352 781 2407 809 ta·

1346 835 1434 860 men
1453 822 1528 861 hoc
1546 825 1586 861 in
1607 824 1822 876 scriptore,
1845 825 1914 876 qui
1937 824 2093 876 judicio
2112 827 2274 867 minime
2301 831 2407 868 vale-

1344 881 1432 934 bat,
1451 896 1495 921 ac
1514 896 1783 935 saepenumero
1801 884 1931 923 minus
1953 894 2132 924 accurate
2154 887 2308 927 locutus
2336 900 2405 937 est,

1345 956 1418 993 pro
1443 951 1551 981 certo
1572 943 1769 982 affirmare
1800 944 1940 985 ausim.
1971 945 2234 991 Quamobrem
2255 962 2326 999 per
2347 963 2406 988 me

1346 1002 1435 1040 licet
1465 1002 1603 1053 Lysidi
1626 1002 1700 1041 hoc
1728 1016 1868 1055 poema
1901 1004 2134 1054 assignetur,
2173 1020 2294 1057 quum
2327 1021 2406 1046 non

1344 1061 1472 1100 obstet
1507 1062 1596 1101 ficta
1626 1063 1793 1114 epistola
1829 1063 1909 1115 (20)
1927 1077 2043 1115 quam
2065 1065 2114 1103 ad
2137 1066 2404 1118 Hipparchum

1343 1120 1391 1158 de
1411 1121 1663 1174 philosophia
1693 1136 1772 1160 non
1792 1123 2013 1173 evulganda
2045 1125 2248 1176 scripsisse
2269 1126 2404 1165 fertur.

1345 1180 1418 1217 Sed
1435 1194 1557 1231 quum
1573 1182 1768 1231 Diogenes
1785 1182 1920 1220 eodem
1934 1183 2020 1221 loco
2034 1183 2138 1224 dicat
2155 1199 2163 1221 :
2183 1184 2268 1237 φησὶ
2283 1185 2318 1223 δὲ
2340 1184 2407 1224 Ἡ-

1345 1239 1529 1290 ρακλείδης
1546 1241 1564 1278 ὁ
1581 1242 1642 1278 τοῦ
1659 1241 1890 1293 Σαραπίωνος
1908 1243 1941 1280 ἐν
1960 1244 2003 1295 τῇ
2026 1242 2209 1288 Σωτίωνος
2224 1244 2378 1296 ἐπιτομῇ
2393 1274 2403 1293 ,

1342 1298 1554 1351 γεγραφέναι
1575 1298 1678 1337 αὐτὸν
1703 1298 1777 1351 [τὸν
1802 1298 2031 1356 Πυθαγόραν]
2052 1301 2113 1340 καὶ
2133 1303 2214 1355 περὶ
2234 1307 2294 1342 τοῦ
2323 1302 2406 1343 ὅλου

1343 1359 1379 1396 ἐν
1402 1357 1520 1397 ἔπεσι·
1541 1357 1717 1411 δεύτερον,
1733 1359 1791 1398 τὸν
1812 1360 1904 1413 ἱερὸν
1925 1360 2042 1413 λόγον,
2065 1356 2103 1400 οὗ
2120 1365 2141 1409 ἡ
2159 1362 2268 1414 ἀρχή,

1397 1411 1447 1458 ‘³32
1469 1418 1539 1458 νέοι
1571 1419 1663 1459 ἀλλὰ
1695 1418 1841 1458 σέὲεσθε
1874 1421 1949 1472 μεθ’
1980 1420 2129 1472 ἡσυχίας
2157 1421 2240 1460 τάδε
2263 1421 2403 1461 πάντα·

1342 1477 1471 1530 τρίτον,
1489 1478 1570 1531 περὶ
1587 1480 1714 1533 ψυχῆς·
1731 1477 1913 1533 τέταρτον,
1933 1479 2014 1532 περὶ
2027 1479 2217 1524 εὖσεὸείας·
2231 1479 2406 1531 πέμπτον,

1343 1535 1527 1584 Ἡλοθαλῆ
1547 1537 1607 1576 τὸν
1639 1536 1867 1591 Ἐπιχάρμου
1887 1541 1946 1577 τοῦ
1977 1539 2084 1593 Κῴου
2110 1537 2248 1591 πατέρα
2261 1552 2270 1561 ·
2290 1539 2404 1586 ἕκτον,

1345 1596 1516 1647 Κρότωνα
1530 1626 1540 1644 ,
1559 1596 1619 1634 καὶ
1640 1596 1781 1642 ἄλλους.
1800 1598 1872 1637 Τὸν
1893 1597 1929 1637 δὲ
1958 1597 2126 1650 μυστικὸν
2151 1598 2253 1649 λόγον
2274 1597 2406 1638 Ἱππά-

1343 1670 1405 1693 σου
1421 1655 1525 1707 φασὶν
1546 1648 1655 1702 εἶναι,
1673 1655 1917 1708 γεγραμμένον
1939 1657 1996 1695 ἐπὶ
2017 1658 2164 1710 διαὸολῇ
2185 1657 2406 1710 Πυθαγόρου·

1342 1713 1492 1759 πολλοὺς
1511 1713 1547 1754 δὲ
1573 1715 1633 1754 καὶ
1657 1716 1724 1754 ὑπὸ
1751 1714 1925 1762 Ἄστωνος
1953 1721 2013 1756 τοῦ
2043 1717 2288 1771 Κροτωνιάτου
2318 1733 2406 1770 γρα-

1342 1773 1467 1826 φέντας
1488 1776 1699 1823 ἀνατεθῆναι
1715 1776 1910 1830 Πυθαγόρᾳ
1923 1807 1934 1825 ,
1959 1800 2013 1806 -
2033 1792 2110 1815 non
2128 1786 2186 1816 est
2205 1777 2312 1829 quod
2334 1778 2405 1815 du·

1341 1832 1511 1873 bitemus
1524 1865 1534 1884 ,
1572 1835 1605 1873 si
1641 1836 1704 1874 cui
1737 1835 1894 1887 Lysidis
1931 1850 2074 1876 nomen
2106 1838 2148 1875 in
2184 1837 2257 1875 hac
2291 1850 2407 1876 causa

1342 1893 1473 1932 minus
1505 1903 1638 1946 aptum
1670 1894 1866 1943 videatur,
1890 1897 2029 1934 Astoni
2059 1910 2220 1935 aureum
2251 1910 2406 1934 carmen

1346 1953 1574 1993 inscribere.

1397 2013 1576 2064 Denique
1595 2013 1875 2064 inquirendum
1899 2024 1957 2053 est
1971 2044 1980 2061 ,
2001 2017 2159 2066 quando
2179 2016 2261 2053 haec
2278 2016 2402 2062 dicta,

1340 2089 1427 2126 quae
1448 2076 1665 2125 Gregorius
1693 2076 1960 2116 Nazianzenus
1986 2087 2122 2116 contra
2141 2078 2342 2117 Julianum
2365 2093 2404 2130 p.

1347 2150 1358 2172 1
1369 2149 1417 2185 97
1442 2135 1625 2187 plumbea
1643 2135 1828 2188 (μολυὸδᾶ)
1848 2139 2052 2176 nominare
2065 2152 2180 2177 ausus
2193 2148 2269 2187 est,
2285 2145 2404 2192 χρυσᾶ

1339 2193 1407 2241 ἔπη
1430 2207 1452 2232 a
1468 2195 1666 2233 veteribus
1681 2196 1872 2247 appellari
1893 2205 2018 2248 coepta
2032 2198 2121 2237 sint.
2140 2198 2405 2250 Hieronymus

1339 2263 1475 2292 contra
1504 2255 1690 2294 Rufinum
1711 2256 1739 2295 l.
1764 2269 1799 2294 c.
1820 2269 1865 2293 ea
1884 2262 2001 2308 χρυσᾶ
2029 2257 2311 2309 παραγγέλματα
2332 2272 2405 2296 vo-

1340 2322 1398 2350 cat
1413 2343 1422 2360 ‚
1450 2314 1622 2352 Galenus
1644 2314 1692 2352 de
1712 2315 1989 2364 dignoscendis
2009 2316 2215 2355 affectibus
2234 2326 2326 2356 tom.
2354 2317 2403 2355 Vl

1339 2387 1377 2424 p.
1402 2375 1480 2412 528
1514 2374 1576 2422 ed.
1603 2374 1691 2413 Par.
1721 2373 1946 2426 παραινέσεις
1978 2375 2172 2429 φερομένας
2202 2378 2248 2420 ὡς
2278 2379 2405 2416 Πυθα-

1338 2433 1440 2486 γόρου
1456 2462 1465 2478 ,
1484 2442 1526 2472 ut
1545 2447 1664 2485 supra
1691 2434 1879 2473 vidimus.
1902 2434 2132 2486 Simplicius
2164 2437 2206 2474 in
2236 2437 2403 2488 Epicteti

1340 2492 1496 2533 Enchir.
1529 2507 1567 2544 p.
1604 2494 1624 2530 3
1654 2493 1701 2531 ed
1727 2493 1888 2532 Salmas.
1922 2494 2103 2541 ὑποθήκας
2135 2496 2309 2534 nominat
2339 2496 2401 2535 his

1340 2551 1473 2590 verbis
1497 2565 1505 2590 :
1526 2551 1742 2601 κομματικοὶ
1762 2553 1799 2592 δέ
1816 2554 1901 2592 εἶσιν
1924 2555 1955 2592 οἳ
1979 2553 2076 2605 λόγοι
2104 2555 2164 2593 καὶ
2191 2555 2402 2606 γνωμονικοὶ

1338 2610 1430 2650 κατὰ
1451 2610 1489 2649 τὸ
1506 2613 1575 2648 τῶν
1596 2614 1780 2659 ὑποθηκῶν
1801 2612 2027 2664 καλουμένων
2053 2613 2152 2667 παρὰ
2181 2619 2252 2658 τοῖς
2282 2616 2401 2653 Πυθα-

1338 2670 1483 2722 γορείοις
1500 2663 1601 2718 εἶδος,
1619 2671 1685 2709 sed
1703 2685 1793 2723 pag.
1809 2678 1882 2717 204
1902 2672 2205 2725 παραγγέλματα.
2229 2674 2284 2712 lta
2295 2675 2399 2713 enim

1339 2730 1393 2767 ait
1408 2744 1416 2766 ε
1434 2729 1509 2767 ἐπεὶ
1527 2730 1562 2767 δὲ
1579 2728 1639 2767 καὶ
1657 2730 1860 2783 ἀνθρώπους
1874 2730 1976 2776 ὄντας
1991 2731 2126 2785 ἀνάγκη
2147 2732 2228 2772 ποτέ
2243 2749 2275 2772 τι
2288 2734 2401 2786 ἆμαρ-

1336 2791 1407 2826 τεῖν
1430 2791 1476 2832 εἷς
1498 2790 1693 2838 ἀλλήλους,
1722 2788 1793 2842 χρὴ
1819 2789 1882 2837 τὴν
1904 2789 2065 2830 ἔνστασιν
2087 2792 2310 2846 φυλάττοντα
2339 2796 2401 2840 τῆς

1337 2847 1453 2901 φιλίας
1481 2847 1580 2900 πάσῃ
1611 2848 1757 2900 δυνάμει
1785 2848 1875 2888 οὕτω
1901 2849 1940 2888 τὸ
1968 2851 2166 2905 παροραθὲν
2186 2853 2399 2903 ἐπανορθοῦν

1338 2908 1428 2956 μετὰ
1448 2907 1671 2960 πραότητος,
1694 2909 1897 2959 πειθόμενον
1920 2912 1972 2963 τῷ
1996 2913 2118 2963 χρυσῷ
2141 2910 2249 2956 ὄντως
2279 2911 2399 2964 ἐκείνῳ

1337 2968 1630 3020 παραγγέλματι·
1647 2969 1742 3015 Μηδ’
1760 2968 1905 3022 ἔχθαιρε
1927 2971 2025 3022 φίλον
2045 2970 2103 3009 σὸν
2122 2971 2325 3025 ἁμαρτάδος
2342 2971 2398 3010 οὕ·

1338 3042 1422 3065 νεκα
1443 3033 1588 3079 μικρᾶς·
1607 3027 1698 3082 ὄφρα
1718 3027 1802 3080 δύνῃ
1820 3043 1854 3069 κ.
1870 3045 1902 3068 τ.
1921 3029 1956 3069 λ.
1979 3029 2119 3079 Jungit
2139 3030 2219 3068 haec
2239 3030 2400 3068 nomina

1338 3085 1538 3125 Hierocles
1567 3100 1655 3138 pag.
1692 3101 1738 3125 10
1767 3102 1775 3126 z
1806 3087 1858 3126 διὸ
1885 3087 1946 3127 καὶ
1976 3090 2010 3127 ἐν
2030 3094 2105 3133 ταῖς
2139 3090 2400 3141 Πυθαγορικαῖς

1338 3146 1530 3194 ὑποθήκαις
1550 3146 1593 3184 τὰ
1611 3149 1680 3185 τῶν
1699 3149 1830 3200 ἀρετῶν
1845 3148 2130 3201 παραγγέλματα
2147 3150 2270 3201 πρῶτα
2285 3164 2399 3199 παρα-

1338 3205 1478 3244 δίδωσιν
1497 3207 1531 3244 ἐν
1551 3208 1621 3250 τοῖς
1641 3205 1760 3246 ἔπεσιν
1780 3209 1798 3244 ὃ
1816 3206 1937 3260 λόγος,
1961 3208 2195 3259 παιδαγωγῶν
2215 3209 2309 3257 ἡμᾶς
2330 3205 2400 3244 ἀπὸ

1380 3391 1445 3431 (20)
1470 3391 1610 3425 socratis
1638 3395 1671 3424 et
1697 3391 1951 3429 Socraticorum,
1970 3392 2161 3431 Pythagorae
2189 3392 2220 3421 et
2239 3390 2398 3429 Pythago-

1338 3446 1466 3471 reorum
1490 3447 1563 3479 quac
1584 3438 1730 3471 seruntur
1748 3439 1895 3480 epistolae
1920 3437 1972 3470 ed·
2000 3438 2098 3472 oren.
2123 3444 2160 3476 p.
2191 3442 2228 3470 52
2256 3446 2311 3474 seq
2345 3436 2397 3470 Cf.

258 3483 323 3523 (ιο)
349 3485 453 3520 Quem
483 3485 589 3515 tamen
618 3484 780 3524 Lascaris,
809 3485 904 3516 vetus
933 3491 1107 3525 possessor,
1136 3483 1276 3516 Simonis
1340 3487 1468 3519 Boeckh.
1485 3486 1597 3520 t'lnlol.
1620 3495 1651 3530 p.
1670 3488 1719 3519 18.

220 3530 307 3563 sethi
323 3539 391 3563 esse
407 3540 464 3562 sua
482 3539 579 3562 manu
595 3531 772 3564 adnotavit.
