2612 3814
782 170 1096 240 SENTENT1AE
1130 201 1194 240 ET
1233 200 1719 242 APOPHTHEGMATA.

143 293 264 332 fuisse
297 300 486 331 testantur
497 289 592 343 (26).
619 289 748 336 Quum
780 290 886 328 enim
908 290 1204 330 Atheniensium

137 353 280 392 civitas
299 352 452 403 magnis
467 350 639 403 partium
657 349 974 389 contentionibus
993 349 1204 398 laboraret,

141 412 386 463 Megarenses
444 409 683 449 Salaminem
729 407 898 447 insulam
951 417 1204 462 occuparunt.

135 471 333 518 Quocirca
351 479 440 509 orto
470 469 573 508 inter
589 475 778 519 utrosque
805 467 911 507 bello
946 469 1065 508 ferme
1083 481 1208 520 usque

137 532 189 572 ad
203 532 404 571 interitum
420 529 647 568 dimicatum
663 536 734 569 est.
752 528 884 567 Multis
898 529 1019 580 igitur
1032 528 1208 568 cladibus

138 591 325 645 acceptis,
342 590 446 643 apud
464 589 721 628 Athenienses
742 590 908 641 capitale
927 602 1011 628 esse
1027 590 1161 642 coepit,
1173 590 1206 628 si

135 652 227 704 quis
257 651 382 702 legem
415 650 464 688 de
499 647 739 687 vindicanda
761 648 891 687 insula
917 649 1081 688 tulisset.
1104 649 1204 687 Tum

134 711 262 750 Solon
279 723 329 749 ne
342 718 408 749 aut
427 708 590 747 tacendo
608 720 745 760 parum
773 706 1002 760 reipublicae
1027 707 1207 746 consule-

139 778 199 811 ret
230 778 296 810 aut
334 768 528 808 censendo
566 767 644 806 sibi
675 775 854 816 noceret,
895 766 1095 819 prohibita
1127 780 1206 805 non

141 830 259 868 modo
278 829 473 876 dicturus,
494 827 561 867 sed
576 828 693 866 etiam
714 827 886 866 facturus
902 827 1043 865 mentis
1063 827 1207 865 aliena-

135 889 285 929 tionem
312 888 485 928 simulat.
519 887 673 926 Idcirco
706 887 748 925 in
780 887 907 925 forum
939 899 980 925 se
1009 886 1207 939 proripuit

140 949 309 1001 pileatus
324 949 503 1000 factoque
512 947 717 986 hominum
731 959 924 985 concursu
940 946 1112 985 insolitis
1128 945 1205 984 sibi

75 1004 79 1009 ’
139 1007 322 1048 versibus
348 1008 497 1061 populo
520 1006 683 1046 suadere
713 1005 835 1057 coepit
861 1005 967 1056 quod
986 1004 1202 1054 vetabatur,

141 1068 398 1119 omniumque
417 1067 570 1105 animos
587 1067 642 1104 ita
656 1065 773 1117 cepit,
793 1072 835 1102 ut
849 1063 1045 1114 extemplo
1059 1062 1202 1101 bellum

135 1127 325 1166 adversus
350 1125 597 1176 Megarenses
617 1124 893 1163 decerneretur
913 1122 1120 1174 insulaque
1139 1136 1205 1160 su-

140 1186 286 1238 peratis
305 1185 483 1226 hostibus
501 1184 800 1224 Atheniensium
830 1182 979 1222 virtute
999 1195 1204 1235 recupera·

141 1256 248 1286 retur
260 1245 355 1299 (27).

194 1306 287 1346 Mox
303 1306 406 1344 idem
422 1304 542 1343 Solon
560 1317 701 1342 novam
724 1302 879 1342 civibus
899 1302 981 1341 suis
997 1302 1203 1340 victoriam

141 1367 298 1418 paravit
319 1365 426 1404 bello
451 1378 563 1404 sacro
594 1364 782 1402 adversus
814 1362 1009 1400 Cirrhaeos
1025 1392 1034 1410 ,
1071 1363 1204 1414 templi

142 1425 323 1478 Delphici
344 1425 577 1477 direptores,
613 1423 883 1462 administrato
910 1430 947 1460 et
972 1435 1014 1460 re
1044 1421 1207 1460 feliciter

138 1493 252 1534 gesta
287 1484 390 1522 intra
426 1497 572 1535 paucos
602 1496 753 1521 menses
801 1481 978 1520 confecto
1005 1482 1097 1533 (28).
1130 1477 1222 1519 Sed'

143 1543 267 1582 multo
289 1543 477 1595 majorem
511 1543 665 1582 laudem
693 1542 940 1593 gloriamque
971 1540 1048 1579 sibi
1083 1553 1200 1592 pepe·

143 1602 196 1642 rit
216 1602 370 1653 legibus
399 1603 558 1655 scriptis
591 1602 737 1654 quibus
769 1600 1068 1639 Atheniensium
1102 1613 1206 1638 rem-

143 1661 342 1713 publicam
385 1663 583 1714 sapienter
628 1661 873 1714 temperavit.
909 1659 1063 1699 Etenim
1105 1672 1206 1698 anno

141 1722 257 1760 tertio
276 1722 522 1774 Olympiadis
537 1721 657 1760 XLVI
677 1721 825 1760 archon
850 1727 1000 1758 creatus
1019 1719 1108 1772 (29),
1128 1732 1206 1756 non

140 1789 220 1819 tam
249 1781 396 1819 mederi
428 1781 659 1833 reipublicae
683 1780 797 1819 malis
819 1778 987 1831 sapienti
1013 1777 1205 1829 impet-10,

145 1852 261 1890 quam
286 1852 427 1878 novam
447 1840 615 1879 condere
635 1840 831 1878 civitatem
849 1840 958 1878 visus
981 1846 1053 1885 est,
1077 1837 1207 1888 siqui-

145 1899 231 1938 dem
251 1899 450 1951 publicam
470 1899 715 1951 disciplinam
747 1899 802 1937 ita
834 1897 987 1948 legibus
1004 1896 1204 1943 astrinxit,

143 1967 187 1997 ut
205 1959 370 2014 gra-tiam
389 1959 438 1997 ab
459 1959 644 2012 omnibu-s
676 1959 823 1997 civium
846 1956 1055 1996 ordinibus
1074 1956 1205 1995 iniret.

188 2257 255 2300 (26)
280 2257 370 2290 Plato
387 2257 476 2290 Tim.
498 2265 529 2297 p.
550 2258 586 2287 21
615 2256 749 2287 ιΔοκεῖν
769 2256 798 2286 οἱ
814 2254 854 2286 τά
866 2265 899 2286 τε
922 2254 1001 2285 ἄλλα
1018 2253 1201 2294 σοφώτατον

142 2305 302 2347 γεγονέναι
326 2304 455 2337 Σόλωνα
485 2303 539 2335 καὶ
567 2302 650 2334 κατὰ
675 2303 732 2341 τὴν
750 2301 877 2340 ποίησιν
905 2301 945 2333 αὗ
973 2304 1035 2332 τῶν
1067 2304 1205 2339 ποιητῶν

143 2352 270 2385 πάντων
290 2352 556 2394 ἐλευθεριώτατον.
573 2350 740 2382 AEschines
757 2349 790 2381 in
805 2348 950 2389 ctesiph.
971 2357 1001 2389 p.
1019 2353 1058 2380 69
1077 2361 1085 2379 :
1104 2347 1204 2379 Edun-

146 2410 196 2437 νος
210 2399 350 2436 εἰπόντος
365 2397 527 2437 Ἀθηναίου
550 2398 606 2436 τὴν
626 2397 766 2438 γνώμην,
793 2395 900 2436 ἀνδρὸς
918 2395 972 2427 καὶ
996 2395 1204 2435 νομοθετῆσαι

146 2447 278 2478 δυνατοῦ
309 2446 363 2477 καὶ
383 2446 451 2487 περὶ
470 2444 597 2483 ποίησιν
624 2444 677 2475 καὶ
704 2443 887 2484 φιλοσοφίαν
907 2442 1152 2484 διατετριφότος·
1175 2445 1207 2473 et

149 2502 219 2534 pag.
234 2498 274 2526 90
293 2506 301 2526 z
325 2493 453 2525 Σόλωνα
473 2492 527 2534 μὲν
540 2492 594 2524 τὸν
613 2490 792 2527 καλλίστοις
808 2489 913 2531 νόμοις
928 2490 1136 2530 κοσμήσαντα
1151 2490 1206 2528 τὴν

149 2539 371 2582 δημοκρατίαν,
384 2540 481 2582 ἄνδρα
496 2539 662 2580 φιλόσοφον
678 2538 733 2570 καὶ
752 2538 921 2579 νομοθέτην
936 2537 1062 2577 ἀγαθόν.

193 2587 258 2629 (27)
283 2587 472 2620 Plutarchus
490 2587 557 2618 Vit.
573 2586 680 2618 Solon.
701 2594 771 2626 cap.
789 2589 808 2617 8
827 2597 835 2617 ι
852 2584 938 2616 Ἐπεὶ
957 2585 990 2616 δὲ
1010 2583 1128 2626 μακρόν
1140 2595 1209 2615 τινα

148 2636 204 2666 καὶ
223 2635 360 2677 δυσχερῆ
379 2634 514 2675 πόλεμον
537 2635 565 2665 οἱ
589 2633 620 2665 ἐν
637 2633 725 2665 ἄστει
739 2632 807 2674 περὶ
823 2635 877 2671 τῆς
901 2631 1097 2673 Σαλαμινίων
1111 2632 1208 2670 νήσου

150 2685 329 2725 Μεγαρεῦσι
359 2682 566 2722 πολεμοῦντες
598 2680 759 2722 ἐξέκαμον,
786 2680 841 2711 καὶ
861 2679 956 2721 νόμον
982 2680 1105 2719 Ιἔθεντο,
1132 2679 1209 2720 μήτε

147 2731 268 2772 γράψαι
289 2729 370 2770 τινά,
391 2728 462 2771 μήτ’
485 2730 582 2761 εἰπεῖν
605 2727 704 2767 αὖθις,
726 2729 768 2764 ὡς
788 2728 848 2769 χρὴ
862 2728 917 2765 τήν
934 2726 1024 2759 πόλιν
1043 2727 1209 2758 ἀντιποιεῖ-

153 2780 223 2811 σθαι
238 2782 292 2818 τῆς
310 2778 495 2818 Σαλαμῖνος,
513 2778 533 2816 ἢ
547 2776 669 2817 θανάτῳ
687 2776 884 2817 ζημιοῦσθαι,
900 2774 1018 2816 βαρέως
1040 2774 1139 2816 φέρων
1155 2775 1210 2812 τὴν

153 2825 275 2862 ἀδοξίαν
293 2826 310 2857 ὁ
323 2824 440 2865 Σόλων,
455 2824 509 2856 καὶ
521 2828 583 2855 τῶν
592 2824 670 2855 νέων
686 2823 766 2864 ὁρῶν
783 2822 915 2859 πολλοὺς
932 2822 1094 2864 δεομένους
1114 2821 1211 2862 ἀρχῆς

152 2873 201 2905 ἐπὶ
218 2873 271 2905 τὸν
284 2872 431 2914 πόλεμον,
455 2872 567 2908 αὐτοὺς
586 2871 619 2904 δὲ
639 2871 682 2913 μὴ
708 2869 899 2913 θαρροῦντας
918 2869 1068 2911 ἄρξασθαι
1088 2869 1140 2901 διὰ
1158 2869 1211 2901 τὸν

151 2919 260 2961 νόμον,
280 2920 442 2963 ἐσκήψατο
468 2919 523 2961 μὲν
537 2919 686 2951 ἔκστασιν
706 2921 768 2950 τῶν
795 2918 969 2959 λογισμῶν,
990 2917 1043 2949 καὶ
1062 2915 1153 2957 λόγος
1170 2916 1211 2952 εἰς

149 2967 208 3005 τὴν
224 2966 314 2999 πόλιν
335 2966 371 2999 ἐκ
391 2970 447 3005 τῆς
470 2966 570 3003 οἰκίας
585 2965 707 3004 διεδόθη
736 2966 988 3006 παρακινητικῶς
1007 2963 1089 3006 ἔχειν
1104 2962 1210 2995 αὐτόν.

154 3014 295 3055 Ἐλεγεῖα
314 3014 347 3046 δὲ
371 3014 473 3055 κρύφα
493 3013 622 3053 συνθείς,
644 3013 697 3045 καὶ
725 3012 908 3054 μελετήσας,
923 3012 1005 3044 ὥστε
1030 3011 1128 3050 λέγειν
1151 3010 1212 3042 ἀπὸ

152 3060 323 3103 στόματος,
343 3061 528 3100 ἐξεπήδησεν
553 3062 595 3098 εἰς
618 3061 672 3099 τήν
698 3060 813 3103 ἀγορὰν
833 3060 919 3101 ἄφνω
937 3058 1039 3092 πιλίον
1056 3059 1211 3101 περιθέμε-

153 3119 217 3146 νος.
234 3107 355 3150 Ὀχλου
371 3108 405 3141 δὲ
421 3109 537 3141 πολλοῦ
557 3107 796 3150 συνδραμόντος,
812 3107 928 3145 ἀναὸἀς
948 3107 997 3139 ἐπὶ
1010 3107 1063 3139 τὸν
1081 3109 1138 3138 τοῦ
1157 3107 1211 3144 κή-

156 3165 247 3197 ρυκος
262 3155 359 3197 λίθον,
377 3156 408 3188 ἐν
435 3156 501 3198 ᾠδῇ
531 3155 664 3195 διεξῆλθε
687 3155 744 3194 τὴν
769 3154 918 3196 ἐλεγείαν,
947 3154 983 3194 ἦς
1003 3154 1086 3185 ἐστιν
1112 3153 1212 3195 ἀρχή·

157 3202 254 3240 Αὐτὸς
269 3203 363 3245 κῆρυξ
379 3204 472 3244 ἦλθον
484 3203 534 3246 ἀφ’
552 3205 674 3246 ἱμερτῆς
688 3204 860 3244 Σαλαμῖνος
879 3202 998 3242 κόσμον
1013 3202 1112 3234 ἐπέων
1131 3202 1213 3243 ᾠδὴν

159 3249 224 3282 ἀντ’
244 3250 358 3292 ἀγορῆς
373 3251 510 3292 θέμενος.
532 3251 625 3284 Cous.
640 3250 761 3284 sustin.
783 3250 839 3283 lib.
856 3251 898 3289 ΙΙ,
914 3253 945 3283 7.

201 3296 268 3338 (28)
289 3298 478 3331 Plutarchus
493 3299 559 3331 vit.
575 3298 641 3330 Sol.
657 3307 725 3340 cap.
745 3300 781 3330 ¹1
803 3311 811 3330 ι
827 3295 1028 3338 Ἐθαυμάσθη
1046 3296 1078 3327 δὲ
1090 3295 1145 3340 ,καὶ
1156 3295 1215 3327 διε-

157 3346 257 3384 ὅοήθη
272 3346 388 3387 μᾶλλον
401 3345 432 3378 ἐν
452 3349 516 3384 τοῖς
537 3347 697 3387 Ἕλλησιν,
722 3347 820 3379 εἰπὼν
842 3345 919 3388 ὑπὲρ
938 3347 994 3377 τοῦ
1007 3347 1090 3386 ἱεροῦ
1107 3348 1161 3376 τοῦ
1184 3346 1214 3377 ἐν

162 3394 301 3435 Δελφοῖς,
321 3394 364 3430 ὡς
383 3394 442 3435 χρὴ
464 3394 586 3437 βοηθεῖν
603 3394 714 3436 καὶμὴ
736 3397 882 3436 περιορᾷν
897 3393 1060 3437 Κιῤῥαίους
1076 3393 1214 3434 ὑδρίζον-

162 3451 216 3476 τας
228 3441 270 3476 εἰς
289 3440 324 3472 τὸ
342 3443 495 3482 μαντεῖον,
513 3441 591 3474 ἀλλὰ
610 3440 819 3484 προσαμύνειν
834 3441 911 3483 ὑπὲρ
923 3443 978 3472 τοῦ
989 3442 1059 3473 θεοῦ
1075 3441 1213 3482 Δελφοῖς.

206 3486 271 3529 (29)
290 3487 448 3529 Diogenes
466 3489 610 3522 Laertius
629 3488 684 3522 lib.
713 3490 739 3530 Ι,
760 3493 799 3522 62
817 3501 824 3521 :
847 3489 989 3529 Ἤκμαζε
1009 3487 1063 3529 μὲν
1077 3487 1131 3519 οὖν
1148 3490 1215 3529 περὶ

2247 214 2324 249 20⁷

1268 290 1478 342 Postquam
1500 299 1627 328 autem
1650 291 1907 331 Athenienses
1930 292 2192 345 jurejurando
2207 296 2328 336 inter·

1267 349 1397 401 posito
1410 350 1694 402 promiserunt,
1715 351 1798 389 fore
1817 360 1859 389 ut
1879 352 1920 390 in
1941 352 2072 392 decem
2091 368 2215 395 annos
2228 365 2329 397 ratas

1266 408 1455 448 haberent
1486 408 1644 447 Solonis
1676 409 1802 460 leges,
1839 410 1925 462 ipse
1974 425 2022 450 ne
2056 427 2171 464 quam
2205 416 2328 467 legem

1267 468 1457 520 abrogare
1486 475 1704 519 cogeretur,
1727 478 1910 521 suscepto
1937 471 2079 510 itinere
2102 473 2141 511 in
2162 474 2324 526 Lydiam

1267 528 1315 566 ad
1327 528 1504 567 Croesum
1523 542 1652 580 regern
1668 528 1864 581 profectus
1879 528 1928 567 ab
1943 543 2067 581 eoque
2082 545 2172 570 mox
2187 533 2332 584 digres-

1267 601 1333 627 sus
1349 588 1419 627 diu
1441 589 1584 641 partim
1609 589 1652 627 in
1683 588 1848 640 AEgypto
1877 589 2018 641 partim
2036 591 2139 642 apud
2160 592 2331 644 Cyprios

1267 656 1443 687 versatus
1462 657 1519 687 est
1538 648 1631 700 (30).
1655 648 1751 686 Inde
1770 648 1812 687 in
1832 649 1998 701 patriam
2025 650 2149 689 redux
2167 652 2331 693 offendit

1268 706 1552 759 rempublicam
1587 707 1823 746 factionibus
1853 708 2047 747 turbatam
2069 709 2163 762 (31).
2200 712 2328 757 Quum

1267 775 1393 805 autem
1417 768 1502 820 ipse
1535 767 1619 819 jam
1658 768 1793 807 senior
1824 782 1951 821 neque
1985 770 2164 809 consiliis
2204 785 2330 824 neque

1268 827 1498 865 auctoritate
1512 827 1726 879 quidquam
1742 828 1964 880 proficeret,
1980 828 2187 869 Pisistrato
2199 844 2327 871 rerum

1267 887 1392 937 potito
1424 887 1466 925 in
1487 887 1671 926 exsilium
1703 887 1814 928 abiit.
1848 888 2013 927 Videtur
2042 903 2137 929 vero
2169 893 2331 943 posthac

1267 945 1389 997 Cypri
1424 946 1573 985 vixisse
1599 954 1715 997 atque
1737 948 2011 998 octogenarius
2039 958 2207 989 mortem
2241 966 2329 990 cum

1267 1006 1347 1042 vita
1367 1014 1626 1045 commutasse
1646 1007 1742 1058 (32).
1764 1024 1779 1041 «ι
1800 1007 1953 1053 Quanta
1979 1009 2182 1060 industria,
2200 1011 2331 1063 inquit

1266 1063 1443 1103 Valerius
1463 1065 1655 1104 Maximus
1672 1065 1742 1104 lib.
1763 1065 1855 1104 VIII
1873 1081 1957 1119 cap.
1978 1083 2014 1117 7,
2034 1068 2273 1120 flagraverit,
2293 1080 2331 1110 et

1266 1123 1449 1163 versibus
1470 1122 1695 1176 complexus
1716 1134 1774 1164 est
1793 1126 1938 1178 quibus
1962 1127 2157 1179 significat
2173 1143 2214 1169 se
2231 1145 2329 1183 quo·

1267 1183 1361 1221 tidie
1378 1183 1528 1235 aliquid
1542 1183 1803 1223 addiscentem
1822 1199 2023 1226 senescere
2039 1189 2129 1239 (33),
2142 1197 2180 1227 et
2192 1203 2330 1242 supre-

1268 1256 1330 1280 mo
1345 1243 1436 1299 vitae
1447 1243 1510 1282 die
1530 1244 1790 1284 confirmavit.
1806 1245 1934 1291 Quum
1948 1247 2209 1288 assidentibus
2230 1252 2328 1288 ami-

1267 1303 1322 1340 cis
1341 1312 1378 1341 et
1400 1302 1566 1354 quadam
1585 1302 1632 1341 de
1646 1316 1688 1341 re
1703 1317 1922 1342 sermonem
1945 1305 2046 1344 inter
2066 1320 2107 1346 se
2124 1309 2328 1347 conseren-

1267 1361 1371 1400 tibus
1393 1362 1479 1401 fatis
1508 1361 1589 1414 jam
1611 1376 1787 1414 pressum
1809 1373 1924 1416 caput
1940 1365 2128 1415 erigeret,
2160 1367 2327 1406 interro-

1267 1430 1386 1471 gatus,
1409 1431 1649 1474 quapropter
1663 1422 1703 1460 id
1720 1423 1886 1472 fecisset,
1903 1425 2104 1476 respondit
2118 1440 2126 1463 ε
2140 1426 2191 1465 Ut
2208 1441 2328 1478 quum

1267 1480 1386 1531 istud,
1406 1481 1600 1532 quidquid
1619 1490 1691 1528 est,
1708 1481 1756 1519 de
1773 1496 1851 1532 quo
1864 1481 1946 1534 jam
1964 1483 2174 1535 disputatis
2191 1499 2328 1537 perce-

1267 1552 1377 1591 pero,
1406 1540 1567 1579 moriar.
1591 1558 1606 1574 »
1633 1540 1715 1579 Hoc
1742 1554 1763 1579 a
1782 1540 1937 1581 Valerio
1958 1543 2142 1582 traditum
2166 1546 2329 1596 pulchre

1267 1600 1474 1638 exornavit
1506 1599 1680 1638 Muretus
1720 1600 1828 1642 Orat.
1866 1601 1919 1651 ΙΙ,
1945 1602 2013 1641 sed
2052 1603 2166 1642 aliter
2196 1615 2331 1644 narrat

1266 1659 1440 1698 AElianus
1469 1660 1573 1711 apud
1601 1659 1799 1700 Stobaeum
1835 1661 1939 1703 Flor.
1970 1662 2108 1711 XXIX,
2140 1664 2205 1704 58.
2237 1663 2326 1703 vid.

1269 1719 1404 1768 fragm.
1426 1720 1488 1756 36.
1508 1718 1564 1756 Ex
1583 1718 1668 1770 ejus
1689 1717 1867 1771 reliquiis
1895 1721 1994 1760 nihil
2017 1722 2094 1760 nisi
2113 1722 2326 1774 apophthe-

1268 1788 1394 1829 gmata
1411 1792 1497 1817 cum
1521 1787 1746 1817 caeterorum
1776 1780 1994 1831 sapientum
2025 1782 2160 1829 dictis,
2185 1782 2328 1821 addit-is

1267 1838 1402 1888 paucis
1425 1836 1660 1888 quibusdam
1689 1837 1854 1888 legibus,
1880 1839 1980 1878 foras
2009 1841 2113 1882 dedi.
2143 1842 2329 1880 Omitten-

1269 1896 1326 1934 dae
1345 1897 1449 1935 enim
1483 1905 1593 1935 erant
1626 1897 1823 1949 pleraeque
1856 1899 1958 1949 leges
1973 1913 2059 1951 quae
2079 1914 2099 1939 e
2123 1901 2326 1941 Plutarchi

1268 1955 1356 1994 Vita
1394 1956 1551 1995 Solonis
1589 1957 1756 2008 aliisque
1792 1959 2051 2009 scriptoribus
2084 1974 2326 2010 cognoscun-

1264 2252 1320 2291 τὴν
1337 2252 1595 2292 τεσσαρακοστὴν
1612 2251 1704 2288 ἕκτην
1719 2251 1898 2293 ὀλυμπιάδα
1910 2276 1918 2292 ,
1937 2252 1973 2291 ἧς
1990 2253 2035 2292 τῷ
2053 2251 2147 2293 τρίτῳ
2167 2252 2226 2285 ἔτει
2241 2253 2327 2294 ἦρξεν
2361 2262 2369 2270 ·

1265 2299 1446 2339 Ἀθηναίων,
1459 2299 1542 2331 καθά
1553 2310 1628 2340 φησι
1640 2299 1841 2341 Σωσικράτης
1852 2324 1861 2338 ,
1879 2300 1931 2331 ὅτε
1941 2299 1994 2331 καὶ
2004 2298 2106 2337 τίθησι
2121 2300 2191 2337 τοὺς
2200 2301 2326 2342 νόμους.

1268 2346 1408 2387 Cyrillus
1427 2345 1483 2377 lib.
1500 2346 1516 2377 I
1531 2346 1643 2377 contra
1660 2345 1823 2378 Julianum
1840 2370 1848 2379 .
1874 2347 2124 2389 Τεσσαρακοστῇ
2142 2347 2216 2389 ἕκτῃ
2233 2348 2326 2389 ὀλυμ-

1269 2393 1356 2425 πιάδι
1373 2392 1478 2425 Σόλων
1493 2393 1736 2434 νενομοθέτηκε,
1762 2394 1833 2430 τοὺς
1855 2393 2029 2435 Δράκοντος
2045 2393 2159 2435 νόμους
2177 2396 2326 2437 περιελὼν

1266 2441 1345 2479 πλὴν
1366 2443 1429 2472 τῶν
1457 2443 1604 2481 φονικῶν.
1620 2439 1669 2473 Cf.
1688 2440 1812 2473 Fabric.
1828 2440 1913 2473 Bibl.
1943 2441 2048 2473 Graec.
2074 2441 2138 2474 vol.
2155 2443 2185 2474 11
2199 2451 2270 2483 pag.
2288 2446 2324 2476 24

1266 2489 1318 2521 ed.
1337 2488 1423 2520 Harl.

1297 2535 1377 2576 ·(30)
1397 2533 1578 2567 Herodotus
1608 2534 1662 2566 til).
1686 2535 1713 2575 Ι,
1746 2537 1847 2568 29-30
1870 2548 1877 2568 :
1900 2536 1960 2568 Καὶ
1979 2536 2016 2575 δὴ
2039 2537 2094 2568 καὶ
2112 2536 2231 2577 Σόλων,
2252 2537 2328 2578 ἀνὴρ

1268 2583 1438 2622 Ἀθηναῖος,
1453 2583 1486 2620 ὃς
1497 2582 1686 2621 Ἀθηναίοισι
1707 2582 1822 2624 νόμους
1853 2584 2022 2616 κελεύσασι
2045 2586 2191 2626 ποιήσας,
2213 2585 2327 2624 ἀπεδή-

1270 2643 1350 2672 μησε
1366 2631 1437 2663 ἔτεα
1462 2631 1557 2669 δέκα,
1578 2630 1661 2663 κατὰ
1683 2629 1811 2672 θεωρίης
1832 2631 1985 2673 πρόφασιν
2009 2632 2195 2672 ἐκπλώσας,
2218 2632 2271 2665 ἵνα
2289 2633 2327 2671 δῆ

1275 2679 1317 2720 μή
1335 2690 1404 2711 τινα
1424 2682 1487 2710 τῶν
1505 2677 1609 2720 νόμων
1635 2678 1818 2720 ἀναγκασθῇ
1837 2679 1930 2711 λῦσαι
1947 2682 2010 2711 τῶν
2033 2680 2130 2712 ἔθετο.
2153 2680 2247 2712 Αὐτοὶ
2267 2680 2327 2721 γὰρ

1270 2727 1328 2757 οὐκ
1341 2726 1401 2758 οἱοί
1422 2736 1455 2758 τε
1475 2725 1558 2765 ἦσαν
1579 2725 1656 2757 αὐτὸ
1674 2728 1806 2764 ποιῆσαι
1829 2725 1991 2764 Ἀθηναῖοι·
2013 2726 2145 2768 ὁρκίοισι
2158 2726 2217 2768 γὰρ
2235 2727 2327 2767 μεγά·

1270 2774 1350 2805 λοισι
1362 2773 1557 2814 κατείχοντο,
1577 2774 1654 2805 δεκα
1678 2773 1749 2805 ἔτεα
1766 2774 1939 2815 χρήσεσθαι
1956 2773 2082 2815 νόμοισι
2096 2775 2166 2811 τοὺς
2184 2774 2222 2806 ἄν
2241 2786 2328 2815 σφισι

1271 2821 1375 2852 Σόλων
1388 2821 1490 2859 θῆται.
1509 2820 1618 2852 Αὐτῶν
1635 2820 1672 2859 δὴ
1694 2819 1738 2852 ὧν
1758 2819 1878 2852 τούτων
1899 2821 1953 2852 καὶ
1973 2824 2027 2860 τῆς
2047 2820 2175 2862 θεωρίης
2193 2821 2329 2862 ἐκδημή-

1273 2879 1329 2904 σας
1341 2868 1358 2899 ὁ
1374 2867 1480 2899 Σόλων
1500 2868 1626 2907 εἵνεκεν,
1642 2868 1672 2905 ἐς
1686 2867 1843 2908 Αίγυπτον
1861 2867 1991 2900 ἀπίκετο
2010 2868 2095 2910 παρὰ
2112 2869 2255 2909 Ἄμασιν,
2275 2870 2328 2900 καὶ

1272 2915 1309 2954 δὴ
1328 2915 1382 2946 καὶ
1398 2914 1427 2951 ἐς
1441 2913 1549 2957 Σάρδις
1567 2914 1654 2956 παρὰ
1671 2916 1817 2957 Κροῖσον.
1837 2915 2027 2948 Plutarchus
2045 2916 2110 2948 Vit.
2127 2915 2236 2947 Solon.
2256 2924 2328 2956 cap.

1273 2967 1310 2995 20
1333 2975 1340 2994 ε
1358 2964 1491 3003 Πρῶτον
1514 2963 1568 3004 μὲν
1582 2961 1638 2995 οὖν
1662 2963 1704 2999 εἰς
1720 2962 1878 3002 Αῐγυπτον
1910 2962 2037 3003 ἀφίκετο
2054 2963 2107 2994 καὶ
2127 2963 2327 3005 διέτριψεν....

1272 3011 1380 3043 ἔπειτα
1394 3010 1530 3047 πλεύσας
1547 3011 1588 3048 εἷς
1608 3010 1747 3053 Κύπρον,
1767 3010 1915 3052 ἠγαπήθη
1933 3010 2136 3053 διαφερόντως
2152 3011 2214 3043 ὑπὸ
2233 3012 2328 3043 Φιλο-

1272 3057 1391 3099 κύπρου
1404 3058 1485 3095 τινὸς
1494 3060 1558 3089 τῶν
1574 3058 1638 3089 ἐκεῖ
1656 3058 1810 3100 βασιλέων
1836 3058 1904 3089 κτλ.

1315 3105 1381 3147 (31)
1398 3105 1588 3138 Plutarchus
1601 3106 1667 3137 Vit.
1687 3106 1799 3139 Solon.
1814 3113 1884 3146 cap.
1897 3108 1956 3138 29:
1977 3106 2017 3137 Οἱ
2028 3104 2056 3137 δ’
2065 3105 2097 3137 ἐν
2113 3105 2201 3138 ἄστει
2220 3106 2330 3143 πάντες

1273 3152 1457 3190 ἐστασίαζον
1473 3152 1708 3194 ἀποδημοῦντος
1722 3155 1779 3185 τοῦ
1805 3152 1999 3190 Σόλωνος....
2021 3152 2103 3185 οὕτω
2118 3154 2150 3185 δὲ
2175 3157 2238 3186 τῶν
2253 3165 2329 3194 πρα-

1273 3203 1401 3245 γμάτων
1415 3202 1567 3246 ἐχόντων,
1584 3205 1601 3236 ὁ
1616 3204 1721 3236 Σόλων
1733 3203 1983 3246 παραγενόμενος
1999 3204 2107 3240 εἰςτὰς
2119 3203 2236 3242 Ἀθήνας
2253 3205 2330 3236 αἰδῶ

1275 3252 1329 3293 μὲν
1351 3251 1416 3293 εἶχε
1436 3251 1490 3284 καὶ
1508 3252 1601 3292 τιμὴν
1624 3251 1710 3294 παρὰ
1726 3254 1833 3290 πᾶσιν,
1851 3251 1882 3283 ἐν
1896 3251 1927 3282 δὲ
1947 3253 2043 3291 κοινῷ
2058 3252 2156 3292 λέγειν
2171 3252 2222 3283 καὶ
2235 3251 2330 3293 πράσ-

1274 3310 1340 3331 σειν
1372 3298 1489 3341 ὁμοίως
1513 3300 1570 3332 οὐκ.
1592 3299 1685 3340 ἑτ“ἦν
1706 3298 1846 3339 δυνατός,
1872 3298 1943 3330 οὐδὲ
1965 3298 2120 3340 πρόθυμος
2149 3297 2210 3330 ὑπὸ
2230 3299 2331 3340 γήρως

1274 3348 1342 3379 κτλ.

1317 3394 1383 3435 (32)
1404 3394 1496 3435 Diog.
1518 3396 1624 3427 Laert.
1641 3394 1666 3434 1,
1686 3398 1724 3425 (32
1744 3406 1751 3425 :
1779 3391 1979 3430 Ἐτελεύτησε
2003 3392 2029 3425 δ’
2047 3393 2078 3424 ἐν
2097 3391 2226 3434 Κύπρῳ,
2247 3391 2332 3432 βιοὺς

1276 3441 1328 3479 ἔτη
1348 3442 1540 3482 ὀγδοήκοντα
1555 3442 1605 3474 cf.
1625 3441 1784 3473 Plutarch.
1809 3442 1874 3473 Vit.
1891 3439 1956 3473 S'ol.
1974 3448 2046 3482 cap.
2067 3443 2117 3472 32.

1319 3489 1383 3530 (33)
1400 3489 1451 3521 Cf.
1468 3489 1581 3530 fragm.
1603 3490 1650 3521 17.
