2612 3814
271 232 366 278 xviij

264 306 424 357 quidem
459 307 678 352 versantur,
700 300 768 340 sed
800 300 967 351 peccatis
994 308 1073 336 non
1092 295 1305 336 abstinent.

264 371 435 410 Omnino
447 368 526 406 duo
542 368 762 406 daemonum
779 374 919 415 genera
932 364 1081 413 primus
1093 360 1208 399 finxit
1219 359 1310 397 Em-

262 430 508 485 pedoclosm
524 461 535 483 ,
553 442 719 481 quorum
739 430 849 469 alteri
866 428 958 467 boni
970 431 1063 466 sunt
1076 426 1189 465 alteri
1203 424 1307 462 mali.

264 500 334 538 His
354 496 538 537 omnibus
550 497 643 535 olim
663 494 942 534 commercium
958 502 1047 531 cum
1064 491 1137 529 diis
1153 492 1310 528 immor-

265 561 405 602 talibus
424 566 464 600 et
492 561 669 611 ejusdem
689 558 947 598 beatitudinis
968 557 1191 596 communio
1214 554 1305 592 fuit.

265 626 342 666 Sed
373 626 442 665 ubi
489 626 626 675 genius
660 623 802 673 aliquis
841 622 1086 671 sempiternae
1110 618 1310 658 felicitatis

265 693 471 741 impatiens
491 690 595 729 caede
615 689 677 727 vel
698 688 866 738 peccatis
895 697 937 725 se
969 685 1130 736 polluit,
1157 684 1199 723 id
1227 687 1305 732 est,

266 760 473 807 postquam
494 766 539 794 ea
554 755 775 803 concupivit
794 763 881 802 quae
899 751 1103 790 hominum
1123 749 1308 799 pravitati

264 831 344 859 non
364 820 524 858 deorum
543 819 741 857 sanctitati
761 817 995 855 conveniunt
1010 814 1194 853 carnibus
1207 813 1308 850 vesci

265 890 304 924 et
322 889 575 936 cognatorum
605 883 708 922 caede
725 883 847 920 animi
868 881 994 919 labem
1014 879 1263 928 contrahere,
1286 889 1307 916 e

265 949 466 989 beatorum
492 948 582 988 sede
602 950 746 998 eJectus
769 946 820 985 ad
846 945 1033 984 luendam
1055 954 1211 994 poenam
1240 954 1308 993 per

264 1017 389 1052 totum
406 1012 600 1051 mundum
613 1014 794 1061 vagatur,
809 1020 932 1059 quum
947 1008 1129 1047 omnibus
1141 1007 1310 1046 elemen-

266 1078 317 1115 tis
339 1077 487 1114 invisus
513 1079 552 1113 et
571 1074 819 1113 abominatus
848 1083 872 1111 a
900 1072 996 1111 coelo
1027 1073 1068 1110 in
1089 1076 1256 1122 terram,
1285 1083 1308 1109 a

265 1144 366 1178 terra
384 1141 423 1178 in
453 1149 580 1189 mare,
613 1148 635 1176 a
660 1138 759 1176 mari
779 1137 820 1175 in
842 1147 970 1175 aerem
991 1139 1205 1185 exspuatur
1229 1133 1304 1185 (2),

264 1204 387 1243 donec
401 1205 542 1253 saepius
560 1206 711 1242 mutata
733 1201 857 1252 figura
880 1200 1024 1240 scelere
1045 1205 1234 1251 purgatus
1254 1201 1306 1239 ad

264 1271 471 1320 pristinam
499 1267 781 1307 beatitudinem
814 1266 961 1305 redeat.
992 1266 1138 1305 Verum
1163 1267 1206 1304 in
1234 1265 1307 1305 hac

265 1335 525 1373 mutationum
540 1333 727 1371 varietate
739 1342 817 1370 non
832 1330 1012 1369 desinunt
1028 1330 1094 1369 alii
1106 1331 1211 1380 genii
1225 1325 1308 1368 ess'e

264 1398 447 1437 meliores
460 1425 473 1444 ,
488 1397 553 1435 alii
572 1396 793 1435 deteriores.
811 1395 911 1435 Nam
928 1396 1031 1433 inter
1049 1395 1202 1436 divinas
1220 1395 1308 1433 illas

264 1465 441 1507 naturas,
464 1471 550 1510 quae
570 1462 612 1498 in
635 1464 735 1499 terra
755 1459 957 1507 habitant,
981 1459 1109 1498 locum
1128 1459 1304 1497 illaetabi-

265 1526 342 1566 lem
357 1530 396 1566 et
411 1527 583 1576 ipsarum
603 1527 837 1575 praestantiae
855 1535 993 1574 parum
1012 1529 1149 1573 aptum
1169 1524 1306 1562 colen-

262 1595 321 1630 tes
333 1619 346 1638 ,
366 1594 642 1630 commemorat
661 1593 773 1640 poeta
791 1589 953 1638 Letum,
987 1589 1128 1627 Curam
1142 1618 1153 1638 ‚
1177 1589 1307 1639 Sopo-

263 1666 343 1693 rem
356 1683 367 1701 ‚
412 1654 657 1704 Majestatem
671 1681 683 1703 ,
723 1652 976 1703 squalorem,
1013 1651 1281 1691 sinceritatem
1294 1683 1304 1703 ,

262 1717 615 1756 Dissimulationem
647 1714 717 1768 (3),
753 1717 870 1763 alias,
904 1726 990 1766 qua>
1027 1727 1158 1754 recens
1192 1721 1306 1755 natos

261 1784 480 1833 excipiunt,
502 1782 705 1820 hominum
733 1781 850 1820 rebus
868 1783 1063 1820 intersunt
1091 1792 1305 1831 eorumque

263 1845 343 1886 fata
359 1850 499 1896 regunt
517 1857 562 1884 ac
582 1847 724 1895 partim
744 1845 795 1884 ad
814 1845 937 1892 bona,
960 1847 1102 1895 partim
1126 1845 1176 1884 ad
1201 1846 1303 1885 mala

265 1920 330 1948 eos
348 1909 554 1959 impellunt
577 1906 650 1961 (4).
667 1908 813 1957 Quodsi
840 1908 892 1947 ab
910 1907 972 1947 his
990 1908 1211 1947 discesseris
1237 1911 1305 1959 qui

264 1975 352 2013 vitae
367 1973 547 2012 humanae
565 1973 744 2023 praesides
762 1977 855 2012 sunt
873 1983 918 2011 ac
938 1973 1103 2012 fortasse
1121 1974 1246 2012 multa
1266 1978 1305 2012 et

265 2039 374 2076 varia
394 2039 496 2087 passi
513 2036 563 2075 ad
588 2047 673 2075 eam
695 2037 819 2075 evecti
839 2041 931 2075 sunt
951 2037 1181 2087 dignitatem
1196 2066 1207 2087 ‚
1227 2049 1305 2087 qua

262 2104 388 2141 ornati
417 2102 582 2140 reditum
602 2102 652 2140 ad
681 2101 773 2140 deos
792 2113 928 2151 parare
959 2103 1108 2151 possint
1132 2113 1141 2140 ε
1180 2104 1207 2140 ii
1237 2104 1303 2152 qui

305 2229 334 2269 1)
361 2227 549 2260 Plutarchus
565 2227 605 2260 de
633 2236 720 2260 orac.
743 2228 806 2261 des.
830 2237 862 2270 p.
886 2230 946 2260 418
966 2242 974 2262 z
1004 2229 1082 2261 ἀλλὰ
1101 2230 1232 2269 φαύλους
1249 2231 1304 2271 μὲν

259 2275 407 2317 δαίμονας
417 2276 475 2307 οὐκ
487 2274 696 2315 Ἐμπεδοκλῆς
715 2274 861 2316 μόνον....
881 2275 1039 2311 ἀπέλιπεν.
1059 2276 1138 2308 ἀλλὰ
1149 2278 1203 2309 καὶ
1220 2278 1303 2310 Πλά·

259 2336 320 2357 των
337 2324 403 2355 κτλ.
422 2322 470 2355 ld.
489 2322 529 2354 de
548 2322 629 2355 isid.
642 2324 676 2355 et
688 2322 772 2355 Ozir.
787 2332 817 2364 p.
837 2326 919 2356 360:
934 2323 1070 2365 γίνονται
1084 2325 1142 2366 γὰρ
1155 2327 1197 2363 ὡς
1211 2326 1241 2358 ἐν
1253 2326 1303 2357 ἀν-

259 2372 394 2414 θρώποις
407 2371 479 2410 ,καὶ
496 2370 652 2411 δαίμοσιν,
667 2371 775 2412 ἀρετῆς
790 2371 931 2412 διαφοραὶ
954 2372 1005 2404 καὶ
1022 2373 1135 2409 κακίας
1159 2374 1226 2405 κτλ.
1250 2374 1301 2406 Ct’.

259 2418 469 2453 Tiedemanni
494 2417 740 2457 disputationem
759 2418 799 2451 ‹le
818 2419 944 2451 Artium
961 2420 1156 2461 magicarum
1174 2421 1252 2463 orig.
1273 2425 1304 2454 et

262 2475 393 2509 propag.
412 2465 574 2506 (Gotting.
595 2466 691 2506 1787)
708 2475 738 2507 p.
753 2468 804 2499 40.

302 2513 333 2554 2)
359 2512 545 2544 Plutarchus
564 2512 604 2543 de
628 2512 701 2545 lsial.
732 2518 763 2546 et
793 2513 892 2555 Osir„
919 2523 950 2556 p.
972 2516 1030 2547 ³61
1055 2527 1065 2548 ι
1093 2513 1303 2556 Ἐμπεδοκλῆς

259 2561 292 2594 δὲ
308 2561 360 2592 καὶ
374 2559 461 2596 δίκας
476 2561 550 2600 φησὶ
573 2560 689 2592 διδόναι
711 2562 783 2598 τοὺς
802 2561 954 2603 δαίμονας
972 2563 1017 2595 ὧν
1035 2562 1232 2605 ἐξαμάρτωσι
1248 2565 1302 2596 καὶ

260 2607 537 2649 πλημμελήσωσιν·
557 2620 572 2635 «ι
584 2608 716 2648 αἰθέριον
734 2609 789 2650 μὲν
807 2608 869 2649 γάρ
882 2620 939 2651 σφε
955 2611 1046 2650 μένος
1061 2611 1212 2643 πόντονδε
1229 2612 1301 2643 διώ-

259 2666 306 2687 κει
321 2655 389 2687 κτλ.
409 2667 425 2682 n
444 2653 538 2695 (Vid.
562 2663 627 2686 vsa.
648 2656 778 2697 32·35.)
810 2656 897 2698 ἄχρις
922 2657 959 2689 οὗ
986 2659 1188 2695 κολασθέντες
1219 2659 1302 2691 οὕτω

259 2703 313 2734 καὶ
333 2700 550 2742 καθαρθέντες,
565 2700 649 2738 αὖθις
661 2703 717 2741 τὴν
733 2703 814 2735 κατὰ
833 2703 924 2741 φύσιν
939 2705 1044 2746 χώραν
1054 2707 1108 2738 καὶ
1122 2706 1207 2744 τάξιν
1223 2706 1301 2737 ἀπο·

259 2749 392 2782 λάδωσι.
411 2748 459 2781 Cl‘.
476 2748 515 2781 de
529 2749 592 2781 Vit.
611 2758 679 2782 oere
697 2749 738 2782 al.
752 2759 783 2791 p.
802 2753 862 2784 830
875 2752 908 2784 et
924 2753 1040 2785 Euseb.
1057 2755 1159 2795 Praep.
1178 2756 1299 2795 Evang.

259 2797 302 2834 V,
319 2800 336 2827 5
351 2804 382 2836 p.
406 2797 462 2827 187
479 2795 517 2827 D.

300 2842 333 2883 3)
357 2842 430 2875 Vid.
454 2850 519 2874 vss.
543 2845 654 2876 18-28.

299 2890 332 2930 4)
357 2888 539 2930 Pseudorig.
567 2889 748 2930 Pliilosopli.
782 2891 827 2923 111
857 2898 865 2919 ε
891 2892 934 2928 ὡς
958 2891 1198 2934 ἀναστρέφονται
1225 2894 1299 2927 διοι·

259 2939 382 2972 κοῦντες
396 2935 436 2968 τὰ
454 2935 536 2967 κατὰ
555 2939 612 2975 γῆν
630 2935 713 2973 ὄντες
730 2936 882 2970 πλεῖστοι.
907 2937 1060 2971 Similiter
1073 2939 1214 2972 Timaeus
1240 2942 1299 2973 Lo-

259 2986 334 3011 crus
350 2983 434 3013 extr.
457 2990 466 3012 2
486 2983 609 3013 ἅπαντα
630 2982 663 3014 δὲ
678 2986 776 3014 ταῦτα
794 2983 827 3015 ἐν
841 2983 970 3025 δευτέρᾳ
981 2986 1113 3026 περιόδῳ
1132 2987 1152 3017 ἁ
1165 2988 1294 3028 Νέμεσις

260 3026 448 3070 συνδιὲκρινε
473 3028 528 3060 σὺν
539 3029 666 3070 δαίμοσι
691 3029 893 3071 παλαμναίοις
911 3030 1044 3072 χθονίοις
1061 3042 1094 3064 τε
1106 3058 1114 3072 ,
1138 3037 1203 3070 τοῖς
1228 3033 1295 3067 ἐπό-

257 3085 348 3112 πταις
367 3078 429 3106 τῶν
448 3074 660 3116 ἆνθρωπινων,
679 3077 725 3112 otc,
738 3076 755 3107 ό
767 3076 892 3109 πάντων
918 3078 1045 3119 ἁγεμὼν
1062 3081 1131 3117 θεὸς
1149 3081 1299 3125 ἐπέτρεψε

257 3121 410 3159 διοίκησιν
431 3121 543 3162 κόσμω
563 3122 630 3154 κτλ.
650 3122 814 3156 Plutarch.
834 3123 874 3156 de
889 3125 994 3158 Anim.
1021 3129 1124 3167 lranq.
1148 3137 1178 3169 1).
1204 3131 1263 3161 474
1290 3143 1298 3163 ι

259 3168 336 3200 &m
353 3168 479 3209 μᾶλλον,
501 3170 542 3205 ὡς
560 3168 768 3210 Ἐμπεδοκλῆς
786 3170 938 3213 (φησιν),
957 3173 1056 3206 διτταί
1073 3185 1150 3212 τινες
1167 3176 1299 3209 ἕκαστον

258 3218 347 3257 ἡμῶν
360 3215 524 3257 γενόμενον
539 3216 814 3259 παραλαμβάνουσι
827 3220 880 3251 καὶ
897 3220 1104 3263 κατάρχονται
1122 3226 1227 3264 μοῖραι
1244 3227 1297 3257 καὶ

258 3262 411 3303 δαίμονες.
430 3263 479 3295 Cf.
501 3263 650 3304 Porphyr.
668 3265 709 3297 de
727 3266 812 3298 antr.
830 3268 969 3309 Nympli.
990 3277 1019 3300 c.
1042 3273 1072 3302 8.

301 3310 332 3350 5)
355 3311 392 3342 In
411 3309 544 3344 eandem
557 3312 746 3345 sententiam
766 3313 928 3346 Philolaus
938 3324 988 3356 ap.
1002 3316 1160 3350 Clemeni.
1176 3319 1295 3352 Strom.

258 3358 302 3389 ΙΙΙ
321 3367 350 3398 p.
372 3360 433 3390 433
449 3360 487 3390 A.
503 3358 589 3395 Svlb.
610 3368 618 3390 t
642 3360 862 3401 μαρτυρέονται
886 3362 919 3394 δὲ
935 3363 988 3394 καὶ
1003 3365 1032 3395 οἱ
1050 3365 1175 3396 παλαιοὶ
1201 3367 1298 3399 θεολό·

256 3412 307 3445 γοι
327 3416 359 3437 τε
375 3406 428 3438 καὶ
442 3405 562 3448 μάντιες
572 3431 581 3446 ,
596 3408 637 3443 ὡς
651 3406 701 3439 διά
712 3419 793 3445 τινος
807 3409 956 3450 τιμωρίας
973 3411 994 3442 ἀ
1010 3413 1096 3454 ψυχὰ
1111 3416 1156 3452 τῷ
1170 3414 1294 3455 σώματι

259 3454 454 3491 συνέζευκται
481 3455 534 3486 καὶ
561 3455 699 3497 καθάπερ
731 3456 762 3488 ἐν
795 3457 912 3498 σάματι
942 3458 1043 3500 τούτῳ
1062 3461 1221 3494 τέθαπται.
1247 3464 1294 3494 De

1105 213 1172 251 DE
1203 213 1271 251 EM
1280 212 1524 251 PEDOCLE.

1370 292 1539 341 primum
1572 302 1593 330 e
1623 291 1720 331 coelo
1756 291 1909 342 expulsi
1943 291 1984 330 in
2019 294 2167 330 terram
2199 289 2419 331 deveniunt

1370 359 1519 405 animi,
1547 368 1708 408 corpore
1729 359 1954 398 vestiuntur
1988 354 2041 410 (5)
2076 361 2116 396 et
2143 367 2212 407 per
2239 356 2420 408 longissi-

1370 434 1479 462 mum
1498 423 1686 472 temporis
1704 424 1879 473 spatium
1900 423 1942 461 in
1973 423 2100 461 varias
2116 432 2323 471 corporum
2341 420 2421 461 sor-

1371 498 1454 526 mas
1481 491 1673 538 coguntur
1691 488 1871 526 transire.
1901 486 2003 525 Sunt
2036 487 2158 536 igitur
2177 496 2258 524 non
2293 485 2423 525 solum

1369 551 1566 599 homines,
1582 561 1718 589 verum
1734 551 1853 590 etiam
1863 550 2009 600 bestiae²
2022 549 2194 595 arbores,
2207 549 2353 599 plantae
2366 547 2420 602 (6)

1370 617 1611 656 daemonibus
1621 617 1777 666 cognati
1788 620 1827 654 et
1839 616 2012 655 fatorum
2026 620 2238 656 consortes,
2252 615 2423 664 Quando

1369 693 1463 720 vero
1497 685 1600 719 terra
1633 685 1864 730 terrenaque
1902 681 2009 730 reg-io
2022 709 2033 730 ,
2056 690 2178 730 quam
2208 678 2425 718 Pseudori-

1370 757 1466 796 gene
1490 743 1544 797 (7)
1569 749 1668 783 teste
1685 743 1941 794 Empedocles
1973 754 2098 793 usque
2117 743 2169 782 ad
2196 743 2333 782 lunam
2353 753 2423 782 ex-

1369 810 1514 856 tendit,
1547 809 1651 848 locus
1677 812 1825 847 naturae
1852 811 1995 846 nostrae
2013 808 2178 846 minime
2197 817 2420 858 congruens

1370 878 1451 924 est,
1477 877 1634 912 antrum
1653 873 1859 911 obscurum
1872 901 1882 921 ,
1905 871 2098 909 malorum
2116 875 2157 909 et
2170 873 2424 914 ,miseriarum

1369 942 1523 988 pratum
1546 935 1627 990 (8),
1658 935 1707 976 de
1734 937 1834 975 vatis
1862 934 2110 985 Agrigentini
2141 936 2335 974 sententia
2353 936 2426 975 tri·

1368 1005 1539 1043 stissima
1559 1003 1761 1041 hominum
1786 1012 1870 1040 sors
1898 1004 1957 1039 est
1976 1002 2044 1050 qui
2064 1011 2113 1039 ex
2137 997 2426 1039 immortalibus

1370 1074 1408 1108 et
1428 1069 1554 1108 beatis
1574 1068 1758 1107 mortales
1774 1067 1864 1106 facti
1885 1066 2174 1106 calamitatibus
2188 1069 2227 1105 et
2242 1066 2426 1106 aerumnis

1368 1133 1655 1172 conflictantur.
1679 1132 1725 1171 In
1749 1143 1794 1170 eo
1814 1135 1943 1170 autem
1965 1142 2083 1181 quem
2099 1130 2313 1170 conficiunt
2331 1141 2424 1171 mu-

1368 1199 1562 1237 tationum
1581 1197 1674 1236 orbe
1696 1197 1774 1236 alia
1794 1198 1936 1247 potior,
1962 1197 2039 1236 alia
2061 1196 2232 1235 deterior
2253 1200 2313 1235 est
2331 1207 2424 1236 con-

1369 1264 1493 1301 versio
1529 1274 1538 1300 :
1569 1272 1661 1300 nam
1694 1262 1735 1300 in
1769 1261 1870 1299 seras
1896 1260 2135 1299 abeuntibus
2161 1262 2356 1310 optimum
2384 1262 2424 1300 in

1369 1326 1490 1364 lconis
1508 1326 1675 1364 formam
1691 1326 1879 1372 transire,
1904 1327 1945 1363 in
1964 1324 2144 1375 arbores,
2172 1324 2273 1364 lauri
2295 1326 2424 1375 speeie

1367 1390 1476 1429 indui
1499 1389 1567 1443 (9).
1594 1389 1669 1429 Sed
1688 1390 1800 1429 finito
1820 1394 1995 1439 tempore
2023 1389 2074 1428 ad
2102 1400 2259 1440 poenam
2279 1391 2424 1428 consti-

1368 1459 1454 1494 tuto
1473 1455 1631 1494 tandem
1648 1457 1689 1494 in
1710 1456 2000 1505 praestantiores
2020 1458 2184 1493 naturas
2203 1458 2421 1504 mutantur,

1367 1521 1512 1570 quibus
1529 1522 1610 1559 vita
1631 1521 1775 1559 functis
1793 1521 1954 1559 deorum
1972 1520 2143 1571 obtingit
2163 1521 2421 1561 consortium.

1367 1585 1547 1635 Namque
1568 1589 1612 1623 ut
1632 1588 1740 1623 vates
1753 1613 1764 1632 ‚
1785 1588 1928 1635 poetae,
1948 1584 2116 1632 medici,
2132 1585 2340 1624 civitatum
2354 1595 2425 1636 gu-

1367 1651 1595 1689 bernatores
1617 1655 1704 1700 post
1723 1654 1891 1689 mortem
1910 1650 2072 1689 deorum
2093 1649 2296 1690 ordinibus
2308 1652 2423 1690 ascri·

1367 1716 1512 1754 buntur
1536 1718 1575 1753 et
1592 1715 1644 1753 dii
1661 1714 1764 1753 fiunt
1783 1726 1792 1752 ι
1810 1715 1865 1753 ita
1882 1715 2020 1766 reliqui
2039 1713 2219 1754 homines
2237 1716 2305 1766 qui
2318 1716 2424 1766 juste

1366 1783 1577 1829 sancteque
1593 1780 1779 1818 vixerunt
1797 1778 1898 1817 fiunt
1915 1779 2090 1817 convivae
2109 1778 2272 1818 deorum
2286 1808 2298 1830 ,
2319 1780 2424 1819 inter

1366 1856 1465 1895 quos
1479 1845 1530 1884 ab
1550 1845 1731 1884 humanis
1745 1843 2034 1883 calamitatibus
2049 1843 2200 1883 liberati
2219 1847 2260 1883 et
2278 1844 2422 1884 immu-

1365 1920 1435 1948 nes
1454 1919 1696 1959 summaeque
1724 1909 1934 1959 participes
1962 1907 2215 1947 beatitudinis
2246 1909 2286 1947 in
2310 1911 2422 1948 aeter-

1366 1984 1459 2013 num
1475 1974 1724 2024 requiescunt
1739 1970 1750 2024 (
1759 1978 1771 2011 1
1781 1970 1817 2024 ο)
1826 2002 1834 2012 .
1849 1971 2038 2011 Caeterum
2055 1971 2118 2011 ille
2127 1975 2322 2022 perpetuas
2331 1983 2425 2012 con-

1366 2040 1556 2077 versionis
1569 2039 1770 2087 circuitus,
1781 2049 1861 2087 quo
1871 2036 2057 2084 efficitur,
2067 2041 2113 2076 ut
2124 2038 2251 2076 omnis
2265 2039 2422 2088 generis

1366 2102 1596 2142 animalium
1617 2112 1827 2151 rerumque
1846 2101 1992 2140 formas
2012 2101 2180 2140 induant
2194 2102 2332 2150 animi,
2351 2103 2420 2141 tri-

1364 2241 1429 2272 quo
1443 2231 1530 2262 dicto
1546 2230 1697 2271 praeclare
1715 2229 1855 2270 disputat
1880 2229 2052 2263 Bmckuins
2071 2229 2184 2263 Pliilol.
2201 2238 2234 2272 p.
2255 2233 2314 2264 180
2329 2239 2419 2273 seqq.

1365 2279 1440 2367 (νζ)
1463 2277 1673 2366 tilpipigoples
1690 2286 1743 2319 ap.
1761 2278 1853 2319 Diog.
1883 2279 1990 2311 Laert.
2009 2279 2100 2318 Vin,
2116 2279 2155 2311 77
2171 2278 2212 2312 de
2232 2287 2267 2312 se
2290 2279 2359 2321 ipso
2375 2279 2421 2312 ait

1445 2422 1505 2460 ἤδη
1524 2420 1583 2463 γάρ
1602 2420 1673 2453 ποτ’
1693 2420 1756 2461 ἐγὼ
1775 2419 1910 2462 γενόμην
1926 2419 2037 2462 κοῦρός
2053 2431 2088 2453 τε
2102 2420 2180 2463 κόρη
2198 2431 2232 2453 τε

1446 2467 1560 2510 θάμνος
1572 2467 1600 2499 τ’
1619 2466 1729 2504 οἰωνός
1741 2477 1774 2499 τε
1787 2468 1840 2498 καὶ
1856 2467 1900 2498 εἰν
1923 2467 1974 2499 ἁλὶ
1989 2467 2118 2504 ἔλλοπος
2142 2467 2242 2509 ἰχθύς.

1361 2563 1447 2595 Sexi.
1466 2561 1586 2602 Empir.
1605 2560 1680 2594 adV.
1695 2560 1798 2593 Maru.
1819 2561 1873 2599 lx,
1897 2561 1953 2592 127
1977 2572 1984 2592 :
2002 2561 2030 2591 ol
2046 2559 2102 2601 μὲν
2120 2559 2189 2601 περὶ
2203 2558 2257 2592 τὸν
2273 2559 2418 2600 Πυθαγό-

1360 2619 1416 2650 ραν
1438 2609 1492 2640 καί
1519 2609 1573 2641 τὸν
1588 2608 1802 2650 Ἐμπεδοκλέα
1818 2608 1871 2639 καὶ
1894 2610 1958 2639 τῶν
1974 2605 2103 2639 Ἰταλῶν
2123 2606 2243 2646 πλῆθός
2260 2617 2351 2648 φασι,
2375 2609 2418 2649 μὴ

1361 2655 1454 2696 μόνον
1474 2657 1548 2697 ἡμῖν
1568 2657 1643 2697 πρὸς
1675 2655 1824 2693 ἀλλήλους
1851 2655 1904 2687 καὶ
1928 2654 2004 2697 πρὸς
2029 2654 2101 2691 τοὺς
2121 2655 2207 2691 θεοὺς
2236 2654 2318 2687 εἶναί
2347 2667 2419 2688 τινα

1360 2702 1536 2742 κοινωνίαν,
1550 2703 1627 2736 ἀλλὰ
1642 2703 1695 2735 καὶ
1714 2703 1790 2744 πρὸς
1808 2701 1849 2734 τὰ
1865 2702 1967 2743 ἄλογα
1987 2703 2051 2734 τῶν
2067 2701 2170 2738 ζώων”
2190 2701 2223 2734 ἓν
2241 2701 2303 2744 γὰρ
2317 2702 2416 2745 ὑπάρ-

1359 2761 1426 2792 χειν
1448 2754 1572 2792 πνεῦμα
1586 2775 1596 2790 ,
1618 2751 1655 2783 τὸ
1674 2750 1726 2783 διὰ
1753 2750 1867 2786 παντὸς
1883 2752 1939 2782 τοῦ
1957 2749 2082 2790 κόσμου
2101 2748 2210 2788 διῆκον
2226 2749 2330 2791 ψυχῆς
2346 2750 2415 2792 τρό·

1359 2809 1418 2830 πον
1429 2823 1438 2839 ,
1454 2799 1490 2831 τὸ
1508 2799 1562 2831 καὶ
1581 2799 1669 2831 ἑνοῦν
1685 2799 1766 2838 ἡμᾶς
1784 2798 1859 2838 πρὸς
1877 2798 1993 2829 ἐκεῖνα.

1403 2847 1436 2883 7)
1463 2845 1649 2886 Pseudorig.
1672 2844 1794 2877 Pliilos.
1814 2846 1857 2877 lV
1885 2855 1894 2877 ι
1922 2844 2029 2886 ὥσπερ
2045 2844 2062 2875 ὀ
2081 2841 2295 2885 Ἐμπεδοκλῆς
2310 2843 2416 2877 πάντα

1358 2893 1411 2926 τὸν
1424 2893 1494 2926 καθ’
1513 2895 1595 2935 ἡμᾶς
1615 2893 1711 2925 τόπον
1737 2892 1793 2932 ἔφη
1813 2895 1922 2924 κακῶν
1949 2892 2063 2933 μεστὸν
2080 2891 2159 2924 εἶναι
2171 2915 2181 2932 ,
2206 2893 2261 2924 καὶ
2279 2892 2370 2935 μέχρι
2382 2893 2416 2926 δὲ

1359 2941 1488 2980 σελήνης
1504 2942 1544 2973 τὰ
1565 2941 1651 2973 κακὰ
1675 2939 1799 2981 φθάνειν
1827 2940 1864 2972 ἐκ
1892 2943 1949 2971 τοῦ
1973 2940 2042 2980 περὶ
2062 2942 2120 2980 γῆν
2146 2939 2245 2972 τόπου
2263 2940 2415 2980 ταθέντα,

1359 2990 1529 3031 περαιτέρω
1558 2989 1591 3021 δὲ
1618 2989 1661 3029 μὴ
1686 2991 1818 3030 χωρεῖν,
1853 2987 1908 3020 ἅτε
1930 2987 2148 3028 καθαρωτέρου
2173 2990 2230 3019 ’.οὗ
2256 2986 2335 3030 ὑπὲρ
2357 2988 2416 3027 τὴν

1358 3037 1488 3075 σελήνην
1498 3036 1612 3074 παντὸς
1628 3036 1715 3073 ὄντος
1730 3035 1843 3077 τόπου,
1862 3035 1945 3068 οὕτω
1961 3035 2014 3067 καὶ
2032 3037 2077 3076 τῷ
2090 3033 2287 3077 Ἡρακλείτῳ
2300 3035 2412 3073 ἔδοξεν.

1401 3083 1432 3121 8)
1459 3083 1591 3125 Emped.
1623 3092 1671 3115 vs.
1696 3085 1731 3116 17
1759 3083 1915 3121 ἀσυνήθεα
1934 3086 2048 3124 χῶρον.
2069 3090 2116 3113 VS.
2143 3084 2178 3113 18
2194 3082 2330 3124 ἀτερπέα
2346 3085 2413 3125 χῶ-

1357 3141 1420 3171 ρον.
1446 3140 1493 3164 vs.
1512 3135 1548 3165 21
1570 3131 1659 3170 Ἄτης
1685 3131 1836 3172 λειμῶνα.
1862 3139 1910 3163 vs.
1938 3135 1988 3162 29.
2011 3130 2123 3172 ἄντρον
2143 3129 2334 3176 ὑπὸστεγον.
2359 3131 2410 3164 Cf.

1360 3180 1529 3220 Wytieub.
1551 3179 1592 3213 ad
1609 3181 1688 3213 Plat.
1709 3180 1862 3213 Phaedon.
1878 3188 1909 3221 p.
1927 3183 1988 3212 300
2006 3188 2074 3219 seq.

1399 3228 1430 3268 9)
1455 3228 1570 3260 AElian.
1602 3228 1675 3260 uisi.
1701 3227 1802 3262 anim.
1824 3228 1895 3268 ΧΙΙ,
1915 3230 1932 3260 7
1962 3239 1970 3259 :
2006 3227 2088 3268 λέγει
2113 3227 2167 3260 καὶ
2195 3225 2411 3269 Ἐμπεδοκλῆς

1357 3276 1412 3311 τὴν
1434 3274 1563 3317 ἀρίστην
1583 3275 1664 3308 εἶναι
1685 3274 1868 3317 μετοίκησιν
1890 3276 1946 3313 την
1967 3278 2023 3307 τοῦ
2052 3275 2228 3317 ἀνθρώπου,
2251 3275 2277 3307 εἰ
2298 3275 2352 3316 μὲν
2369 3276 2412 3311 εἰς

1362 3324 1441 3363 ζῷον
1459 3324 1480 3362 ἠ
1495 3324 1576 3362 λῆξις
1591 3324 1683 3355 αὑτὸν
1702 3326 1871 3365 μεταγάγοι
1884 3352 1892 3366 ,
1906 3326 2015 3357 λέοντα
2031 3325 2207 3366 γίγνεσθαι,
2219 3327 2245 3359 εἰ
2255 3325 2288 3359 δὲ
2299 3325 2341 3363 εἰς
2355 3336 2412 3368 φυ-

1362 3370 1433 3411 τὸν,
1448 3371 1573 3412 δάφνην,
1588 3371 1618 3403 ’Ἀ
1634 3371 1666 3402 δὲ
1680 3374 1891 3410 Ἰἰμπεδοκὶής
1906 3374 1986 3410 λέγει
2002 3373 2087 3405 ταῦτ’
2099 3374 2194 3406 ἐστίν·
2214 3386 2228 3401 «
2242 3374 2273 3406 ἐν
2282 3374 2408 3417 θήρεσσι

1355 3418 1473 3455 λέοντες
1487 3419 1552 3451 κτλ.
1577 3432 1592 3447 υ
1616 3417 1689 3451 vul.
1710 3426 1772 3450 vss'.
1793 3420 1946 3452 448—449.

1401 3467 1449 3506 10)
1469 3467 1616 3499 Clemens
1634 3466 1869 3500 Alexandrinus
1894 3468 2046 3500 Siromal.
2068 3468 2123 3503 lib.
2145 3469 2202 3508 lv,
2226 3478 2257 3510 p.
2280 3471 2335 3501 534
2359 3469 2409 3503 C:
