2612 3814
806 407 922 481 DE
980 401 1591 481 ANAXAGORA.

167 718 420 766 Anaxagoras
456 714 506 767 (ι)
547 713 844 761 Clazomenius,
887 722 1002 751 natus
1045 711 1177 764 primo

111 776 348 829 olympiadis
365 774 658 827 septuagesimae
678 787 782 812 anno
799 781 910 825 patre
932 772 1174 823 Hegesibulo

112 838 174 877 vel
194 835 367 883 Eubulo‚
389 835 550 874 divitias
581 844 619 873 et
649 833 893 872 nobilitatem
929 846 1016 871 cum
1054 832 1175 870 animi

114 896 382 947 magnitudine
425 894 642 946 conjunxit.
680 893 857 945 Namque
906 901 949 931 ut
996 891 1174 930 discendi

80 955 83 960 ’
113 955 391 1008 quaerendique
409 953 660 992 delectationi
681 961 762 991 toto
780 965 821 991 se
846 951 1003 991 dederet
1019 951 1151 989 animo
1165 980 1176 999 ,

113 1029 227 1066 agros
246 1024 284 1054 et
305 1013 543 1067 patrimonia
568 1026 639 1052 sua
671 1012 795 1051 fertur
825 1010 1044 1063 reliquisse.
1072 1010 1178 1056 Quin

112 1074 227 1113 etiam
242 1103 253 1122 ,
272 1074 307 1113 si
334 1073 429 1112 [ides
449 1071 602 1111 Valstio
620 1071 791 1110 Maximo
817 1071 893 1123 (2),
915 1084 1036 1123 quum
1052 1083 1073 1108 e
1087 1070 1180 1109 diu-

113 1134 195 1172 tina
214 1132 530 1185 peregrinatione
549 1132 713 1183 patriam
734 1131 937 1183 repetisset
960 1130 1180 1182 possessio-

113 1205 260 1244 nesque
279 1192 450 1230 desertas
466 1190 627 1230 vidisset
647 1205 656 1228 τ
678 1189 765 1230 Non
781 1203 921 1237 essem,
939 1189 1091 1240 inquit,
1108 1203 1180 1240 ego

114 1251 267 1301 salvus,
290 1251 366 1289 nisi
387 1251 468 1288 istae
484 1249 707 1301 periissent.
719 1248 848 1295 Quuni
870 1249 992 1299 igitur
1007 1249 1177 1300 quietem

114 1319 151 1349 et
170 1311 294 1349 otium
320 1318 564 1361 sequeretur,
587 1323 610 1347 a
630 1308 813 1359 regendis
839 1308 1068 1348 civitatibus
1097 1321 1182 1348 sese

114 1370 305 1409 abstinuit
338 1369 563 1420 caeterisque
595 1368 714 1408 rebus
749 1368 988 1421 posthabitis
1022 1369 1064 1408 in
1101 1383 1181 1408 una

114 1429 367 1482 philosophia
387 1429 499 1481 quasi
518 1429 608 1467 vitae
639 1442 716 1468 suae
738 1428 1034 1468 tabernaculum
1060 1430 1180 1468 collo·

114 1491 219 1529 cavit
239 1490 307 1542 (3).
330 1490 420 1528 Erat
438 1502 533 1528 vero
552 1489 622 1527 illa
640 1497 867 1541 tempestate
886 1488 1180 1528 Atheniensium

113 1550 210 1590 urbs
228 1549 429 1603 politioris
447 1549 701 1588 humanitatis
733 1557 856 1587 mater
874 1548 1181 1589 laudandarum-

115 1623 192 1662 que
207 1610 383 1649 omnium
406 1610 548 1649 artium
561 1609 822 1649 domicilium.
845 1608 974 1656 Quare
988 1608 1181 1647 vicesimo

114 1670 237 1709 aetatis
255 1683 359 1709 anno
376 1669 547 1708 Athenas
567 1669 777 1717 concessit,
795 1668 864 1708 ubi
879 1669 1041 1720 triginta
1057 1682 1181 1708 annos

115 1738 378 1768 commoratus
394 1738 452 1768 est
471 1728 541 1783 (4).
563 1729 638 1768 Sed
656 1729 869 1780 quominus
889 1742 978 1767 eum
1003 1727 1052 1767 ab
1073 1728 1185 1766 Ana-

114 1790 272 1828 ximene
298 1789 548 1841 disciplinam
570 1789 766 1841 accepisse
787 1797 987 1842 putemus,
1008 1802 1092 1840 quae
1113 1788 1184 1827 fuit

116 1848 328 1887 multorum
357 1857 533 1888 veterum
569 1849 707 1901 opinio
724 1846 799 1902 (5),
830 1857 1051 1901 temporum
1082 1848 1183 1887 ratio

116 1906 255 1946 obstat.
273 1907 379 1947 Vixit
399 1917 527 1947 autem
549 1910 801 1959 Anaxagoras
820 1921 945 1960 usque
976 1907 1024 1946 ad
1052 1907 1182 1959 olym-

115 1967 269 2019 piadem
286 1968 563 2018 octogesimam
582 1977 757 2007 octavam
770 1998 781 2019 ,
798 1967 911 2019 cujus
928 1966 1180 2019 primo'anno

163 2082 209 2124 (1)
232 2084 387 2124 Diogenes
401 2083 546 2116 Laertius
562 2083 672 2124 lib.11,
686 2088 704 2116 6
717 2093 724 2115 :
737 2082 938 2126 Ἀναξαγόρας
954 2083 1183 2123 Ἠγησιὸούλου

115 2131 136 2169 ἢ
153 2130 317 2162 Εὖὸούλου
338 2131 545 2173 Κλαζομένιος
563 2154 573 2163 .
593 2155 602 2164 .
622 2154 631 2164 .
651 2155 659 2163 .
689 2130 780 2168 οὗτος
803 2130 942 2173 εὐγενείᾳ
973 2131 1026 2163 καὶ
1057 2131 1185 2172 πλούτῳ

118 2178 269 2221 διαφέρων
283 2178 333 2219 ἦν,
350 2178 428 2210 ἀλλὰ
446 2179 499 2211 καὶ
515 2178 771 2221 μεγαλοφροσύνῃ
783 2202 792 2216 ,
811 2178 843 2215 ὅς
859 2189 895 2218 γε
911 2178 951 2211 τὰ
966 2181 1098 2221 πατρῷα
1121 2190 1184 2210 πα-

118 2226 281 2268 ρεχώρησε
302 2229 367 2264 τοῖς
384 2226 523 2264 οἰκείοις.
552 2227 698 2263 αἰτιαθεὶς
714 2227 773 2268 γὰρ
788 2227 843 2259 ὑπ’
856 2226 963 2259 αὐτῶν
981 2228 1023 2264 ὡς
1047 2226 1184 2268 ἀμελῶν,

116 2274 156 2306 Τί
172 2272 240 2311 οὗν,
258 2274 329 2316 ἔφη,
343 2275 402 2316 οὐχ
414 2275 503 2315 ὑμεῖς
520 2275 733 2315 ἑπιμελεῖσθες
750 2274 840 2307 Plato
855 2274 950 2317 Hipp.
965 2274 1040 2316 maj.
1055 2283 1085 2316 p.
1102 2278 1184 2308 283:

118 2321 383 2364 καταλειφθέντων
404 2322 465 2364 γὰρ
494 2323 582 2365 αὐτῷ
608 2323 733 2356 πολλῶν
753 2322 923 2365 χρημάτων
949 2323 1187 2364 καταμελῆσαι,

118 2369 173 2401 καὶ
186 2370 337 2403 ἀπολέσαι
353 2370 476 2402 πάντα·
492 2371 591 2408 οὕτως
610 2371 703 2404 αὐτὸν
717 2370 836 2407 ἀνόητα
851 2371 1044 2412 σοφίζεσθαι.
1064 2370 1189 2403 Plutar-

120 2416 200 2449 chus
215 2417 331 2450 Peri'cl.
352 2426 422 2458 cap.
445 2421 483 2451 16
499 2431 507 2450 z
524 2419 587 2451 Καὶ
603 2419 659 2457 τήν
676 2417 779 2450 οἰκίαν
795 2418 914 2455 ἐκεῖνος
930 2419 1048 2456 ἐξέλιπε
1063 2419 1116 2450 καὶ
1131 2419 1188 2458 τήν

120 2464 226 2506 χώραν
243 2464 362 2507 ἀφῆκεν
375 2465 472 2507 ἀργὴν
489 2466 543 2498 καὶ
561 2465 735 2506 μηλόὸοτον
753 2466 807 2499 ὑπ’
825 2466 1052 2506 ἐνθουσιασμοῦ
1066 2466 1119 2497 καὶ
1136 2477 1190 2506 με·

120 2511 365 2553 γαλοφροσύνης.
389 2512 438 2544 Cf.
464 2511 559 2545 Philo
575 2512 616 2545 de
637 2512 704 2545 Vit.
725 2514 897 2554 contemp.
919 2522 950 2555 p.
967 2514 1041 2546 473.
1063 2513 1187 2546 Himer.

121 2558 224 2638 ξῗΙοξό
250 2560 308 2599 ΙΙΙ,
330 2561 364 2592 18
386 2568 417 2600 p.
438 2562 475 2592 84
494 2559 546 2592 ed.
569 2559 773 2594 wernsdorf.
790 2561 902 2594 Cicero
917 2562 1040 2600 Quaest.
1055 2561 1188 2594 Tuscul.

157 2629 166 2645 2
228 2629 236 2638 '
1050 2626 1056 2632 ’

165 2653 212 2694 (2)
235 2652 345 2685 valer.
363 2654 498 2687 Maxim.
517 2654 574 2687 lib.
590 2654 669 2688 VIII
687 2662 758 2696 cap.
777 2656 810 2687 7.

167 2699 213 2742 (³)
236 2700 349 2733 Cicero
366 2700 407 2734 de
423 2702 514 2735 Orat.
530 2702 590 2740 ΙΙΙ.
608 2702 658 2734 15.

166 2746 212 2789 (4)
233 2747 389 2790 Diogenes
402 2749 547 2782 Laertius
565 2748 620 2782 lib.
641 2749 683 2790 11,
697 2749 716 2781 7
733 2760 741 2781 =
760 2748 893 2791 Λέγεται
907 2747 940 2780 δὲ
951 2748 1033 2781 κατὰ
1046 2749 1102 2789 τὴν
1116 2749 1191 2792 Ξέρ-

127 2795 179 2831 ξου
201 2795 346 2827 διάὸασιν
358 2795 480 2828 ἐἴκοσιν
496 2796 574 2829 ἐτῶν
593 2796 692 2836 εἶναι,
715 2795 900 2837 βεὸιωκέναι
927 2795 959 2828 δὲ
976 2796 1192 2838 ἐὸδομήκοντα

125 2842 192 2874 δύο.
213 2843 288 2883 φησὶ
305 2842 332 2875 δ’
353 2843 582 2886 Ἀπολλόδωρος
595 2843 627 2876 ἐν
643 2847 706 2880 τοῖς
722 2844 884 2886 Χρονικοῖς
898 2845 1083 2884 γεγενῆσθαι
1097 2845 1191 2877 αὐτὸν

125 2893 163 2932 τῇ
184 2891 401 2933 ἑὸδομηκοστῇ
418 2892 608 2934 ὀλυμπιάδι,
625 2892 805 2930 τεθνηκέναι
819 2891 852 2924 δὲ
867 2894 913 2932 τῷ
927 2892 1044 2934 πρώτῳ
1061 2892 1121 2925 ἔτει
1138 2897 1192 2931 τῆς

127 2937 341 2978 ὀγδοηκοστῆς
361 2939 485 2981 ὀγδόης.
505 2940 618 2982 ἤρξατο
633 2940 667 2973 δὲ
679 2940 857 2982 φιλοσοφεῖν
870 2937 1031 2977 Ἀθήνησιν
1044 2940 1095 2972 ἐπὶ
1110 2941 1193 2973 Καλ-

126 2983 194 3017 λίου
205 3009 214 3024 ,
228 2985 306 3018 ἐτῶν
323 2986 442 3020 είκοσιν
465 2987 521 3027 ὤν,
537 2988 580 3024 ὥς
605 2998 680 3028 φησι
697 2987 873 3029 Δημήτριος
891 2987 908 3018 ὁ
927 2987 1087 3028 Φαληρεὺς
1105 2987 1136 3020 ἐν
1154 2991 1192 3030 τῇ

127 3035 189 3064 τῶν
209 3032 369 3076 ἀρχόντων
385 3034 548 3079 ἀναγραφῇ
561 3046 569 3054 ·
584 3035 658 3068 ἔνθα
674 3035 728 3068 καί
745 3046 839 3078 φασιν
856 3034 951 3067 αὐτὸν
966 3034 1020 3073 ἐτη
1034 3035 1192 3077 διατρῖψαι

127 3079 305 3123 τριάκοντα.
335 3082 496 3115 Caeterum
517 3083 731 3124 ὀγδοηκοστῆς
757 3082 869 3125 ὀγδόης
895 3084 981 3119 recte
1017 3086 1194 3123 posuerunt

129 3126 189 3158 viri
202 3126 289 3160 docti
300 3138 311 3169 ς
324 3129 422 3170 vulgo
439 3130 557 3171 legitur
569 3135 622 3171 τῆς
639 3132 872 3173 ὲὸδομηκοστῆς
885 3129 997 3171 ὀγδόης
1010 3131 1095 3173 quod
1114 3141 1193 3174 prae-

130 3172 319 3207 cedentibus
337 3175 509 3211 refutatur.

171 3220 216 3262 (5)
226 3222 381 3262 Diogenes
395 3225 540 3257 Laertius
552 3224 608 3258 lib.
621 3227 664 3266 ΙΙ,
674 3229 693 3258 6
707 3238 714 3258 :
726 3226 815 3264 οὗτος
827 3227 962 3266 ἤκουσεν
970 3227 1193 3268 Ἀναξιμένους.

129 3268 245 3301 strabo
263 3268 320 3302 lib.
340 3272 414 3304 xiv
435 3280 468 3312 p.
492 3275 553 3307 645
581 3273 814 3316 :metopium
838 3274 865 3307 δ’
882 3275 920 3316 ἦν
948 3276 1026 3316 ἀνὴρ
1045 3275 1194 3315 ἐπιφανὴς

131 3316 335 3360 Ἀναξαγόρας
354 3319 372 3350 ό
389 3319 540 3360 φυσικός,
559 3321 771 3363 Ἀναξιμένους
787 3323 936 3364 ὁμιλητὴς
951 3325 1007 3355 τοῦ
1023 3322 1192 3360 Μιλησίου.

129 3363 179 3396 Cf.
201 3363 313 3397 Cicero
332 3365 372 3398 de
390 3368 462 3399 Nat.
480 3366 572 3401 deor.
588 3368 646 3401 lib.
668 3371 766 3411 [cap.
786 3373 834 3402 11.

172 3410 216 3452 (6)
242 3411 331 3445 Plato
360 3413 488 3447 Phaedr.
520 3424 553 3457 p.
584 3419 656 3457 270,
681 3419 709 3449 A
729 3427 737 3449 :
755 3417 953 3459 Προσπεσὼν
977 3416 1061 3459 γάρ,
1084 3416 1191 3457 οἶμαι,

114 3459 263 3501 ”τοιουτῳ
283 3460 348 3493 ὄντι
364 3462 552 3505 Ἀναξαγόρᾳ
564 3486 573 3502 ,
592 3465 837 3506 μετεωρολογίας
857 3465 1044 3506 ἐμπλησθεὶς
1064 3466 1117 3496 καὶ
1145 3464 1194 3496 ἐπὶ

131 3505 222 3547 φύσιν
238 3510 291 3538 νοῦ
304 3518 338 3540 τε
354 3509 407 3540 καὶ
422 3509 526 3548 ἀνοίας
547 3510 751 3554 ἀφικόμενος,
767 3512 811 3544 ὧν
825 3513 863 3552 δὴ
879 3513 949 3556 πέρι
964 3513 1017 3545 τὸν
1029 3511 1127 3545 πολὺν
1139 3511 1195 3544 λό-

1171 3575 1240 3610 243

1201 712 1207 791 Ι

1241 710 1540 763 septuagenario
1572 709 1699 761 major
1728 718 1891 747 mortem
1915 723 2000 747 cum
2027 709 2105 746 vim
2128 723 2306 746 winmu-

1240 779 1353 810 tavit.

1294 830 1521 882 Discipulos
1546 830 1631 868 sive
1661 828 1872 867 familiares
1901 842 1988 867 cum
2023 828 2122 867 alios
2146 827 2306 874 habuit,

1228 891 1349 932 ¹velut
1369 893 1627 942 Archelaum,
1648 901 1727 931 tum
1746 891 1964 930 clarissima
1980 890 2139 930 Graeciae
2160 891 2310 929 lumina

1240 952 1432 991 Periclem
1462 961 1577 1005 atque
1598 951 1841 1004 Euripidem.
1872 951 2028 1004 Quippe
2055 959 2097 989 ut
2122 951 2190 990 ille
2210 950 2265 1002 (6)
2289 964 2311 988 e

1241 1013 1483 1052 Clazomenii
1499 1013 1672 1052 hominis
1692 1013 1826 1052 schola
1845 1012 2040 1051 excellens
2057 1011 2208 1064 prodiit
2225 1024 2313 1048 ora-

1242 1081 1316 1119 tor,
1337 1072 1443 1124 quod
1463 1086 1592 1111 rerum
1621 1073 1848 1111 divinarum
1870 1072 2210 1121 humanarumque
2241 1083 2309 1107 co-

1242 1132 1420 1182 gnitione
1441 1133 1613 1185 repletus
1633 1132 1723 1184 plus
1742 1131 1958 1183 prudentiae
1979 1145 2095 1182 quam
2114 1129 2241 1169 eaeteri
2264 1129 2309 1166 ad

1243 1192 1526 1243 rempublicam
1551 1190 1902 1230 administrandam
1927 1189 2117 1229 afferebat
2140 1203 2148 1227 :
2172 1189 2226 1226 ita
2248 1187 2310 1226 l1i.:

1243 1252 1292 1291 ab
1305 1252 1445 1291 iisdem
1463 1251 1685 1303 disciplinae
1697 1250 1821 1289 initiis
1835 1250 2034 1303 profectus
2047 1249 2094 1288 ad
2112 1248 2310 1298 tragoedia

1243 1313 1479 1351 cothurnum
1509 1310 1773 1364 philosophiae
1795 1310 2034 1362 majestatem
2072 1309 2228 1360 adjecit.
2265 1308 2310 1345 tit

1242 1372 1452 1425 Euripides
1469 1371 1628 1423 quidem
1658 1384 1780 1410 scenae
1801 1370 1986 1423 praesidio
2006 1368 2055 1408 ab
2076 1368 2313 1407 adversariis

1243 1441 1349 1471 tutus
1383 1431 1583 1484 quomodo
1607 1433 1861 1481 Anaxagorea
1890 1430 2092 1482 sapientiae
2122 1437 2314 1480 praecepta

1243 1491 1317 1531 sub
1363 1492 1492 1530 aliena
1530 1503 1702 1543 persona
1732 1490 1773 1529 in
1804 1489 2012 1528 hominum
2049 1487 2312 1527 celebritatem

1242 1551 1477 1604 produxerit
1502 1549 1737 1601 civibusque
1757 1549 2065 1597 commendarit,
2087 1547 2200 1586 multi
2229 1547 2315 1598 ejus

1242 1624 1380 1651 versus
1409 1620 1447 1650 et
1475 1611 1592 1649 effata
1608 1611 1808 1649 declarant
1829 1610 1894 1661 (7).
1911 1609 2023 1648 Alter
2044 1621 2138 1646 vero
2159 1607 2315 1645 Graeco-

1245 1685 1332 1710 rum
1364 1672 1450 1710 sine
1479 1670 1751 1710 controversia
1783 1670 1968 1722 princeps
2006 1668 2101 1707 belli
2128 1667 2317 1718 pacisque

1244 1729 1398 1770 artibus
1420 1730 1598 1780 magistri
1620 1729 1775 1768 decreta
1796 1729 1851 1768 ita
1881 1728 1934 1768 ad
1967 1727 2055 1766 vitae
2083 1739 2197 1765 usum
2219 1740 2315 1764 con-

1244 1787 1356 1835 tulit,
1390 1796 1434 1826 ut
1463 1788 1580 1827 simul
1614 1788 1900 1840 rempublicam
1939 1786 2055 1827 simul
2091 1798 2132 1824 se
2163 1793 2201 1823 et
2235 1798 2314 1823 ma·

1245 1847 1411 1897 gistrum
1438 1848 1657 1900 prudentiae
1688 1848 1808 1887 armis
1841 1856 2015 1887 tueretur
2036 1854 2152 1896 atque
2182 1844 2317 1883 desen-

1247 1906 1370 1947 deret.

1299 1966 1396 2005 Nam
1411 1980 1532 2019 quum
1551 1967 1645 2006 mali
1668 1981 1712 2006 ac
1730 1967 1911 2007 seditiosi
1933 1968 2040 2006 cives
2059 1964 2226 2004 Periclis
2247 1978 2316 2017 po-

1247 2094 1303 2123 γον
1317 2083 1457 2117 ἐποιεῖτο
1469 2083 1689 2127 Ἀναξαγόρας,
1699 2084 1838 2117 ἐντεῦθεν
1851 2084 1993 2116 εἵλκυσεν
2007 2083 2057 2115 ἐπὶ
2071 2083 2128 2120 τήν
2140 2084 2202 2113 τῶν
2215 2081 2319 2122 λόγων

1247 2131 1360 2173 τέχνην
1371 2133 1407 2165 τὸ
1420 2132 1597 2175 πρόσφορον
1613 2133 1704 2174 αὐτῇ.
1723 2132 1920 2164 Plutarchus
1942 2131 2058 2164 Pei-iel.
2078 2139 2149 2171 cap.
2171 2132 2188 2162 4
2207 2143 2216 2163 ι
2234 2130 2272 2163 Ὁ
2286 2131 2319 2162 δὲ

1247 2180 1384 2212 πλεῖστα
1411 2181 1559 2222 Περικλεῖ
1581 2179 1807 2221 συγγενόμενος
1830 2179 1884 2212 καὶ
1908 2179 2046 2221 μάλιστα
2069 2178 2203 2221 περιθεὶς
2223 2177 2320 2219 ὄγκον

1247 2226 1335 2270 αὐτῷ
1349 2229 1402 2260 καὶ
1419 2228 1562 2271 φρόνημα
1574 2228 1778 2268 δημαγωγίας
1795 2227 2043 2270 ἐμβριθέστερον,
2058 2226 2139 2263 ὅλως
2155 2237 2189 2258 τε
2206 2236 2322 2268 μετεω-

1248 2273 1337 2316 ρίσας
1358 2276 1413 2308 καὶ
1438 2275 1605 2317 ουνεξάρας
1625 2275 1661 2308 τὸ
1678 2275 1802 2317 ἀξίωμα
1826 2279 1882 2307 τοῦ
1907 2275 2000 2314 ἤθους
2018 2272 2223 2315 Ἀναξαγόρας
2244 2272 2282 2313 ἦν
2302 2275 2321 2305 ὁ

1251 2323 1477 2363 Κλαζομένιος,
1494 2323 1531 2356 ὃν
1553 2324 1582 2356 ot
1610 2321 1676 2355 τότ’
1698 2323 1855 2364 ἄνθρωποι
1876 2324 1960 2356 Νοῦν
1986 2321 2234 2365 προσηγόρευον,
2257 2321 2321 2354 εἶτε

1248 2370 1306 2407 τὴν
1323 2371 1450 2404 σύνεσιν
1466 2370 1564 2402 αὐτοῦ
1580 2369 1716 2411 μεγάλην
1731 2369 1774 2406 εἰς
1787 2367 1992 2409 φυσιολογίαν
2015 2368 2069 2400 καὶ
2091 2368 2235 2410 περιττὴν
2251 2367 2321 2399 δια-

1249 2421 1401 2459 φανεῖσαν
1425 2417 1658 2459 θαυμάσαντες,
1687 2415 1743 2449 εἷθ’
1765 2417 1812 2449 ὄτι
1837 2419 1901 2454 τοῖς
1919 2417 2001 2454 ὅλοις
2019 2419 2142 2458 πρῶτος
2156 2416 2193 2448 οὐ
2208 2415 2321 2457 τύχην,

1250 2465 1314 2498 οὐδ’
1332 2466 1484 2507 ἀνάγκην,
1508 2465 1750 2507 διακοσμήσεως
1776 2465 1888 2507 ἀρχήν,
1907 2465 1988 2497 ἀλλὰ
2002 2468 2074 2496 νοῦν
2091 2463 2246 2501 ἐπέστησε
2261 2475 2322 2495 κα-

1250 2513 1344 2557 θαρὸν
1356 2514 1411 2546 καὶ
1425 2514 1560 2556 ἄκρατον
1575 2513 1815 2555 ἐμμεμιγμένοις
1827 2515 1907 2544 πᾶσι
1920 2515 1984 2549 τοῖς
1995 2512 2098 2548 ἄλλοις
2113 2510 2321 2552 ἀποκρίνοντα

1248 2562 1303 2599 τὰς
1314 2562 1540 2605 ὁμοιομερείας.
1558 2561 1607 2594 ld.
1621 2570 1691 2602 cap.
1708 2565 1727 2593 5
1742 2570 1751 2592 :
1769 2563 1888 2593 Τοῦτον
1901 2562 2064 2602 ὑπερφυῶς
2077 2560 2130 2592 τὸν
2143 2560 2238 2601 ἄνδρα
2251 2561 2324 2591 θαυ-

1251 2611 1353 2653 μάσας
1375 2612 1392 2643 ὁ
1410 2611 1563 2653 Περικλῆς
1588 2610 1642 2641 καὶ
1663 2612 1718 2647 τῆς
1741 2610 1909 2651 λεγομένης
1927 2608 2174 2651 μετεωρολογίας
2197 2608 2253 2640 καὶ
2270 2619 2325 2649 με·

1249 2658 1490 2701 ταρσιολεσχίας
1503 2658 1784 2701 ὑποπιμπλάμενος
1794 2682 1804 2697 ,
1816 2659 1853 2692 οὐ
1868 2659 1962 2702 μόνον
1977 2661 2019 2696 ὡς
2034 2660 2115 2692 ἔοικε
2129 2659 2165 2691 τὸ
2182 2658 2324 2701 φρόνημα

1252 2707 1387 2749 σοὸαρόν
1401 2707 1455 2739 καὶ
1472 2707 1525 2739 τὸν
1543 2705 1636 2748 λόγον
1658 2706 1778 2748 ὑψηλὸν
1796 2706 1864 2749 εἶχε
1884 2708 1939 2740 καὶ
1961 2706 2102 2749 καθαρόν
2118 2706 2247 2748 ὀχλικῆς
2269 2706 2323 2738 καὶ

1251 2755 1428 2796 πανούργου
1443 2754 1663 2797 βωμολοχίας,
1682 2754 1760 2787 ἀλλὰ
1780 2756 1834 2788 καὶ
1854 2755 2030 2798 προσώπου
2048 2755 2204 2788 σύστασιν
2230 2755 2324 2796 ἄθρυ-

1251 2814 1329 2836 πτον
1345 2804 1388 2839 εἰς
1403 2803 1526 2844 γέλωτα
1538 2827 1547 2842 ,
1562 2803 1617 2835 καὶ
1633 2802 1796 2844 πρᾳότητα
1811 2803 1937 2844 πορείας
1952 2803 2005 2836 καὶ
2019 2803 2217 2841 καταστολὴν
2236 2813 2325 2844 περι-

1254 2850 1346 2888 δολῆς
1358 2850 1433 2891 πρὸς
1441 2850 1528 2883 οὐδὲν
1537 2850 1804 2892 ἐκταραττομένην
1814 2850 1912 2888 πάθος
1924 2851 1954 2883 ἐν
1964 2854 2010 2891 τῷ
2020 2850 2119 2891 λέγειν
2130 2850 2183 2882 καὶ
2191 2849 2324 2889 πλάσμα

1253 2901 1355 2938 φωνῆς
1369 2897 1519 2940 ἀθόρυὸον
1533 2898 1586 2930 καὶ
1600 2897 1663 2930 ὅσα
1673 2901 1805 2931 τοιαῦτα
1815 2897 1932 2935 πάντας
1947 2900 2135 2939 θαυμαστῶς
2147 2898 2323 2936 ἐξέπληττε,

1254 2944 1298 2976 ld.
1324 2953 1395 2986 cap.
1416 2950 1435 2978 6
1453 2955 1461 2977 ε
1482 2945 1530 2978 Οὐ
1551 2944 1645 2986 μόνον
1670 2945 1703 2978 δὲ
1726 2949 1825 2977 ταῦτα
1844 2949 1898 2983 τῆς
1924 2945 2130 2986 Ἀναξαγόρου
2156 2945 2325 2981 συνουσίας

1254 2992 1413 3025 ἀπέλαυσε
1430 2993 1602 3036 Περικλῆς,
1621 2993 1698 3025 ἀλλὰ
1722 2994 1775 3026 καὶ
1802 2993 2045 3035 δεισιδαιμονίας
2071 2994 2157 3025 δοκεῖ
2180 2993 2323 3033 γενέσθαι

1254 3039 1497 3082 καθυπέρτερος,
1515 3040 1576 3079 ὅση
1605 3039 1682 3082 πρὸς
1699 3040 1740 3073 τὰ
1770 3041 1912 3083 μετέωρα
1937 3040 2054 3082 θάμὸος
2083 3041 2240 3081 ἐργάζεται
2260 3043 2325 3075 τοῖς

1255 3087 1358 3120 αὐτῶν
1373 3098 1407 3120 τε
1419 3087 1539 3121 τούτων
1551 3088 1607 3125 τὰς
1620 3087 1722 3124 αἰτίας
1737 3087 1886 3129 ἀγνοοῦσι
1906 3089 1960 3120 καὶ
1979 3089 2047 3129 περὶ
2065 3088 2103 3120 τὰ
2131 3089 2198 3120 θεῖα
2216 3089 2326 3127 δαιμο-

1255 3135 1334 3165 νῶσι
1352 3133 1406 3165 καὶ
1419 3134 1656 3176 ταραττομένοις
1670 3133 1709 3166 δι’
1724 3134 1866 3176 ἀπειρίαν
1881 3135 1995 3167 αὐτῶν·
2009 3136 2046 3173 ἢν
2061 3136 2078 3167 ὁ
2091 3134 2220 3175 φυσικὸς
2235 3133 2326 3174 λόγος

1256 3180 1462 3214 ἀπαλλάττων
1479 3181 1547 3215 ἀντὶ
1560 3186 1614 3221 τῆς
1625 3182 1752 3225 φοὸερᾱς
1764 3183 1817 3215 καὶ
1827 3183 2072 3225 φλεγμαινούσης
2083 3180 2327 3222 δεισιδαιμονίας

1255 3229 1312 3267 τὴν
1328 3228 1451 3270 ἀσφαλῆ
1470 3229 1536 3271 μετ’
1553 3230 1687 3263 ἐλπίδων
1711 3230 1838 3271 ἀγαθῶν
1864 3230 2025 3262 εὐσέῧειαν
2044 3228 2247 3271 ἐνεργάζεται.
2273 3228 2325 3261 Cf.

1257 3276 1350 3309 Plato
1366 3277 1471 3309 Alcib.
1491 3278 1505 3310 1
1523 3287 1554 3318 p.
1580 3280 1649 3310 118.
1664 3286 1694 3309 c.
1715 3278 1948 3310 Demosthenes
1971 3278 2054 3310 orat.
2075 3277 2173 3309 amat.
2194 3284 2224 3316 p.
2247 3277 2325 3307 1414

1256 3323 1309 3356 ed.
1331 3324 1453 3365 Reisk.;
1477 3324 1641 3358 Himerius
1666 3327 1747 3357 orat.
1770 3329 1822 3365 23,
1846 3327 1864 3358 4
1886 3335 1918 3366 p.
1943 3326 2005 3358 772
2024 3324 2076 3357 ed.
2102 3321 2324 3361 wernsdors.;

1257 3371 1415 3405 Themist.
1449 3382 1480 3414 p.
1510 3376 1570 3406 384
1599 3373 1651 3406 ed.
1683 3375 1811 3413 Petav.;
1835 3373 1899 3406 AEl.
1923 3372 2078 3406 Aristides
2104 3374 2184 3404 tom.
2210 3372 2256 3402 111
2291 3378 2322 3410 p.

1260 3422 1333 3452 218.

1302 3468 1347 3506 (7)
1373 3466 1446 3500 Vid.
1476 3467 1632 3500 Valcken.
1661 3467 1757 3500 diatr.
1779 3467 1810 3498 in
1843 3469 1919 3499 Eur.
1949 3467 2061 3507 fragm.
2092 3474 2162 3506 cap.
2180 3465 2209 3496 V
2230 3472 2262 3503 p,
2284 3463 2325 3496 ³4

1260 3522 1351 3555 seqq.
