2612 3814
322 322 396 356 390
1188 317 1371 357 OCELLI
1404 317 1597 359 LUCANI

317 396 489 447 δυνάμεις,
503 399 692 448 ταχυτῆτες
707 397 792 451 πρὸς
806 397 943 445 ἄλληλα
955 397 1014 436 καὶ
1032 398 1246 451 βραδυτῆτες
1257 427 1267 446 ,
1281 402 1359 452 ἀρι-

316 455 411 508 θμοί,
428 456 478 495 ἔτι
490 455 525 495 δὲ
545 456 602 495 καὶ
616 456 750 509 χρόνων
764 456 931 511 περίοδοι·
947 456 1062 495 πάντα
1076 456 1142 510 γὰρ
1155 457 1199 496 τὰ
1214 461 1359 495 τοιαῦτα

317 514 518 565 μεταὸολὴν
532 514 591 553 καὶ
606 514 747 566 μείωσιν
765 514 1061 568 ἐπιδέχεταικατὰ
1077 514 1140 562 τὴν
1149 518 1208 562 τῆς
1222 517 1361 566 γενετῆς

315 574 447 627 φύσεως
461 573 610 619 διέξοδον
623 589 631 598 ·
646 577 689 628 τῇ
713 574 776 624 μὲν
794 574 863 627 γὰρ
878 577 974 627 ἀκμῇ
996 575 1052 613 διὰ
1071 573 1135 621 τὴν
1155 573 1301 623 δύναμιν
1317 573 1360 611 τὰ

319 633 459 680 μείζονα
480 632 599 672 καὶτὰ
621 633 780 685 βελτίονα
799 633 1015 685 παρέπεται,
1032 635 1075 685 τῇ
1102 632 1138 671 δὲ
1161 631 1272 684 φθίσει
1304 632 1360 671 διὰ

314 690 379 739 τὴν
399 690 577 730 ἀσθένειαν
591 690 635 729 τὰ
657 691 776 742 μείονα
796 690 856 729 καὶ
872 690 916 729 τὰ
934 690 1091 744 χείρονα.
1112 692 1134 741 §
1159 698 1197 731 6.
1216 691 1360 742 (vulgo

318 751 381 803 5.)
397 751 450 791 Τὸ
479 750 515 789 δέ
540 766 579 802 γε
600 749 678 789 ὅλον
704 750 763 789 καὶ
792 750 832 789 τὸ
853 756 924 788 πᾶν
948 749 1046 789 οὐδὲν
1082 753 1164 800 ἡμῖν
1193 749 1226 794 ἐξ
1255 752 1360 789 αὑτοῦ

314 810 508 863 παρέχεται
539 809 728 863 τεκμήριον
761 812 940 848 τοιοῦτον·
969 808 1047 848 οὔτε
1082 809 1150 862 γὰρ
1176 808 1360 860 γενόμενον

315 869 402 908 αὐτὸ
418 868 553 919 εἴδομεν
567 898 577 916 ,
592 869 669 908 οὔτε
700 867 768 919 μὴν
788 868 845 907 ἐπὶ
872 867 911 906 τὸ
933 867 1068 921 βέλτιον
1097 867 1157 906 καὶ
1176 868 1216 906 τὸ
1244 868 1360 919 μεῖζον

316 928 538 980 μεταὸάλλον
551 959 560 977 ,
575 928 652 967 οὔτε
666 927 783 981 χεῖρόν
798 942 881 966 ποτε
895 926 918 974 ἢ
940 929 1036 977 μεῖον
1054 926 1237 979 γενόμενον
1252 956 1263 978 ,
1282 928 1359 966 ἀλλ’

315 988 369 1027 ἀεὶ
388 987 478 1026 κατὰ
512 987 619 1026 ταύτὸ
646 987 707 1026 καὶ
730 986 898 1031 ὡσαύτως
918 986 1090 1034 διατελεῖ,
1111 986 1173 1025 καὶ
1200 985 1274 1024 ἴσον
1300 986 1360 1024 καὶ

313 1045 432 1097 ὅμοιον
450 1046 534 1085 αὐτὸ
560 1047 700 1084 ἑαυτοῦ.
728 1047 750 1096 S
771 1053 807 1085 7.
845 1044 899 1085 Τὸ
916 1044 953 1084 δέ
970 1061 1010 1098 γε
1039 1045 1118 1085 δ’Λον
1139 1046 1200 1086 καὶ
1231 1047 1271 1087 τὸ
1290 1053 1360 1086 πᾶν

313 1104 472 1154 ὀνομάζω
489 1104 547 1142 τὸν
564 1102 751 1155 σύμπαντα
767 1102 898 1156 κόσμον
911 1119 920 1129 ·
940 1104 984 1144 δι’
1000 1105 1083 1144 αὐτὸ
1097 1103 1165 1158 γὰρ
1181 1108 1283 1145 τοῦτο
1299 1106 1359 1145 καὶ

311 1165 373 1210 τ’ἧς
390 1162 624 1216 προσηγορίας
644 1162 746 1216 ἔτυχε
773 1163 928 1215 ταύτης,
947 1164 988 1203 ἐκ
1012 1166 1082 1204 τῶν
1103 1163 1266 1204 ἁπάντων
1280 1166 1359 1204 δια-

312 1222 518 1272 κοσμηθείς·
535 1222 701 1275 σύστημα
724 1223 792 1277 γάρ
812 1225 885 1263 ἐστι
899 1226 969 1264 τῶν
989 1222 1079 1263 ὅλων
1099 1224 1236 1278 φύσεων
1255 1226 1359 1264 αὖτο-

310 1281 407 1326 τελὲς
426 1281 485 1319 καὶ
505 1281 655 1320 τέλειον·
674 1282 773 1327 ἐκτὸς
797 1282 865 1336 γὰρ
882 1286 944 1322 τοῦ
963 1283 1091 1328 παντὸς
1104 1283 1202 1323 οὐδέν
1216 1299 1225 1309 ·
1249 1285 1279 1322 εἷ
1292 1284 1359 1336 γάρ

310 1339 345 1379 τί
365 1342 479 1389 ἐστιν,
508 1343 542 1381 ἐν
565 1343 616 1395 τῷ
649 1342 756 1382 παντί
784 1344 879 1393 ἔστι,
913 1343 974 1383 καὶ
995 1342 1056 1383 σὺν
1089 1343 1201 1397 τούτῳ
1221 1344 1260 1383 τὸ
1288 1350 1358 1382 πᾶν

310 1398 426 1438 πάντα
447 1399 520 1452 ἔχει
533 1432 543 1451 ,
562 1400 605 1439 τὰ
627 1400 690 1452 μὲν
704 1403 750 1445 ὡς
770 1397 883 1455 μέρη,
897 1402 942 1442 τὰ
964 1402 999 1442 δὲ
1018 1404 1063 1447 ὡς
1083 1402 1358 1455 ἐπιγεννήματα.

311 1459 333 1509 §
359 1464 395 1497 8.
417 1459 474 1498 Τὰ
507 1459 570 1510 μὲν
590 1454 647 1499 οῧν
670 1461 951 1514 ἐμπεριεχόμενα
971 1464 1021 1513 τῷ
1049 1461 1173 1515 κόσμῳ
1199 1462 1284 1514 πρὸς
1302 1461 1360 1501 τὸν

311 1516 443 1568 κόσμον
465 1518 539 1571 ἔχει
559 1518 622 1566 τὴν
642 1521 887 1574 συναρμογήν,
911 1522 930 1559 ὁ
958 1520 994 1559 δὲ
1011 1520 1141 1572 κόσμος
1163 1521 1248 1574 πρὸς
1265 1520 1360 1559 οὐδὲν

310 1577 446 1630 ἕτερον,
464 1580 543 1617 ἀλλ’
558 1578 657 1623 αῧτὸς
671 1579 757 1633 πρὸς
776 1579 878 1620 αὑτόν
892 1595 900 1604 ·
916 1579 961 1619 τὰ
977 1579 1039 1630 μὲν
1055 1580 1122 1632 γὰρ
1139 1580 1228 1619 ἄλλα
1244 1579 1360 1618 πάντα

307 1705 430 1738 addidit
455 1706 626 1739 Battaesius
650 1715 669 1738 e
694 1707 798 1740 tribus
823 1707 916 1740 codd.
947 1710 1033 1741 Parr.
1080 1708 1196 1741 lisdem
1226 1708 1360 1741 vocibus

307 1751 477 1784 articulum
495 1751 681 1792 adjecerunt
696 1753 867 1787 Vizzanius
882 1757 914 1787 et
935 1754 1134 1796 Rudolphus,
1157 1754 1271 1795 reliqui
1288 1755 1357 1787 edi·

307 1801 393 1832 tores
422 1799 540 1832 habent
567 1799 721 1841 quidem,
750 1801 805 1834 sed
835 1801 1011 1835 inclusum.
1054 1802 1134 1835 Mihi
1160 1802 1358 1835 omittendus

307 1846 447 1879 videtur.

349 1894 769 1938 ταχυτῆτες-βραδυτῆτες]
790 1896 843 1929 Sic
870 1896 943 1929 cod.
970 1896 1042 1929 Par.
1061 1898 1112 1937 B.;
1133 1896 1187 1929 sed
1209 1898 1244 1929 G.
1261 1896 1360 1930 hahet

306 1941 474 1982 ταχύτητες
490 1942 521 1972 et
539 1941 737 1983 βραδύτητες,
755 1943 844 1984 quod
869 1952 982 1976 omnes
997 1943 1135 1976 editores
1156 1946 1356 1984 receperunt.

307 1989 349 2020 At
365 1989 491 2021 veteres
517 1990 642 2021 constat
664 1989 783 2023 dixisse
811 1991 949 2033 ταχυτής
967 1992 999 2024 et
1021 1991 1183 2032 βραδυτής,
1207 1991 1358 2023 recentio-

308 2043 357 2068 res
376 2035 511 2076 ταχύτης
527 2037 559 2068 et
575 2037 739 2077 βραδύτης.
764 2038 854 2071 Prius
870 2038 967 2080 igitur
990 2038 1205 2079 probandum.

347 2082 482 2123 ἀριθμοί,
504 2082 606 2124 ἔτιδὲ]
622 2083 715 2116 codd.
730 2084 810 2118 tres.
826 2087 915 2118 Parr.
941 2085 1063 2127 ἀριθμοὶ
1083 2084 1137 2117 οὖν
1151 2111 1160 2126 ,
1185 2085 1358 2118 Vaticanus

307 2129 386 2162 alter
403 2129 480 2162 item
496 2129 618 2172 ἀριθμοὶ
633 2130 697 2167 οὖν,
708 2131 788 2164 alter
800 2131 922 2174 ἀριθμοὶ
942 2131 993 2166 αὖ.
1027 2132 1132 2174 Vulgo
1157 2131 1274 2173 legitur
1290 2132 1357 2174 ἀρι-

308 2177 378 2217 θμοὶ
394 2179 486 2217 γοῦν;
501 2176 558 2208 sed
577 2186 688 2210 sensus
707 2178 850 2219 postulat
866 2178 899 2210 id
926 2178 1012 2220 quod
1029 2178 1185 2220 Nogarola
1202 2179 1358 2221 expressit

305 2225 487 2264 praeterea.
507 2225 620 2264 ltaque
643 2224 687 2257 ἔτι
704 2225 737 2257 δὲ
756 2225 921 2258 contextui
935 2225 1066 2258 inserui.

346 2270 475 2310 γενητῆς
502 2271 622 2312 φύσεως
638 2271 782 2314 διέξοδον]
804 2272 878 2305 cod.
896 2274 971 2305 Par.
985 2275 1038 2313 A.;
1059 2273 1173 2314 reliqui
1198 2273 1270 2306 libri
1290 2284 1357 2315 γεν-

306 2322 408 2357 νητῆς.
451 2318 595 2351 Verbum
612 2320 742 2357 διέξοδος
755 2320 796 2352 ab
810 2320 871 2352 hoc
883 2319 1088 2361 scriptorede
1109 2320 1260 2354 universo
1280 2322 1356 2352 vitae

306 2365 464 2398 curriculo
480 2365 632 2407 omnique
649 2366 719 2407 ejus
736 2367 955 2400 vicissitudine
970 2367 1010 2400 ab
1023 2368 1095 2400 ortu
1110 2377 1213 2409 usque
1226 2367 1266 2400 ad
1283 2367 1354 2400 obi-

306 2413 375 2443 tum
412 2412 548 2452 dicitur;
577 2413 628 2445 cui
649 2413 770 2445 notioni
796 2414 1015 2455 exprimendae
1042 2423 1106 2447 non
1134 2416 1212 2447 satis
1241 2416 1353 2456 aptum

307 2458 501 2491 vocabulum
530 2460 562 2491 in
588 2460 686 2492 latino
713 2469 860 2493 sermone
881 2463 1033 2503 reperias.
1080 2462 1239 2500 Quamvis
1269 2462 1354 2496 enim

306 2506 438 2542 διέξοδον
455 2505 615 2538 interdum
631 2509 712 2539 vicae
721 2507 903 2541 decursum
925 2510 1011 2541 recte
1021 2509 1179 2551 appelles,
1196 2517 1260 2550 qua
1277 2517 1357 2541 voce

306 2552 444 2584 nominis
464 2553 552 2593 origo
579 2554 770 2595 explicatur,
791 2556 901 2588 tamen
924 2556 1113 2597 plerumque
1132 2555 1224 2589 aliter
1246 2555 1355 2588 dicen-

306 2598 384 2630 dum
404 2602 464 2631 est.
508 2600 726 2638 Quamobrem
742 2610 799 2642 pro
821 2602 882 2635 loci
909 2603 1024 2636 natura
1041 2603 1167 2636 diverse
1185 2603 1246 2635 hoc
1258 2611 1354 2634 voca-

307 2645 420 2677 bulum
446 2646 589 2679 converti
612 2650 669 2679 aut
691 2648 939 2682 vicissitudinis
956 2659 1074 2683 nomen
1105 2649 1253 2691 usurpari
1276 2658 1355 2681 con-

307 2692 405 2725 venit.

350 2740 401 2770 καὶ
421 2740 460 2771 τὰ
481 2739 617 2782 χείρονα]
633 2741 673 2773 τὰ
689 2741 845 2775 omissum
865 2746 914 2776 est
931 2743 964 2776 in
982 2743 1077 2777 codd.
1094 2746 1186 2777 Parr.
1208 2747 1246 2776 A.
1267 2745 1297 2776 et
1316 2745 1353 2777 G.

307 2786 403 2826 atque
421 2786 452 2818 iu
470 2787 661 2820 Commelini
683 2789 716 2820 et
731 2789 871 2821 Battaesii
888 2789 1092 2832 editionibus,
1115 2791 1228 2832 legitur
1247 2792 1354 2823 autem

308 2833 339 2864 in
354 2833 425 2865 cod.
447 2833 484 2865 B.
502 2833 582 2865 cod.
599 2836 634 2866 Α.
655 2834 752 2868 habet
766 2836 916 2878 χερείονα.

326 2918 328 2920 q
348 2879 379 2921 §.
397 2884 430 2912 6.
446 2880 482 2911 τὸ
502 2880 535 2912 δέ
558 2891 594 2921 γε
610 2880 693 2922 ὅλον]
706 2883 798 2915 Hanc
815 2885 1047 2925 paragraphum
1073 2884 1167 2917 asseri
1196 2885 1355 2918 Patricius

309 2927 393 2959 Disc.
417 2927 519 2967 Perip.
538 2929 576 2959 Τ.
592 2930 623 2960 11
640 2929 695 2961 lib.
716 2931 763 2962 VI
781 2939 813 2971 p.
829 2933 900 2970 279,
917 2931 991 2971 legit
1007 2935 1113 2964 autem
1130 2933 1166 2965 τὸ
1181 2933 1208 2964 δ’
1222 2933 1304 2966 ὅλον.

349 2973 379 3009 ἐξ
389 2972 497 3014 αὑτοῦ]
518 2982 574 3013 pro
594 2973 623 3009 ἐξ
640 2973 734 3007 αὐτοῦ
749 2978 832 3007 recte
846 2977 1162 3018 posuitRudolphus.

349 3020 420 3051 οὔτε
434 3020 493 3060 μὴν
505 3020 554 3052 ἐπὶ
569 3020 605 3053 τὸ
623 3021 741 3062 βελτιον
754 3040 794 3048 --
809 3026 893 3062 μεῖον
909 3024 1085 3066 γενόμενον]
1097 3025 1266 3058 Vizzanius
1279 3034 1353 3058 cum

308 3066 403 3098 codd.
424 3069 512 3099 vatt.
534 3067 604 3100 οὔτε
630 3068 689 3109 μὴν
709 3069 758 3100 ἐπὶ
779 3069 898 3110 βέλτιον
914 3071 1015 3103 καὶτὸ
1035 3075 1138 3113 χεῖρον
1153 3072 1353 3114 μεταὸά).λον,

308 3113 379 3145 οὗτε
407 3116 508 3154 μεῖζον
545 3114 621 3146 ποτὲ
639 3115 659 3153 ἢ
683 3118 768 3156 μεῖον
784 3116 957 3157 γενόμενον.
983 3118 1088 3150 Editio
1119 3119 1350 3152 Lovaniensis:

308 3161 379 3193 οὗτε
393 3161 446 3202 μὲν
462 3162 492 3194 ἐ.
511 3162 546 3193 τὸ
565 3163 685 3203 βέλτιον
699 3174 730 3194 κ.
753 3174 783 3195 τ.
803 3166 905 3205 μεῖζον
927 3176 994 3206 μετ.
1021 3165 1092 3197 οὔτε
1112 3169 1213 3207 μεῖζον
1234 3167 1312 3199 ποτὲ
1333 3168 1353 3206 ἡ

309 3222 343 3251 μ.
368 3221 414 3250 γ.,
437 3210 472 3242 ut
490 3213 592 3251 μεῖζον
613 3209 661 3242 bis
677 3209 814 3251 legatur,
844 3215 946 3254 χεῖρον
966 3213 1145 3245 omittatur.
1189 3215 1354 3255 Expressit

309 3256 370 3289 hoc
385 3257 585 3289 Christianus
601 3270 609 3289 ι
626 3265 735 3300 neque
750 3260 785 3290 in
803 3259 928 3291 melius
939 3260 1078 3302 quidem
1097 3262 1130 3293 et
1145 3261 1260 3302 majus
1274 3270 1351 3294 mu-

308 3304 392 3343 tari,
415 3311 524 3344 neque
550 3302 664 3343 majus
685 3312 842 3346 unquam
860 3308 924 3338 auc
951 3308 1068 3338 minus
1091 3306 1176 3342 fieri.
1219 3308 1257 3339 In
1278 3308 1351 3340 Par.

307 3352 347 3382 A.
361 3353 411 3382 est
426 3350 496 3382 οὔτε
518 3350 577 3390 μὴν
594 3350 644 3382 ἐπὶ
656 3351 691 3383 τὸ
714 3352 833 3392 βέλτιον
851 3353 904 3384 καὶ
924 3353 959 3384 τὸ
981 3355 1066 3394 μεῖον
1083 3354 1269 3395 μεταὸάλλον
1283 3355 1354 3387 οὔτε

309 3399 410 3438 μεῖζον
432 3397 508 3429 ποτὲ
529 3398 550 3436 ἢ
573 3400 659 3439 μεῖον
686 3398 879 3440 γιγνόμενον.
924 3401 962 3432 ln
991 3401 1027 3432 Β.
1047 3399 1161 3440 legitur
1178 3405 1280 3443 χεῖρον
1298 3411 1354 3442 pro

308 3446 410 3484 μεῖζον
429 3447 462 3477 et
483 3447 585 3485 μεῖζον
602 3454 659 3486 pro
677 3448 792 3488 χεῖρον,
810 3449 964 3487 praeterea
979 3447 1158 3488 γινόμενονς
1173 3449 1205 3480 in
1223 3451 1293 3482 Par.
1314 3450 1351 3482 C.

309 3491 411 3531 μεῖζόν
431 3503 507 3524 ποτε
532 3501 587 3533 pro
603 3493 706 3535 χεῖρόν
729 3504 815 3526 ποτε.
861 3496 927 3535 Ego
949 3503 1022 3527 cum
1039 3495 1211 3536 Rudolpho
1227 3499 1354 3528 secutus

309 3545 381 3569 sum
409 3538 575 3572 lectionem
604 3541 790 3581 Not-garoue,
824 3541 1035 3582 Commelini‚
1058 3543 1164 3584 Galei,
1198 3544 1350 3584 Battoesii‚

1421 400 1488 439 tes,
1508 401 1657 433 motuum
1675 402 1723 435 vel
1749 403 1893 437 celeritas
1907 405 1956 438 vel
1982 405 2115 439 tarditas
2131 415 2308 448 eorumque
2320 395 2470 442 inter‘se

1420 460 1637 500 comparatio,
1673 462 1801 494 numeri
1833 465 1986 504 praeterea
2021 473 2059 497 ac
2089 466 2272 506 tempormn
2307 466 2475 509 ambitum

1419 517 1575 558 eJusmodi
1598 518 1685 551 enim
1712 520 1820 553 omnia
1839 530 1897 564 pro
1918 524 2080 564 generatoe
2102 527 2227 557 naturae
2256 525 2480 560 vicissitudine

1420 579 1589 610 mutantur
1601 579 1634 612 et
1646 578 1836 614 decrescunt
1850 589 1859 610 τ
1874 590 1948 615 nam
1965 591 2039 615 cum
2057 583 2242 617 maturitate
2258 593 2296 617 ac
2309 584 2388 618 flore
2401 593 2476 627 pro-

1420 639 1490 678 pter
1512 638 1612 670 robur
1636 638 1756 680 maiora
1773 643 1806 672 et
1828 641 1962 674 meliora
1979 642 2152 683 conjuncta
2170 645 2266 685 sunt,
2285 652 2360 676 cum
2386 651 2478 677 sene-

1422 696 1545 729 scentis
1557 697 1702 738 eorporis
1717 700 1803 731 statu
1820 700 2073 741 proptervirium
2087 701 2338 736 imbecillitatem
2350 702 2474 736 minore

1420 764 1458 788 ac
1477 755 1646 789 deteriora.
1661 756 1680 799 §
1698 761 1730 790 o.
1741 758 2029 793 verumenimvero
2041 760 2103 793 boc
2116 761 2300 795 universum
2316 764 2348 795 et
2364 769 2478 795 rerum

1421 816 1546 848 naturae
1566 824 1685 858 corpus
1707 816 1833 850 nullum
1855 826 1896 850 ex
1927 826 1963 852 se
1986 819 2080 852 nobis
2103 819 2288 861 huiusmodi
2309 820 2474 865 'indicium

1422 875 1555 917 proebet.
1602 877 1714 918 Neque
1733 876 1819 909 enim
1844 877 1922 910 oriri
1940 877 2020 910 illud
2040 878 2183 912 vidimus
2195 902 2205 919 ‚
2228 888 2334 921 neque
2351 880 2384 913 in
2403 888 2473 914 me·

1421 935 1482 967 lius
1499 936 1531 968 et
1555 935 1660 976 majus
1680 936 1821 978 mutari,
1843 945 1948 978 neque
1964 936 2107 970 deterius
2125 946 2268 979 unquam
2289 939 2348 972 aut
2366 938 2478 972 minus

1420 994 1574 1035 evadere,
1596 994 1653 1027 sed
1673 994 1787 1028 eodem
1811 1004 1937 1037 semper
1962 997 2047 1029 statu
2063 995 2244 1038 eademque
2263 997 2388 1031 ratione
2405 1003 2479 1040 per·

1421 1056 1529 1087 manet
1544 1054 1669 1096 sibique
1689 1064 1745 1096 par
1771 1056 1803 1088 et
1827 1055 1879 1088 sui
1904 1055 2009 1088 simile
2024 1057 2084 1088 est.
2099 1055 2120 1098 §
2134 1059 2166 1090 7.
2183 1057 2224 1090 At
2243 1056 2345 1091 totius
2365 1065 2478 1091 rerum

1421 1114 1582 1154 compagis
1604 1115 1637 1146 et
1669 1114 1890 1147 universitatis
1921 1114 2053 1147 nomine
2072 1117 2177 1148 totum
2202 1115 2288 1149 hunc
2316 1115 2478 1151 mundum

1408 1167 1547 1215 'appello
1567 1181 1575 1202 ε
1599 1182 1673 1206 nam
1690 1173 1731 1206 ab
1750 1182 1789 1206 eo
1810 1173 1899 1215 quod
1915 1182 1957 1207 ex
1982 1174 2135 1207 omnibus
2157 1174 2357 1217 compositus
2376 1175 2467 1210 ordi·

1421 1234 1582 1275 natusque
1599 1235 1648 1266 est
1663 1232 1725 1265 hoc
1738 1233 1844 1275 ipsum
1861 1242 1979 1267 nomen
1993 1233 2127 1267 invenit.
2171 1234 2300 1277 Quippe
2312 1234 2475 1277 periectos

1420 1292 1552 1334 quidam
1571 1294 1603 1325 et
1621 1291 1791 1325 absolutus
1807 1294 1998 1325 naturarum
2014 1293 2159 1326 omnium
2175 1293 2281 1327 ooetus
2296 1294 2363 1335 αἱς
2380 1293 2476 1327 nimi·

1421 1360 1494 1384 rum
1508 1351 1588 1384 nihil
1601 1352 1692 1384 extra
1706 1360 1813 1384 rerum
1829 1351 2073 1385 universitatem
2090 1353 2206 1386 exstat.
2249 1351 2373 1395 Siquid
2387 1352 2477 1386 enim

1420 1411 1490 1452 est,
1507 1410 1541 1443 in
1560 1410 1711 1444 universo
1730 1410 1890 1452 reperitur
1910 1411 1943 1444 et
1965 1419 2039 1444 cum
2068 1411 2131 1444 hoc
2159 1412 2350 1445 universum
2365 1411 2476 1446 omnia

1422 1471 1520 1504 habet
1536 1470 1588 1504 vel
1617 1471 1654 1504 ut
1673 1472 1781 1512 partes
1798 1471 1852 1503 vel
1872 1471 1974 1504 utres
1998 1471 2202 1505 adventitias.
2225 1471 2246 1514 ς
2261 1475 2292 1505 8.
2311 1472 2418 1514 Atque
2437 1481 2477 1505 ea

1421 1530 1569 1572 quidem,
1589 1539 1663 1572 quae
1676 1529 1817 1562 mundus
1829 1530 2070 1571 complectitur,
2087 1539 2163 1563 cum
2179 1530 2313 1572 mundo,
2329 1531 2476 1564 mundus

1422 1599 1497 1623 vero
1517 1598 1592 1622 cum
1608 1589 1695 1622 nulla
1713 1588 1774 1621 alia
1797 1598 1831 1622 re
1850 1598 1949 1630 quam
1967 1598 2041 1622 cum
2065 1598 2101 1623 se
2117 1590 2186 1631 ipso
2202 1589 2397 1631 coniunctus
2411 1593 2473 1624 est.

1426 1707 1575 1748 aliorum,
1596 1706 1655 1738 nisi
1674 1706 1759 1748 quod
1788 1715 1845 1747 pro
1864 1706 1935 1738 οὔτε
1959 1706 2012 1746 μὲν
2028 1715 2045 1738 e
2071 1706 2165 1739 codd.
2191 1707 2377 1750 scripsimus
2401 1709 2474 1742 οὗτε

1400 1788 1402 1790 ,
1424 1756 1495 1796 μήν.

1463 1802 1545 1834 κατὰ
1559 1800 1667 1843 ταύτὸ]
1687 1800 1782 1833 codd.
1800 1803 1863 1832 tres
1882 1801 1987 1839 Parr.;
2000 1801 2037 1832 τὸ
2054 1800 2129 1834 αὐτὸ
2148 1802 2352 1842 Dargensius.

1463 1851 1533 1881 ἴσον
1557 1850 1611 1881 καὶ
1631 1849 1738 1889 ὅμοιον
1763 1848 1838 1880 αὐτὸ
1852 1847 1976 1890 ἑαυτοῦ]
2002 1850 2020 1880 J
2026 1852 2161 1881 unctura
2175 1849 2245 1882 ἶσον
2263 1849 2376 1894 (vulgo
2388 1850 2472 1892 ἴσον)

1420 1896 1473 1927 καὶ
1502 1896 1610 1936 ὅμοιον
1626 1896 1701 1928 αὐτὸ
1720 1897 1843 1936 ἑαυτοῦ,
1877 1904 1952 1937 qnoe
1969 1898 2073 1928 exstat
2088 1896 2120 1928 in
2142 1895 2252 1937 codd„
2274 1896 2411 1930 fortasse
2431 1897 2475 1930 ab

1423 1944 1555 1984 antiqua
1571 1944 1736 1984 graecitate
1755 1953 1884 1984 prorsus
1899 1944 2069 1976 abhorrere
2091 1944 2261 1978 videbatur
2282 1945 2471 1988 Rudolpho,

1423 1991 1476 2031 qni
1501 1993 1602 2034 ἑαυτῷ
1628 1991 1834 2024 scribendum
1861 1990 2007 2031 conjecit.
2053 1993 2134 2024 Nam
2153 1992 2344 2026 recentiores
2367 1994 2474 2028 Graeci

1422 2046 1488 2078 quo
1504 2039 1648 2078 tempore
1668 2037 1899 2078 infrequentior
1924 2045 1994 2069 esse
2015 2038 2108 2079 coepit
2135 2037 2263 2071 dativus
2275 2063 2284 2077 ,
2299 2039 2396 2072 modo
2414 2049 2472 2083 pa-

1419 2084 1532 2124 trium,
1551 2084 1648 2116 modo
1663 2083 1835 2116 accusandi
1847 2092 1956 2116 casum
1973 2083 2005 2116 in
2022 2084 2208 2125 ejustocum
2225 2085 2472 2120 substituerunt.

1420 2133 1494 2164 Vid.
1510 2132 1620 2165 corais
1640 2132 1764 2166 Ἄτακτ.
1780 2133 1795 2164 1
1810 2141 1842 2172 p.
1862 2134 1921 2164 108
1935 2133 1967 2164 et
1983 2140 2042 2164 nos
2060 2131 2100 2164 ad
2116 2133 2258 2165 Demetr.
2275 2134 2352 2166 zen.
2371 2142 2404 2175 p.
2417 2136 2472 2168 42.

1420 2179 1482 2211 Sed
1502 2179 1533 2211 in
1551 2179 1612 2211 hac
1627 2178 1790 2211 locutione
1801 2178 1972 2218 genitivus,
1994 2178 2069 2211 licet
2084 2187 2176 2212 rarus
2191 2179 2245 2220 sit,
2269 2179 2347 2212 nihil
2363 2181 2472 2213 tamen

1419 2227 1516 2259 habet
1526 2226 1722 2259 offensionis.
1742 2225 1893 2258 Similiter
1909 2225 2056 2267 Xenopli.
2071 2226 2174 2259 Anah.
2189 2227 2245 2267 tv,
2261 2228 2292 2268 1,
2310 2229 2346 2261 17
2362 2239 2371 2260 ε
2387 2229 2472 2261 ὥστε

1418 2276 1438 2313 ἡ
1452 2274 1562 2316 πορεία
1577 2273 1671 2314 ὁμοία
1689 2277 1784 2314 φυγῆς
1800 2273 1948 2312 ἐγίγνετο.

1460 2321 1479 2363 §
1502 2325 1533 2354 7.
1554 2321 1590 2354 τὸ
1604 2322 1637 2353 δέ
1649 2331 1683 2361 γε
1692 2319 1776 2361 ὅλον]
1793 2320 1880 2352 Vizz.
1895 2328 1960 2352 om.
1974 2331 2020 2360 γε.

1462 2367 1501 2400 δι’
1522 2368 1597 2400 αὐτὸ
1616 2367 1674 2409 γὰρ
1700 2366 1804 2408 τοῦτο]
1823 2368 1873 2399 Sic
1899 2366 1994 2398 codd.
2015 2367 2103 2399 vait.
2129 2368 2163 2399 et
2187 2367 2260 2400 Par.
2278 2369 2331 2407 B.;
2354 2367 2410 2400 sed
2430 2372 2468 2402 A.

1422 2415 1518 2447 habet
1531 2415 1570 2446 δι’
1586 2415 1661 2447 αὐτὸ
1674 2418 1748 2455 γοῦν
1764 2418 1867 2446 τοῦτο.
1895 2415 1931 2445 ln
1946 2414 2078 2454 reliquis
2097 2412 2186 2445 libris
2198 2415 2249 2446 est
2264 2415 2317 2446 διὰ
2328 2414 2388 2457 γὰρ
2399 2419 2473 2447 τοῦ·

1418 2473 1466 2494 το.
1509 2463 1545 2493 1η
1564 2463 1634 2494 Par.
1654 2463 1690 2494 B.
1707 2462 1859 2502 praeterea
1878 2460 1961 2492 male
1982 2460 2098 2500 legitur
2125 2460 2218 2502 ἔτυχε
2228 2461 2342 2499 ταύτης
2368 2461 2472 2494 αὐτῶν

1420 2508 1575 2541 ἁπάντων.

1459 2554 1688 2597 διακοσμηθεὶς]
1718 2554 1791 2594 cod.
1813 2556 1889 2590 vat,
1915 2555 1999 2587 teste
2028 2554 2264 2587 Siebenkeesio.
2309 2554 2416 2597 vulgo
2431 2556 2470 2595 δὴ

1417 2614 1478 2635 κοσ
1502 2603 1594 2641 ηθείς.
1993 2642 1996 2645 ¹

1461 2615 1526 2682 {gn
1552 2654 1614 2682 τῶν
1630 2650 1711 2682 ὅλων
1728 2647 1863 2690 φύσεων]
1882 2650 1929 2681 lta
1947 2647 2046 2681 editio
2070 2647 2288 2690 Lovaniensis,
2317 2650 2466 2683 Comme·

1418 2696 1517 2737 linus,
1533 2697 1712 2736 Battaesius,
1731 2696 1889 2728 Patricius
1902 2696 1985 2728 Disc.
2002 2696 2108 2737 Perip.
2122 2697 2159 2728 T.
2183 2697 2216 2728 11
2229 2693 2283 2728 tib.
2301 2697 2335 2729 11
2348 2705 2379 2738 p.
2392 2699 2464 2738 204,

1418 2745 1589 2786 Nogarola.
1636 2746 1757 2777 Contra
1776 2743 1849 2776 cod.
1875 2745 1949 2776 vat.
1977 2747 2031 2781 τῆς
2046 2746 2108 2775 τῶν
2124 2742 2206 2774 ὅλων
2224 2742 2356 2784 φύσεως.
2380 2743 2471 2776 Idem

1421 2792 1566 2834 praebent
1585 2791 1679 2824 codd.
1697 2793 1783 2824 Parr.
1808 2792 1845 2824 B.
1870 2792 1903 2824 et
1915 2793 1953 2824 G.
1975 2792 2014 2823 In
2033 2793 2068 2824 Α.
2082 2789 2198 2831 legitur
2221 2790 2288 2823 ἐστι
2307 2794 2372 2823 τῶν
2386 2790 2467 2823 ὅλων

1440 2851 1550 2877 υσεως.

1419 2852 1438 2881 φ
1461 2889 1487 2919 εἰ
1501 2888 1560 2929 γάρ
1574 2887 1603 2919 τί
1620 2887 1715 2926 ἐστιν,
1733 2886 1763 2917 ἐν
1777 2897 1804 2917 τ.
1822 2904 1863 2912 -
1877 2883 2116 2926 ἐπιγεννήματα]
2141 2886 2188 2916 lta
2213 2884 2321 2916 locum
2337 2884 2466 2918 Redol-

1420 2934 1504 2975 plius
1520 2934 1700 2974 conjectura
1721 2932 1870 2964 restituit.
1914 2932 2019 2972 vulgo
2042 2931 2089 2963 sic
2113 2930 2265 2963 scribitur
2282 2943 2291 2963 ε
2316 2931 2344 2963 εἴ
2359 2931 2420 2973 γάρ
2434 2931 2468 2964 τί

1417 2981 1515 3021 ἐσται,
1531 2982 1562 3013 ἐν
1577 2983 1622 3022 τῷ
1638 2980 1728 3012 παντί
1743 2980 1821 3019 ἐστι,
1836 2980 1887 3010 καὶ
1899 2979 1956 3011 σὺν
1973 2978 2073 3020 τούτῳ
2088 2978 2124 3010 τὸ
2137 2981 2210 3014 πᾶν,
2224 2978 2277 3009 καὶ
2291 2978 2349 3010 σὺν
2363 2979 2472 3020 τούτῳ

1416 3028 1453 3061 τὸ
1466 3027 1568 3061 πάντα
1583 3028 1678 3069 ἔχειν,
1691 3027 1731 3059 τὰ
1754 3026 1808 3067 μὲν
1823 3028 1865 3063 ὡς
1878 3026 1954 3068 μέρη
1975 3037 2006 3057 κ.
2021 3037 2050 3057 τ.
2070 3026 2104 3057 λ.
2152 3024 2309 3058 Patricius
2325 3025 2346 3057 Ι.
2364 3034 2394 3058 c.
2410 3025 2469 3058 lia—

1417 3077 1471 3110 bet
1492 3090 1500 3109 :
1522 3078 1548 3109 εἰ
1565 3076 1624 3118 γὰρ
1638 3075 1732 3114 ἐστὶν,
1744 3074 1775 3105 ἐν
1793 3075 1837 3113 τῷ
1850 3073 1940 3104 παντὶ
1957 3072 2053 3112 ἐστὶν,
2074 3071 2127 3102 καὶ
2144 3072 2200 3103 σὺν
2221 3071 2323 3113 τούτῳ
2335 3071 2372 3104 τὸ
2384 3075 2464 3104 πᾶν·

1418 3125 1471 3156 καὶ
1485 3124 1541 3156 σὺν
1553 3122 1655 3163 τούτῳ
1675 3121 1777 3153 πάντα
1790 3120 1854 3161 ἔχει
1870 3119 1909 3150 τὰ
1932 3119 1986 3160 μὲν
2002 3130 2032 3153 κ.
2052 3130 2081 3150 τ.
2101 3119 2135 3150 λ.

1459 3170 1478 3212 §
1498 3174 1527 3202 8.
1548 3170 1604 3209 τὴν
1617 3166 1826 3209 συναρμογήν]
1839 3167 1894 3203 τὴν
1907 3165 2017 3197 omiss.
2035 3165 2066 3196 iu
2083 3166 2157 3197 Par.
2181 3166 2220 3197 B.

1459 3217 1534 3258 πρὸς
1559 3215 1646 3248 οὐδὲν
1663 3213 1776 3256 ἕτερον]
1789 3214 1837 3245 Ita
1853 3214 1927 3245 Par.
1950 3213 2001 3251 B.;
2021 3211 2075 3243 sed
2094 3211 2177 3243 male
2196 3213 2283 3243 Parr.
2312 3213 2351 3244 Α.
2371 3211 2406 3244 et
2425 3213 2467 3244 0.

1417 3265 1492 3308 πρὸς
1505 3264 1614 3297 οὐδένα
1623 3263 1664 3295 ἔτ.
1678 3270 1751 3303 quae
1765 3260 1859 3294 tectio
1875 3259 1947 3292 etin
1961 3258 2147 3292 Lovaniensi
2161 3258 2334 3300 exemplari
2346 3259 2462 3292 exstat.

1461 3312 1536 3354 πρὸς
1557 3307 1663 3351 αὑτὸν]
1687 3307 1782 3341 codd.
1807 3309 1894 3339 Parr.
1917 3308 1955 3339 A.
1983 3309 2014 3338 et
2046 3307 2098 3346 B.;
2133 3305 2227 3338 codd.
2258 3307 2348 3338 vau.
2388 3305 2469 3347 πρὸς

1417 3357 1520 3389 αὐτόν.
1539 3355 1645 3396 vulgo
1661 3355 1735 3396 πρὸς
1748 3352 1868 3386 ἑαυτόν.

1459 3402 1524 3435 ἀλλ’
1536 3403 1636 3435 ἐπιδεῖ
1651 3399 1719 3442 τῆς]
1732 3399 1812 3432 cod.
1827 3400 1901 3431 Par.
1920 3399 1958 3430 C.
1978 3397 2023 3438 (et
2039 3397 2115 3430 edit.
2134 3397 2270 3437 Lovan.)
2282 3396 2349 3429 ἀλλ’
2366 3396 2468 3429 ἐπιδεῖ

1417 3451 1469 3482 καὶ
1485 3454 1552 3490 τῆς,
1567 3448 1622 3482 sed
1645 3450 1684 3481 A.
1697 3449 1730 3480 et
1744 3447 1781 3479 B.
1799 3445 1864 3478 ἀλλ’
1886 3445 1991 3483 ἐπειδὴ
2007 3445 2060 3477 καὶ
2085 3449 2151 3484 τῆς.
2195 3444 2276 3477 cod.
2297 3445 2374 3477 vat.
2391 3443 2462 3476 Sie-

1416 3497 1585 3529 benkeesio
1598 3497 1681 3528 teste
1698 3495 1804 3533 ἐπειδὴ
1834 3494 1994 3526 ἐπιδεῖται.
2018 3493 2252 3531 commetinuS,
2279 3490 2464 3530 Vizzauius,

1418 3545 1545 3584 Galeus,
1564 3543 1615 3576 alii
1629 3543 1673 3575 ἔτι
1687 3543 1782 3575 δεῖται
1797 3545 1863 3580 τῆς.
1908 3541 2081 3574 Battaesius
2092 3540 2157 3572 ἀλλ’
2171 3540 2334 3578 ἑπιδεῖτῆς
2347 3537 2467 3571 omisso
