2612 3814
292 186 2428 323 ffifflmfflfflffieffifflfflffimffifflfflss
2463 180 2482 186 '⁵
2535 250 2542 310 5
2582 275 2586 332 ,ς

1052 410 1178 485 DE
1241 401 1669 481 ZENONE.

342 746 446 785 Zeno
465 743 611 782 Eleates
625 739 691 791 (ι),
711 751 823 790 quem
846 733 1108 788 Apollodorus
1123 730 1224 781 apud
1242 731 1336 769 Dio-

293 818 427 857 genem
449 803 502 842 ait
521 801 658 840 natura
677 798 960 845 Teleutagorae,
995 790 1205 842 adoptione
1233 790 1338 828 Par-

293 863 458 903 menidis
491 861 612 899 filium
647 857 785 902 fuisse,
807 866 884 892 non
903 851 1029 891 solum
1052 848 1229 900 corporis
1250 849 1337 900 pul-

294 922 513 963 chritudine
549 932 591 956 ac
631 922 851 963 venustate,
886 923 1022 950 verum
1055 908 1172 946 etiam
1218 908 1339 947 animi

293 982 453 1028 robore,
476 974 761 1026 magnitudine,
791 970 996 1020 sagacitate
1024 967 1216 1017 egregiam
1238 967 1341 1019 apud

293 1038 458 1090 aequales
478 1044 514 1075 et
534 1042 710 1087 posteros
731 1031 867 1069 famam
888 1035 1116 1067 consecutus
1130 1034 1201 1064 est.
1259 1027 1343 1065 Ete-

294 1100 372 1138 nim
394 1109 512 1148 quum
534 1095 575 1133 in
596 1091 721 1145 patria
737 1089 834 1129 urbe
849 1086 1095 1128 Parmenidis
1109 1085 1344 1136 disputatio-

294 1157 409 1196 nibus
425 1156 648 1199 interesset,
668 1152 710 1189 in
726 1148 844 1200 hujus
861 1146 1070 1186 amicitiam
1088 1153 1125 1183 et
1143 1144 1344 1183 familiari-

298 1224 411 1254 tatem
444 1214 498 1252 ita
518 1224 558 1251 se
586 1208 825 1255 insinuavit,
852 1215 894 1245 ut
924 1205 960 1244 ei
981 1205 1023 1243 in
1052 1203 1204 1242 deliciis
1229 1203 1346 1242 fuisse

295 1274 503 1313 diceretur.
562 1269 707 1309 Ferunt
734 1275 859 1306 autem
878 1265 1072 1303 Zenonem
1090 1262 1347 1313 quadraginta

299 1333 455 1371 circiter
488 1341 610 1369 annos
644 1335 778 1366 natum
809 1338 896 1364 cum
931 1323 1115 1373 magistro
1149 1321 1347 1371 sexaginta

269 1399 272 1403 '
301 1391 379 1429 sere
394 1399 432 1429 et
451 1389 624 1441 quinque
644 1398 831 1426 annorum
850 1395 941 1422 sene
954 1381 1164 1432 aliquando
1179 1380 1348 1418 Athenas

302 1448 350 1487 ad
385 1446 727 1486 Panathenaeorum
758 1442 1021 1481 celebritatem
1046 1440 1216 1478 venisse.
1273 1437 1348 1476 Sed

300 1506 503 1544 maximam
533 1504 625 1542 vitae
645 1510 816 1554 partem,
839 1508 1024 1551 quantum
1053 1498 1220 1544 scimus,
1245 1496 1348 1548 apud

1399 737 1486 766 cum
1508 721 1606 761 alios
1625 718 1783 767 habuit,
1807 727 1886 757 tum
1908 717 2099 756 Periclem
2122 715 2174 770 (3)
2209 729 2253 755 ac
2284 714 2456 768 Leucip-

1399 796 1508 837 pum.
1567 781 1661 819 Post
1707 777 1893 817 abolitam
1926 775 2142 815 libertatem
2185 774 2351 826 Demylo
2385 782 2459 826 ty·-

1401 855 1524 882 ranno
1545 840 1595 891 (4)
1617 837 1686 890 qui
1703 836 1871 888 imperio
1896 835 2045 886 potitus
2069 842 2153 873 erat
2181 833 2389 874 insidiatus
2411 844 2455 872 re

1402 902 1502 941 male
1517 908 1621 952 gesta
1634 897 1775 937 invicti
1788 896 1908 935 animi
1924 895 2157 934 documenta
2169 892 2290 932 dedit.
2305 892 2464 944 Quippe

1404 973 1513 1001 suam
1531 967 1569 998 et
1589 956 1766 1008 magistri
1786 954 2035 1007 disciplinam
2055 953 2166 992 sactis
2186 950 2458 1005 probans-lin·

1404 1031 1519 1070 guam
1552 1016 1773 1056 demorsam
1800 1013 1957 1066 exspuit
1981 1012 2114 1065 potius
2142 1023 2259 1063 quam
2287 1010 2413 1051 ullum
2440 1022 2465 1051 e

1406 1076 1576 1117 consciis
1595 1074 1793 1128 proderet.
1852 1074 1910 1112 Ac
1929 1081 2009 1112 tum
2027 1070 2187 1123 quidem
2207 1071 2276 1110 alii
2292 1083 2381 1110 eum
2398 1070 2465 1110 iu-

1408 1136 1609 1175 terfectum
1630 1147 1714 1173 esse
1727 1163 1738 1185 ,
1757 1133 1825 1172 alii
1848 1132 2025 1172 effecisse
2046 1130 2180 1183 ajunt,
2200 1139 2244 1170 ut
2273 1138 2465 1183 tyrannus

1407 1193 1607 1247 lapidibus
1620 1192 1868 1232 obrueretur.
1927 1191 2135 1242 Utcunque
2150 1197 2209 1229 est
2220 1217 2233 1238 ,
2249 1201 2323 1229 nos
2341 1190 2466 1240 magis

1410 1263 1598 1306 quantum
1629 1252 1751 1292 studii
1769 1266 1813 1292 ac
1836 1251 1986 1291 laboris
2005 1251 2053 1291 ad
2085 1248 2350 1303 philosophiae
2367 1249 2466 1292 fines

1408 1318 1667 1372 proferendos
1701 1317 1938 1366 contulerit,
1969 1329 2087 1369 quam
2113 1315 2211 1367 quid
2237 1314 2347 1354 domi
2361 1313 2467 1366 apud

1410 1392 1503 1418 suos
1529 1378 1692 1429 gesserit
1715 1377 1940 1429 quaerimus.
2000 1375 2199 1415 Floruisse
2217 1385 2306 1414 eum
2326 1373 2468 1425 Olym-

1409 1437 1524 1490 piade
1537 1436 1819 1488 septuagesima
1834 1448 1938 1474 nona
1954 1435 2168 1475 secundum
2183 1432 2467 1486 Apollodorum

1410 1497 1496 1535 sine
1516 1495 1639 1534 dubio
1659 1495 1855 1546 Diogenes
1875 1495 1932 1544 (5)
1960 1493 2093 1534 tradit.
2150 1491 2376 1531 Dialecticae
2402 1491 2470 1531 in-

301 1564 450 1603 Eleatas
462 1561 515 1615 (2)
533 1561 731 1611 transegit,
750 1572 916 1610 quorum
929 1558 1123 1596 civitatem
1139 1554 1348 1594 saluberri-
1409 1563 1609 1594 ventorem
1629 1554 1859 1593 Aristoteles
1878 1553 1933 1607 (6)
1950 1553 2146 1592 Zenonem
2161 1550 2366 1604 praedicat,
2386 1562 2468 1603 quo

301 1622 375 1660 mis
395 1619 638 1659 Parmenidis
659 1632 702 1657 ac
729 1617 898 1655 Zenonis
920 1614 1074 1665 legibus
1099 1622 1349 1666 temperatam

301 1680 420 1718 fuisse
436 1686 569 1717 auctor
586 1685 643 1716 est
660 1675 813 1715 Strabo.
871 1674 1096 1726 Discipulos
1112 1673 1351 1711 clarissimos

1411 1627 1527 1652 nemo
1547 1612 1821 1652 admirabilior
1840 1612 1997 1651 dicendi
2018 1611 2182 1658 artifex,
2203 1623 2320 1658 nemo
2339 1608 2468 1649 subti-

1410 1673 1489 1711 lior
1509 1673 1729 1725 disputator
1750 1672 1870 1711 fuisse
1886 1671 2056 1711 videtur.
2113 1669 2237 1722 Cujus
2249 1669 2472 1710 conclusio-

341 1845 386 1886 (Ι)
399 1843 556 1884 Diogenes
570 1841 716 1874 Laertius
728 1841 792 1879 lx,
818 1844 859 1873 25
883 1852 891 1872 ε
915 1839 1021 1877 Ζήνων
1035 1863 1044 1879 ,
1060 1839 1219 1876 Ἐλεάτης.
1238 1842 1349 1871 τοῦτον

306 1889 533 1932 Ἀπολλόδωρός
554 1900 645 1930 φησιν
660 1888 736 1920 εἶναι
754 1888 784 1919 ἐν
800 1887 960 1928 Χρονικοῖς
979 1886 1067 1926 φύσει
1089 1886 1142 1928 μὲν
1158 1885 1350 1924 Τελευταγό-

303 1949 376 1979 ρου,
403 1937 484 1970 θέσει
501 1936 534 1969 δὲ
545 1934 741 1977 Παρμενίδου
756 1933 824 1975 (sic
840 1933 901 1975 leg.
921 1941 997 1966 cum
1014 1934 1127 1965 Rossio
1139 1934 1224 1972 )....ὁ
1237 1933 1274 1972 δὴ
1291 1933 1352 1969 Ζή-

305 1996 368 2027 νῳν
388 1983 535 2022 διακήκοε
551 1981 748 2024 Παρμενίδου
761 2005 770 2021 ,
794 1980 847 2013 καὶ
864 1981 988 2022 γέγονεν
1006 1979 1102 2012 αὐτοῦ
1115 1980 1256 2012 παιδικά.
1301 1980 1354 2011 καὶ

305 2031 443 2072 εὐμήκης
457 2030 515 2071 ἦν,
528 2029 610 2061 καθά
622 2040 697 2070 φησι
712 2026 844 2061 Πλάτων
860 2028 891 2060 ἐν
906 2029 953 2069 τῷ
969 2027 1158 2069 Παρμενίδῃ.
1173 2027 1263 2059 Plato
1279 2028 1354 2058 Par-

308 2076 428 2110 menid.
449 2084 521 2117 pag.
541 2077 597 2108 127
616 2074 719 2115 t'Ecpn
731 2074 764 2106 δὲ
777 2074 815 2112 δὴ
828 2074 846 2106 ὁ
864 2076 1008 2114 Ἀντιφῶν
1021 2074 1118 2114 λέγειν
1131 2073 1184 2106 τὸν
1202 2073 1355 2106 Πυθόδω-

310 2133 363 2167 ρον
384 2123 432 2156 ότι
459 2120 619 2164 ἀφίκοιντό
634 2131 711 2153 ποτε
727 2121 769 2158 εἰς
786 2120 989 2159 Παναθήναια
1007 2120 1046 2152 τὰ
1062 2120 1181 2162 μεγάλα
1203 2120 1310 2158 Ζήνων
1325 2131 1358 2152 τε

308 2171 362 2203 καὶ
381 2168 585 2212 Παρμενίδης.
628 2168 682 2200 τὸν
704 2167 759 2209 μὲν
775 2166 830 2200 οὗν
848 2167 1043 2209 Παρμενίδην
1056 2167 1089 2199 εὖ
1104 2168 1187 2208 μάλα
1211 2168 1271 2206 ἤδη
1285 2179 1359 2210 πρε·

309 2217 424 2255 σὸύτην
440 2217 540 2256 εἶναι,
558 2215 676 2257 σφόδρα
702 2214 831 2254 πολιόν,
849 2215 945 2247 καλὸν
967 2215 1000 2246 δὲ
1026 2215 1163 2256 κάγαθὸν
1188 2216 1244 2253 τήν
1269 2215 1359 2256 ὄψιν,

312 2265 381 2308 περὶ
398 2264 452 2302 ἐτη
470 2263 607 2306 μάλιστα
620 2262 711 2295 πέντε
725 2261 780 2294 καὶ
801 2261 968 2299 ἑξήκονταη·
997 2262 1127 2300 Ζήνωνα
1140 2263 1171 2294 δὲ
1187 2263 1276 2303 ἐγγὺς
1297 2265 1361 2294 τῶν

314 2310 540 2354 τετταράκοντα
554 2309 624 2342 τότε
642 2309 739 2350 εἶναι,
752 2308 874 2350 εὐμήκη
894 2308 927 2340 δὲ
950 2309 1004 2340 καὶ
1027 2307 1172 2352 χαρίεντα
1188 2310 1262 2342 ἰδεῖν
1273 2319 1281 2326 ·
1308 2311 1362 2342 καὶ

314 2359 455 2399 λέγεσθαι
468 2357 561 2390 αὑτὸν
576 2356 708 2389 παιδικὰ
721 2358 777 2388 τοῦ
789 2356 986 2397 Παρμενίδου
998 2356 1168 2397 γεγονέναι.
1179 2356 1254 2388 Vid.
1270 2357 1362 2398 proes.

313 2405 353 2438 ad
370 2404 600 2438 parmenidem.

357 2451 401 2492 (2)
425 2450 539 2484 strabo
566 2450 622 2482 lib.
642 2452 687 2484 Vl
713 2459 744 2490 p·
774 2454 834 2483 252
862 2458 870 2479 τ
890 2450 1058 2493 Κάμψαντι
1077 2451 1103 2483 δ’
1119 2450 1209 2488 ἄλλος
1233 2452 1365 2493 συνεχής

317 2498 431 2535 κόλπος
442 2522 452 2537 ,
467 2498 498 2530 ἐν
524 2497 551 2539 ᾧ
576 2497 684 2536 πόλις,
710 2498 748 2535 ἢν
765 2499 795 2529 οἱ
814 2497 868 2539 μὲν
886 2497 1046 2535 κτίσαντες
1062 2499 1221 2536 Φωκαιεῖς
1235 2499 1343 2537 Ὑέλην
1355 2522 1365 2539 ,

318 2546 346 2577 οἱ
363 2545 395 2577 δὲ
408 2545 501 2583 Ἔλην
514 2544 576 2576 ἀπὸ
591 2544 703 2586 κρήνης
721 2543 802 2581 τινός
815 2568 824 2584 ,
842 2546 871 2576 οἱ
885 2544 918 2576 δὲ
933 2547 986 2577 νῦν
1009 2544 1117 2577 Ἐλέαν
1131 2545 1339 2586 ὀνομάζουσιν
1351 2569 1361 2585 ,

320 2593 348 2629 ἐξ
372 2591 409 2630 ἧς
424 2591 619 2633 Παρμενίδης
645 2591 697 2622 καὶ
725 2591 831 2629 Ζήνων
856 2592 1015 2632 ἐγένοντο,
1039 2592 1144 2634 ἄνδρες
1161 2593 1368 2635 Πυθαγόρειοι

322 2638 411 2679 (vid.
439 2637 560 2679 praerat.
589 2637 629 2670 ad
651 2638 838 2680 Parmen.)·
861 2639 947 2671 δοκεῖ
962 2639 995 2672 δέ
1022 2651 1074 2681 μοι
1095 2641 1149 2672 καὶ
1178 2640 1217 2672 δι’
1234 2641 1369 2678 ἐκείνους

322 2685 376 2718 καὶ
399 2684 444 2717 ἔτι
460 2685 605 2727 πρότερον
631 2685 849 2727 εὺνομηθῆναι.
879 2686 973 2727 Diog.
1006 2688 1111 2720 Laert.
1140 2688 1195 2720 lib.
1218 2690 1275 2728 IX,
1294 2691 1334 2721 28
1360 2701 1369 2722 ι

325 2733 388 2765 Καὶ
405 2732 463 2773 γὰρ
475 2731 565 2768 οὗτος
579 2732 634 2770 τήν
653 2732 758 2765 Ἐλέαν
774 2733 920 2773 ἠγάπησε
938 2735 1052 2774 μᾶλλον
1065 2738 1119 2774 τῆς
1137 2736 1303 2775 Ἀθηναίων
1318 2747 1373 2776 με·

325 2778 500 2820 γαλαυχίας
511 2803 521 2819 ,
538 2778 594 2810 οὐκ
606 2779 800 2820 ἐπιδημήσας
814 2780 853 2811 τὰ
872 2781 972 2812 πολλὰ
984 2782 1059 2823 πρὸς
1075 2782 1186 2820 αὐτούς
1198 2807 1208 2824 ,
1232 2783 1299 2815 ἀλλ’
1315 2783 1372 2816 αὐ-

325 2826 391 2858 τόθι
409 2825 584 2861 καταὸιοὺς.

370 2872 415 2913 (3)
433 2871 624 2904 Plutarchus
643 2871 710 2904 Vit.
731 2871 849 2904 Perici.
875 2881 946 2914 cap.
969 2876 987 2906 4
1011 2875 1196 2914 εΔιήκουσε
1222 2878 1256 2910 δὲ
1283 2879 1374 2921 Περι-

329 2919 403 2965 κλῆς
419 2919 473 2951 καὶ
487 2918 625 2955 Ζήνωνος
640 2921 695 2950 τοῦ
712 2918 857 2951 Ἐλεάτου
869 2944 878 2959 ,
891 2924 1186 2963 πραγματευομένου
1202 2926 1270 2966 περὶ
1283 2926 1375 2967 φύσιν

330 2967 373 3003 ὡς
389 2965 596 3007 Παρμενίδης.
612 2965 768 3005 Diogenes
781 2967 927 2999 Laertius
945 2967 1000 3000 lib.
1016 2970 1074 3008 IX,
1092 2972 1132 3002 3ο
1148 2979 1155 2999 :
1174 2972 1354 3011 Λεύκιππος
1366 2998 1375 3014 ‚

329 3011 493 3051 Ἐλεάτης·
514 3014 556 3048 ὡς
581 3012 615 3044 δέ
633 3022 710 3049 τινες
723 3035 733 3052 ‚
750 3011 945 3055 Ἀὸδηρίτης·
964 3014 1034 3047 κατ’
1056 3016 1154 3054 ἐνίους
1173 3018 1224 3058 δέ,
1243 3020 1374 3058 Μήλιος·

332 3059 420 3096 οὗτος
434 3059 552 3097 ἢκουσε
565 3059 715 3096 Ζήνωνος.

375 3101 419 3141 (ε)
445 3100 633 3132 Plutarchus
647 3099 803 3133 adversus
818 3101 962 3134 colotem
978 3111 1048 3144 cap.
1060 3107 1100 3136 32
1116 3117 1123 3136 :
1140 3107 1246 3143 Ζήνων
1264 3108 1376 3149 τοίνυν,

336 3148 354 3179 ὁ
378 3147 577 3190 Παρμενίδου
602 3147 772 3189 γνώριμος,
803 3147 979 3190 ἐπιθέμενος
998 3152 1134 3194 Δημύλῳ
1160 3156 1206 3195 τῷ
1222 3155 1378 3197 τυράννῳ,

335 3194 389 3226 καὶ
408 3193 609 3234 δυστυχήσας
625 3194 693 3235 περὶ
707 3194 763 3232 τὴν
775 3195 883 3236 πρᾶξιν
894 3217 903 3235 ,
916 3195 948 3227 ἐν
964 3198 1036 3238 πυρὶ
1049 3198 1102 3230 τὸν
1117 3200 1311 3242 Παρμενίδου
1325 3203 1380 3235 λό-

337 3251 406 3283 γον,
415 3240 522 3283 ὥσπερ
536 3240 651 3282 χρυσόν
661 3264 670 3281 ,
685 3240 838 3282 ἀκήρατον
851 3242 904 3273 καὶ
922 3242 1050 3286 δόκιμον
1067 3246 1219 3288 παρέσχε,
1236 3249 1289 3281 καὶ
1307 3249 1381 3283 ἀπέ·

338 3288 431 3324 δειξεν
455 3287 574 3329 ἔργοις,
605 3287 702 3319 ὅτιτὸ
727 3288 857 3329 αἰσχρὸν
882 3288 966 3331 ἀνδρὶ
987 3291 1112 3334 μεγάλῳ
1132 3294 1260 3337 φοὸερόν
1279 3297 1362 3330 ἐστιν

339 3331 497 3372 ἀλγηδόνα
515 3332 548 3365 δὲ
568 3333 697 3372 παῖδες,
719 3333 772 3365 καὶ
783 3333 912 3374 γύναια,
929 3336 984 3367 καὶ
997 3338 1132 3376 γυναίων
1149 3341 1250 3382 ψυχὰς
1263 3323 1383 3384 ἔχοντες

1414 1837 1606 1879 συνελήφθη,
1620 1838 1701 1869 καθά.
1716 1848 1809 1878 φησιν
1829 1837 2034 1879 Ἡρακλείδης
2049 1836 2081 1869 ἐν
2102 1840 2142 1879 τῇ
2165 1836 2306 1878 Σατύρου
2321 1835 2456 1878 ἐπιτομῇ
2466 1862 2476 1876 ,

1415 1885 1467 1916 ὅτε
1482 1884 1535 1916 καὶ
1552 1884 1768 1926 ἐξεταζόμενος
1781 1885 1852 1922 τοὺς
1870 1884 2048 1921 συνειδότας
2066 1884 2121 1916 καὶ
2136 1884 2207 1925 περὶ
2221 1886 2285 1916 τῶν
2305 1882 2411 1916 ὅπλων
2428 1882 2474 1916 ὧν

1415 1931 1489 1972 ἦγεν
1505 1932 1548 1968 εἷς
1569 1931 1714 1974 Λιπάραν
1724 1956 1733 1973 ,
1749 1931 1866 1969 πάντας
1880 1932 1938 1973 ἔφη
1955 1932 2054 1964 αὐτοῦ
2071 1931 2144 1969 τοὺς
2165 1930 2272 1971 φίλους
2281 1929 2364 1964 αὐτὰ
2374 1932 2476 1964 ταῦτα

1415 1980 1607 2020 συνειδέναι,
1623 1979 1809 2021 βουλόμενος
1823 1979 1917 2012 αὐτὸν
1932 1980 2046 2021 ἔρημον
2069 1982 2282 2016 καταστῆσαι.
2311 1977 2381 2011 εἶτα
2403 1977 2475 2020 περί

1418 2037 1509 2058 τινων
1526 2027 1623 2060 εἰπὼν
1639 2026 1722 2068 ἔχειν
1738 2026 1808 2059 τινὰ
1825 2028 1924 2060 εἰπεῖν
1937 2027 2025 2068 αὐτῷ
2037 2027 2114 2069 πρὸς
2126 2027 2163 2060 τὸ
2179 2025 2233 2063 οὖς
2248 2036 2257 2045 ·
2278 2025 2333 2058 καὶ
2349 2025 2456 2059 δακών
2466 2049 2476 2066 ,

1417 2073 1475 2106 οὐκ
1488 2074 1601 2113 ἀνῆκεν
1615 2074 1673 2110 ἕως
1690 2074 1883 2113 ἀπεκεντήθη
1893 2098 1903 2115 ,
1923 2074 2036 2107 ταύτὸν
2051 2073 2287 2116 Ἀριστογείτονι
2303 2075 2350 2115 τῷ
2364 2083 2476 2116 τυραν·

1416 2121 1557 2163 νοκτόνῳ
1578 2122 1700 2154 παθών.
1717 2121 1891 2164 Δημήτριος
1917 2122 1951 2154 δέ
1967 2133 2061 2163 φησιν
2074 2122 2105 2154 ἐν
2120 2124 2187 2158 τοῖς
2207 2121 2405 2162 Ὁμωνύμοις
2421 2119 2478 2153 τὸν

1422 2172 1566 2211 μυκτῆρα
1581 2169 1677 2201 αὐτὸν
1695 2169 1894 2211 ἀποτραγεῖν.
1917 2169 2108 2207 Ἀντισθένης
2124 2168 2157 2200 δὲ
2173 2169 2206 2200 ἐν
2221 2170 2291 2206 ταῖς
2305 2167 2479 2209 Διαδοχαῖς

1418 2229 1494 2259 φησι
1512 2217 1590 2256 μετὰ
1603 2216 1640 2248 τὸ
1657 2219 1794 2257 μηνῦσαι
1806 2216 1877 2253 τοὺς
1893 2216 1999 2257 φίλους
2012 2217 2202 2258 ἐρωτηθῆναι
2211 2215 2290 2258 πρὸς
2300 2218 2357 2248 τοῦ
2371 2214 2479 2257 τυράν·

1419 2276 1474 2297 νου
1485 2287 1495 2303 ,
1508 2263 1536 2296 εἷ
1551 2275 1596 2300 τις
1612 2263 1702 2300 ἄλλος
1719 2263 1767 2302 εἴη
1782 2271 1790 2280 ·
1807 2263 1860 2296 τὸν
1875 2263 1907 2296 δὲ
1924 2264 2041 2304 εἰπεῖν,
2063 2263 2107 2296 Σὺ
2125 2264 2142 2295 ὁ
2157 2266 2212 2302 τῆς
2229 2262 2358 2299 πόλεως
2369 2260 2479 2300 ἀλιτή·

1420 2323 1494 2354 ριος.
1506 2309 1582 2352 πρός
1598 2321 1631 2342 τε
1647 2311 1717 2347 τοὺς
1729 2314 1931 2352 παρεστῶτας
1948 2310 2041 2352 φάναι
2053 2334 2062 2350 ,
2076 2309 2237 2352 Θαυμάζω
2251 2311 2340 2352 ὑμῶν
2351 2311 2408 2350 τήν
2421 2310 2482 2344 δει-

1423 2359 1512 2396 λίαν,
1528 2359 1555 2390 εῐ
1579 2358 1698 2390 τούτων
1715 2358 1816 2390 ἕνεκεν
1844 2358 1888 2390 ὧν
1913 2361 1966 2390 νῦν
1981 2358 2046 2399 ἐγὼ
2071 2359 2220 2400 ὑπομένω
2231 2382 2241 2400 ,
2255 2359 2415 2392 δουλεύετε
2434 2362 2482 2401 τῷ

1420 2405 1581 2448 τυράννῳ·
1612 2406 1666 2439 καὶ
1691 2406 1778 2442 τέλος
1803 2405 2022 2447 ἀποτραγόντα
2041 2405 2098 2444 τὴν
2115 2407 2258 2447 γλῶτταν
2281 2405 2482 2448 προσπτύσαι

1423 2453 1522 2493 αὐτῷ.
1545 2451 1616 2489 τοὺς
1635 2453 1668 2484 δὲ
1684 2452 1812 2490 πολίτας
1831 2453 2082 2495 παρορμηθέντας
2093 2475 2102 2492 ,
2121 2452 2236 2485 αὐτίκα
2255 2451 2311 2486 τὸν
2331 2453 2482 2494 τύραννον

1423 2501 1628 2533 καταλεῦσαι.
1653 2503 1754 2532 ταῦτα
1770 2500 1802 2532 δὲ
1819 2501 1932 2542 σχεδὸν
1949 2502 1979 2533 οἱ
1994 2500 2120 2538 πλείους
2130 2500 2291 2534 λαλοῦσιν.
2307 2499 2484 2543 Ἕρμιππος

1379 2567 1386 2577 ι
1425 2548 1458 2581 δέ
1473 2558 1566 2589 φησιν
1585 2547 1627 2584 εἷς
1643 2547 1738 2589 ὄλμον
1755 2547 1851 2579 αὐτὸν
1873 2548 2021 2590 βληθῆναι
2037 2548 2091 2580 καὶ
2108 2550 2340 2587 κατακοπῆναι.
2362 2547 2419 2580 καὶ
2439 2548 2487 2584 εἰς

1425 2594 1518 2626 αὐτὸν
1534 2595 1623 2634 ἡμεῖς
1636 2593 1764 2635 ε’ίπομεν
1780 2594 1878 2632 οὕτως
1888 2603 1896 2612 ·
1910 2596 2016 2634 ἤθελες
2025 2619 2034 2635 ,
2052 2595 2079 2627 ὦ
2093 2595 2202 2634 Ζήνων
2213 2618 2223 2636 ,
2244 2595 2342 2628 καλὸν
2357 2594 2462 2635 ἤθελες
2473 2619 2484 2634 ,

1428 2640 1524 2682 ἄνδρα
1548 2639 1696 2681 τύραννον
1723 2641 1875 2682 Κτείνας,
1903 2642 2032 2674 ἐκλῦσαι
2052 2642 2240 2679 δουλοσύνας
2263 2640 2383 2676 Ἐλέαν.
2405 2641 2484 2678 Ἀλλ’

1428 2687 1553 2728 ἐδάμης.
1573 2688 1611 2727 δὴ
1630 2688 1690 2729 γάρ
1707 2698 1744 2720 σε
1757 2688 1862 2720 λαὸὼν
1879 2690 1897 2721 ὁ
1910 2689 2055 2730 τύραννος
2072 2689 2103 2721 ἐν
2117 2689 2206 2730 ὅλμῳ
2225 2689 2316 2731 Κὸψε
2326 2698 2336 2707 ·
2347 2689 2380 2731 ,τί
2392 2691 2488 2722 τοῦτο

1428 2735 1533 2774 λέγω;
1550 2737 1646 2773 σῶμα
1659 2734 1730 2775 γάρ,
1745 2734 1817 2775 οὐχὶ
1831 2735 1864 2766 δέ
1878 2746 1928 2767 σε.
1955 2736 2067 2776 Γέγονε
2082 2735 2115 2768 δὲ
2127 2735 2168 2767 τά
2185 2745 2220 2768 τε
2241 2735 2321 2767 ἄλλα
2333 2735 2449 2776 ἀγαθὸς
2468 2737 2489 2768 ὁ

1430 2782 1536 2821 Ζήνων
1548 2805 1557 2821 ,
1572 2781 1652 2813 ἀλλὰ
1667 2782 1720 2813 καὶ
1741 2782 1951 2822 ὑπεροπτικὸς
1962 2786 2024 2814 τῶν
2043 2782 2190 2823 μειζόνων
2210 2781 2284 2814 κατ’
2301 2781 2373 2815 ἶσον
2388 2781 2488 2825 Ἦρα-

1433 2829 1558 2870 κλείτῳ.
1574 2829 1628 2860 καὶ
1652 2828 1715 2870 γὰρ
1739 2828 1830 2866 οὗτος
1845 2830 1902 2868 τήν
1924 2829 2071 2872 πρότερον
2089 2830 2144 2870 μὲν
2159 2829 2276 2870 Ὕλην,
2300 2829 2430 2872 ὕστερον
2454 2829 2488 2862 δὲ

1431 2877 1542 2910 Ἐλέαν
1556 2900 1566 2917 ,
1581 2877 1745 2908 Φωκαέων
1773 2875 1870 2909 οὖσαν
1885 2876 2052 2917 ἀποικίαν,
2068 2878 2165 2909 αὑτοῦ
2181 2877 2214 2909 δὲ
2230 2876 2385 2921 πατρίδα,
2397 2875 2488 2909 πόλιν

1435 2924 1542 2962 εὐτελῆ
1552 2947 1562 2964 ,
1577 2924 1630 2955 καὶ
1645 2923 1741 2964 μόνον
1760 2923 1871 2966 ἄνδρας
1890 2924 2024 2965 ἀγαθοὺς
2040 2924 2160 2965 τρέφειν
2182 2923 2392 2966 ἐπισταμένην
2407 2922 2488 2964 ἠγά-

1433 2982 1517 3011 πησε
1533 2971 1648 3012 μᾶλλον
1670 2974 1724 3009 τῆς
1739 2970 1906 3009 Ἀθηναίων
1929 2970 2157 3013 μεγαλαυχίας·
2173 2970 2231 3003 οὐκ
2242 2970 2439 3013 ἐπιδημήσας
2450 2969 2490 3003 τὰ

1437 3019 1538 3051 πολλὰ
1556 3018 1632 3060 πρὸς
1651 3018 1782 3058 αὐτούς,
1799 3017 1867 3050 ἀλλ’
1885 3018 1993 3050 αὐτόθι
2017 3017 2196 3054 καταὸιούς.

1479 3066 1524 3108 (5)
1548 3065 1705 3105 Diogenes
1726 3065 1873 3097 Laertius
1891 3067 1959 3106 lx,
1989 3067 2028 3097 29
2051 3064 2220 3105 ιἬκμαζε
2245 3065 2279 3097 δὲ
2303 3063 2394 3102 οὗτος
2408 3064 2495 3096 κατὰ

1435 3113 1491 3152 τὴν
1508 3112 1618 3151 ἐνάτην
1629 3112 1683 3144 καὶ
1699 3112 1934 3151 ἑὸδομηκοστήν
1948 3110 2135 3150 ὀλυμπιάδα.

1481 3159 1525 3201 (6)
1548 3159 1708 3200 Diogenes
1730 3158 1876 3191 Laertius
1889 3158 1944 3190 lib.
1967 3159 2022 3197 lX,
2043 3162 2083 3191 25
2101 3157 2211 3196 εΦησὶ
2232 3157 2266 3190 δὲ
2284 3157 2495 3199 Ἀριστοτέλης

1442 3208 1568 3249 εὑρετὴν
1599 3206 1692 3239 αὐτὸν
1719 3206 1862 3247 γενέσθαι
1901 3205 2096 3244 διαλεκτικῆς
2110 3229 2119 3245 ,
2148 3206 2256 3248 ὥσπερ
2278 3204 2494 3246 Ἐμπεδοκλέα

1441 3254 1615 3296 ῥητορικῆς.
1634 3254 1752 3286 Sextus
1774 3252 1954 3294 Empiricos
1972 3251 2047 3285 adv.
2066 3253 2167 3285 Math.
2184 3252 2239 3285 lib.
2254 3253 2328 3294 vll,
2346 3257 2366 3286 5
2380 3266 2389 3286 ι
2405 3255 2496 3295 nap-

1442 3301 1563 3341 μενίδης
1576 3301 1610 3333 δὲ
1626 3300 1683 3333 οὐκ
1699 3301 1738 3332 ἂν
1751 3299 1836 3337 δόξαι
1860 3303 1914 3338 τῆς
1929 3300 2123 3338 διαλεκτικῆς
2143 3299 2276 3342 ἀπείρως
2297 3300 2399 3342 ἔχειν,
2411 3300 2495 3333 ἐπεί·

1439 3358 1498 3389 περ
1510 3348 1602 3381 πάλιν
1619 3348 1828 3390 Ἀριστοτέλης
1842 3346 1895 3379 τὸν
1911 3347 2066 3389 γνώριμον
2083 3347 2180 3379 αὐτοῦ
2192 3347 2323 3386 Ζήνωνα
2343 3347 2494 3380 διαλεκτι-

340 3380 444 3422 ἄνδρῑς
459 3379 579 3413 δῦδῖασῑ
591 3388 599 3396 ’
615 3380 671 3418 τὴν
692 3380 751 3422 γὰρ
774 3380 915 3420 γλῶτταν
940 3383 1035 3415 αὑτοῦ
1057 3385 1236 3428 δῑατΡὼΥωἸ
1257 3394 1303 3433 τῷ
1330 3402 1386 3423 τυ·
1443 3398 1500 3433 κῆς
1512 3394 1651 3436 ἀρχηγὸν
1663 3394 1846 3435 ὑπείληφεν.
1869 3393 1984 3426 Suidas
2002 3406 2010 3426 :
2026 3393 2145 3426 Τοῦτόν
2162 3405 2255 3435 φασιν
2267 3394 2395 3435 εὑρετὴν
2415 3394 2495 3427 εἶναι

340 3426 440 3469 ράννῳ
451 3427 675 3469 προσέπτυσεν.
703 3427 857 3467 Diogenes
874 3429 1020 3463 Laertius
1032 3431 1086 3463 lib.
1104 3433 1161 3475 lx,
1175 3439 1270 3469 26—28
1288 3450 1295 3470 ι
1318 3439 1385 3471 Κα-

1446 3442 1662 3483 διαλεκτικῆς,
1681 3443 1723 3479 ὡς
1736 3441 1951 3482 Ἐμπεδοκλέα
1967 3444 2020 3479 τῆς
2045 3442 2219 3484 ῥητορικῆς.
2250 3439 2325 3474 Vid.
2343 3439 2433 3481 proel'.
2454 3437 2497 3471 ad

342 3474 436 3506 θελεῖν
451 3474 485 3507 δὲ
502 3473 630 3513 θελήσας
651 3473 793 3516 Νέαρχον
814 3474 867 3506 τὸν
882 3475 1029 3518 τύραννον
1044 3478 1092 3520 (οἱ
1114 3480 1163 3522 δέ,
1178 3484 1386 3527 Διομέδοντα)
1445 3489 1679 3522 parmenidem.

1379 3552 1454 3587 206
