2612 3814
308 263 356 296 66
1191 243 1608 287 COMMENTARIUS

360 345 420 384 Vs.
443 344 533 383 252.
555 342 676 387 νυκτὸς
693 341 911 394 κτλ.]1ἀθῐῐι
937 341 1116 391 Synipos.
1135 335 1240 381 VIII,
1266 336 1287 373 3
1311 348 1352 384 p.

310 418 406 453 720,
425 403 505 442 vol.
527 402 617 440 Vlll
642 416 681 454 p.
706 402 797 450 875.
816 400 990 443 σκοτεινὸς
1005 394 1113 451 γὰρ*
1092 412 1140 436 ων
1155 398 1173 435 ὁ
1190 396 1259 447 ἀὴρ
1276 396 1355 434 κατ’

308 461 579 514 Ἐμπεδοκλέαει
595 461 716 505 νυκτὸς
733 458 903 512 ἐρημαίης
921 457 1134 500 ἀλαωπιδος.
1152 473 1169 490 ιι
1184 455 1242 493 Ita
1257 462 1358 492 recte

307 522 505 574 Xylander
537 535 607 573 pro
643 520 955 558 membranarum
989 517 1182 568 scriptura
1219 512 1360 566 ἀγλαώ-

307 582 418 626 πιδος.
453 581 670 631 Hesychius
704 594 712 617 :
751 580 924 618 ἀλαωπιν·
962 575 1155 623 σκοτεινήν,
1195 574 1233 612 οὔ
1276 572 1359 625 βλέ-

309 656 458 681 πουσαν.

362 700 425 739 Vs.
435 701 538 738 253-
543 699 629 743 254.
647 713 706 737 και
719 713 759 748 με
753 695 1037 747 ’λαν-ἇίντροις]
1051 695 1107 733 sic
1127 694 1358 744 interpreta-

311 768 373 799 tus
392 773 475 799 sum
492 758 736 810 Fmpcdoclis
749 755 883 803 verba,
898 768 984 806 quae
1000 768 1021 792 e
1035 754 1169 792 codice
1179 751 1362 790 Mediola-

311 819 423 857 nensi
445 818 547 856 Plut.
569 817 713 862 Quaest.
737 823 864 853 natur.
894 815 942 863 39
963 820 1118 864 sumpta
1136 812 1257 850 latina
1272 809 1361 848 fecit

311 877 444 928 Gyber
449 884 507 914 tus
527 876 556 913 Ι
558 875 737 924 ongolius
751 902 760 920 ,
786 873 813 910 1⁴:
818 872 1053 922 mpedocleis
1070 869 1253 909 versibus
1279 868 1361 920 pri·

311 949 398 975 mus
423 936 554 974 intulit
583 934 766 972 Steinius.
800 933 986 972 Caeterum
1016 929 1215 969 Plutarchi
1240 927 1362 967 verba

311 995 431 1033 latina
449 993 521 1047 (ap.
537 992 666 1031 Diibn.
689 1006 728 1043 p.
756 990 868 1043 1126)
891 991 972 1029 haec
994 998 1116 1029 sunt.
1136 988 1362 1038 «Curaqua

311 1055 354 1093 in
375 1065 524 1092 summa
542 1060 650 1104 parte
669 1051 778 1098 alba,
801 1051 843 1089 in
866 1050 988 1089 fundo
1011 1062 1106 1088 vero
1137 1049 1250 1098 nigra
1276 1059 1362 1098 spe-

311 1113 460 1151 ctatur?
486 1113 544 1148 An
576 1110 680 1161 quod
710 1110 954 1160 profunditas
988 1108 1205 1159 nigredinis
1237 1115 1362 1145 mater

311 1181 366 1210 est
391 1171 493 1210 ωειλ)
511 1170 745 1222 Superficies
761 1177 887 1208 autem
900 1197 911 1216 ,
931 1169 1116 1220 quoniam
1132 1168 1320 1206 continuo
1340 1179 1361 1204 a

311 1231 392 1269 sole
412 1230 590 1274 aflicitur,
628 1228 834 1267 candorem
864 1227 1026 1266 luminis
1060 1227 1226 1279 recipiat
1243 1240 1361 1279 opor-

313 1298 377 1327 tet.
397 1288 509 1335 Quod
527 1289 655 1340 ipsum
676 1296 713 1326 et
730 1287 985 1339 Empedocles
1005 1284 1198 1338 approbat
1217 1299 1226 1323 :

396 1396 432 1425 Et
449 1392 536 1431 niger
553 1393 583 1425 in
602 1392 699 1425 fundo
716 1391 803 1424 fluvii
819 1391 906 1424 color
921 1392 1027 1424 exstat
1042 1391 1082 1423 ab
1101 1390 1232 1431 umbra,

395 1442 490 1481 atque
507 1440 688 1472 cavernosis
707 1439 815 1471 itidem
834 1440 997 1480 spectatur
1015 1438 1046 1470 in
1063 1437 1198 1470 antris.»

365 1520 428 1559 Vs.
452 1521 543 1559 255.
566 1519 680 1559 πολλὰ
701 1520 731 1558 δ’
751 1520 847 1570 κτλ.]
872 1519 1036 1558 Proclus
1060 1519 1101 1557 in
1118 1518 1221 1558 Tim.
1249 1517 1306 1556 III
1325 1531 1361 1570 p

317 1585 386 1624 141
409 1581 508 1632 (pag.
531 1579 604 1617 335
624 1579 683 1618 ed.
702 1579 897 1630 Schneid.)
917 1593 925 1616 :
953 1579 1013 1617 καὶ
1032 1578 1100 1631 γὰρ
1119 1576 1187 1616 ὑπὸ
1201 1579 1264 1628 γῆς
1281 1576 1366 1629 ῥύα-

314 1654 353 1676 κε
345 1639 371 1682 ’ς
387 1639 453 1676 εἶσι
476 1637 594 1691 πυρός,
613 1636 658 1681 ὥς
673 1638 739 1676 πού
755 1653 839 1691 φησι
854 1637 913 1676 καὶ
928 1637 1188 1687 Ἐμπεδοκλῆς,
1209 1654 1225 1671 α
1242 1636 1365 1675 Πολλὰ

313 1698 343 1735 δ’
345 1696 478 1767 ἔνερθε
497 1697 613 1741 οὔδεος
632 1697 727 1750 πυρὰ
745 1697 894 1736 καίεται.
912 1713 929 1731 ιο
949 1711 1009 1735 και
1025 1697 1064 1735 οὐ
1087 1696 1140 1734 δεῖ
1161 1695 1365 1746 θαυμάζειν,

312 1757 387 1799 πῶς
403 1759 460 1794 οὖν
478 1757 512 1794 ἐν
539 1754 677 1794 ὕδατι
659 1771 696 1794 ον
717 1755 757 1794 τὸ
772 1760 841 1808 πῦρ
865 1756 904 1794 οὗ
931 1754 1133 1794 σὸέννυται
1162 1759 1272 1806 χωρεῖ
1297 1753 1366 1807 γὰρ

314 1815 431 1855 πάντα
450 1817 494 1855 δι’
513 1815 690 1864 ἀλλήλων,
718 1815 826 1855 καὶ”
808 1831 884 1855 εστι
909 1815 948 1855 τὸ
974 1817 1184 1868 ἐπικρατοῦν
1218 1815 1304 1853 ἄ)λο
1330 1816 1364 1853 ἐν

315 1875 451 1923 ἄλλοις,
470 1873 579 1914 uoti*
560 1891 633 1913 εστι
654 1874 714 1914 καὶ
743 1875 782 1914 τὸ
811 1878 883 1928 φῶς
914 1878 983 1928 πῦρ
1007 1875 1094 1914 διιὸν
1121 1873 1180 1913 διὰ
1206 1873 1362 1914 πάντων.

316 1934 434 1984 Recte
453 1934 627 1973 Sturzius
647 1948 721 1986 pro
736 1934 867 1972 Procli
887 1932 1003 1986 ἔνερθε
1025 1932 1141 1978 οὔδεος
1169 1932 1367 1972 substituit

315 1992 424 2045 ἔνερθ’
438 1992 533 2036 ὕδεος
550 1994 656 2044 quod
678 2006 812 2032 sensus
830 2001 868 2031 et
886 2001 1050 2031 metrum
1071 1993 1230 2043 flagitat.

368 2051 434 2091 Vs.
458 2052 549 2090 256.
572 2052 678 2104 φῦλον
701 2051 856 2102 ἄμουσον
875 2051 972 2104 κτλ.]
990 2051 1222 2091 Plutarchus
1249 2053 1369 2104 Sym-

314 2124 398 2163 pos.
418 2110 448 2148 V
465 2119 564 2149 extr.
586 2111 666 2149 vol.
683 2111 776 2149 VIII
797 2125 838 2162 p.
862 2111 937 2159 733
957 2111 1071 2149 affert
1090 2110 1194 2150 hunc
1212 2125 1366 2150 versum

317 2184 364 2209 eo
386 2170 549 2208 consilio
572 2178 614 2208 ut
633 2163 772 2222 probet
799 2169 950 2208 nullum
971 2182 1097 2220 neque
1125 2171 1366 2209 terrestrium

318 2229 544 2268 animalium
575 2241 646 2267 nec
672 2229 897 2267 volucrium
919 2242 1040 2279 genus
1060 2242 1144 2268 esse
1177 2243 1286 2280 aeque
1308 2230 1368 2268 fe-

318 2289 485 2327 cundum
504 2302 547 2327 ac
563 2289 704 2341 pisces,
723 2290 857 2340 Itaque
873 2303 993 2340 quum
1011 2289 1131 2339 vulgo
1145 2289 1370 2342 πολυσπερής

323 2350 397 2386 late
425 2351 653 2398 multumque
679 2350 941 2386 disseminatus
959 2349 1028 2396 sit,
1049 2347 1152 2399 apud
1172 2347 1370 2399 Empedo-

322 2406 418 2444 clem
438 2407 567 2445 valeat
594 2415 748 2458 oportet
774 2410 929 2445 multum
952 2411 1166 2454 seminans,
1196 2407 1302 2458 quod
1324 2407 1372 2445 de

308 2462 550 2506 fecunditate
571 2465 693 2516 accipi
713 2467 917 2513 convenit,
935 2475 979 2505 ut
993 2465 1074 2517 jam
1095 2465 1313 2516 Stephanus
1330 2466 1371 2504 in

323 2522 437 2561 Thes.
466 2522 577 2574 Ling.
597 2523 665 2562 Gr.
687 2523 773 2562 Vol.
798 2525 854 2565 ΙΙΙ
875 2539 965 2577 pag.
1005 2526 1081 2575 932
1106 2524 1134 2562 F
1161 2525 1370 2563 intellexit.

322 2582 453 2628 Quare
475 2595 554 2620 non
589 2591 646 2621 est
679 2597 749 2621 cur
780 2584 986 2622 Karstenio
1019 2583 1277 2622 assentiamur
1299 2597 1372 2635 pro

324 2640 572 2692 πολυσπερέων
606 2641 810 2691 legendum
850 2644 1086 2694 proponenti
1122 2642 1372 2695 πολυσπορέων

326 2700 431 2750 quod
450 2713 523 2738 usu
540 2709 644 2738 caret
657 2728 667 2747 ‚
687 2701 758 2739 etsi
778 2713 824 2739 eo
845 2715 935 2752 quo*
952 2702 1037 2753 ipse
1064 2702 1150 2740 vult
1173 2715 1290 2740 sensu
1309 2718 1374 2740 πο-

325 2758 512 2811 λυσπόρων
541 2760 574 2797 si
602 2768 767 2798 metrum
800 2768 996 2811 pateretur
1034 2761 1114 2799 dici
1145 2774 1261 2813 posse
1295 2775 1374 2800 non

327 2815 513 2856 diffiteor.
536 2820 593 2855 De
624 2818 782 2855 nomine
803 2821 1006 2868 καμασῆνες
1027 2819 1137 2870 cujus
1157 2821 1373 2870 genitivum

329 2874 433 2925 plur.
467 2874 683 2924 καμασήνων
703 2890 775 2927 pro
799 2880 1033 2927 καμασηνῶν,
1054 2887 1097 2916 ut
1115 2887 1174 2917 est
1201 2879 1242 2917 in
1262 2893 1377 2918 mem·

330 2934 484 2982 branis,
504 2936 643 2986 scripsi
665 2935 756 2974 vide
775 2936 878 2974 infra
895 2936 943 2974 ad
963 2950 1064 2976 vers.
1090 2938 1182 2977 281.
1199 2938 1378 2985 Refertur

329 3002 455 3032 autem
471 2992 603 3044 ἄγουσα
614 2994 661 3032 ad
677 2993 852 3046 Θάλασσα,
862 3008 948 3046 quae
958 3009 1036 3033 vox
1047 3009 1133 3034 cum
1146 3000 1378 3047 antegressis

332 3051 511 3091 versibus
527 3053 742 3092 intercidit.

384 3110 446 3150 Vs.
471 3111 561 3158 257.
583 3110 643 3154 ἅλς
660 3112 754 3161 κτλ]
773 3113 943 3150 servavit
954 3112 1202 3164 Hephaestion
1219 3113 1378 3155 Enchir.

331 3182 364 3206 c.
403 3182 418 3206 1
456 3181 546 3220 pag.
580 3175 601 3214 4
631 3169 692 3209 ed.
722 3169 846 3208 Gaisf.
883 3171 1016 3209 Codex
1049 3170 1380 3222 Cantabrigiensis

332 3225 448 3265 habet
475 3226 678 3277 ἑωσμένως;
702 3228 987 3279 Hephaestionis
1008 3229 1130 3268 editio
1159 3229 1382 3270 Florentina

333 3284 397 3328 ἕως
422 3283 545 3335 μένος,
562 3286 667 3336 quod
691 3286 960 3335 Gaisfordius,
979 3289 1176 3327 Dorvillio
1201 3299 1379 3339 auctore,

333 3342 480 3394 recepit
498 3342 571 3382 hoc
592 3356 707 3382 sensu
730 3358 738 3382 :
761 3346 808 3398 (ἡ)
823 3344 887 3390 ἃλς
901 3345 1017 3397 ἐπάγη
1035 3349 1189 3399 ῥιπῇσιν,
1205 3346 1267 3392 ἕως
1283 3347 1383 3399 μένος

332 3399 464 3448 ἠελίοιο
494 3432 503 3441 .
536 3432 546 3442 .
577 3431 588 3442 .
619 3431 628 3440 .
654 3416 760 3440 mare
780 3403 932 3455 (boreae)
965 3410 1105 3455 Impera
1121 3405 1205 3453 fui!
1235 3421 1383 3446 concre-

336 3469 422 3504 tum,
449 3463 565 3499 donec
582 3465 644 3498 vis
657 3463 748 3499 solis
768 3461 881 3515 (illud
897 3466 1086 3515 solveret).
1108 3464 1263 3504 Rectius
1281 3466 1382 3505 Tur·

1419 332 1544 371 nebus
1573 332 1775 384 rescripsit
1801 332 1974 383 ἐωσμένος
2000 331 2106 383 quod
2126 344 2212 370 cum
2237 330 2396 370 nomine
2413 330 2476 376 ἃλς

1418 393 1472 430 ita
1488 391 1671 442 jungitur
1686 400 1730 430 ut
1743 391 1817 430 hoc
1834 391 1882 430 de
1896 394 1979 430 sale
1995 392 2057 430 vel
2081 391 2130 431 de
2149 391 2270 429 maris
2285 393 2478 440 salsugine

1418 450 1646 502 accipiatur,
1669 464 1790 502 quum
1809 444 1914 490 ma‘re
1939 450 2107 501 intelligi
2137 463 2218 489 non
2246 450 2373 502 possit
2397 449 2476 489 nisi

1419 524 1538 562 quum
1563 509 1793 549 femininum
1812 519 1870 550 est
1888 512 1910 557 ἡ
1928 509 2004 555 ἅλς.

1473 569 1537 609 Vs.
1555 569 1646 608 258.
1661 572 1725 621 γῆς
1738 568 1836 621 κτλ.]
1853 568 1983 607 effecit
2001 568 2175 607 Steinius
2189 580 2238 606 ex
2254 567 2480 608 Aristotelis

1419 629 1580 667 Meteor.
1602 628 1655 676 11,
1686 642 1707 666 2
1731 627 1886 678 εδμοίως
1914 628 1950 668 δὲ
1977 628 2111 680 γελοῖον
2145 627 2205 668 καὶ
2238 626 2272 667 εἴ
2293 643 2346 673 τις
2371 625 2478 667 εἰπὼν

1419 688 1552 740 ἱδρῶτα
1577 691 1641 736 τῆς
1665 690 1731 740 γῆς
1760 681 1851 726 εἶναι
1875 686 1941 735 τὴν
1968 687 2147 727 θάλατταν
2173 685 2286 727 οἴεταί
2311 702 2347 727 τι
2372 686 2481 742 σαφὲς

1421 746 1615 799 εἰρηκέναι,
1650 746 1811 799 καθάπερ
1848 747 2109 797 Ἐμπεδοκλῆς.
2152 746 2385 786 Plutarchus
2432 746 2483 786 de

1422 806 1527 845 Plac.
1539 807 1638 859 phil.
1658 821 1672 845 1
1685 821 1700 844 1
1712 820 1747 855 1,
1768 807 1814 844 16
1830 819 1839 846 :
1858 805 2106 857 Ἐμπεδοκλῆς
2122 805 2336 859 (θάλασσαν)
2348 806 2480 859 ἱδρῶτα

1421 869 1483 913 τῆς
1496 869 1561 917 γ’ἤς
1575 865 1808 917 ἐκκαιομένης
1820 863 1889 904 ὑπὸ
1902 869 1962 904 τοῦ
1972 864 2073 913 ἡλίου
2088 863 2145 903 διὰ
2159 863 2223 912 τὴν
2235 864 2293 903 ἐπὶ
2306 864 2346 904 τὸ
2359 866 2482 904 πλιῖον

1422 926 1566 973 πίλησιν
1583 925 1721 977 (λέγει),
1738 926 1767 964 i.
1788 938 1824 964 e.
1848 943 1864 959 α
1880 924 2136 976 Empedocles
2151 936 2260 963 mare
2281 937 2366 963 esse
2385 924 2483 964 dicit

1421 985 1601 1025 sudorem
1630 994 1763 1033 terrae,
1797 985 1942 1024 adustae
1974 997 1997 1023 a
2024 985 2127 1032 sole,
2160 995 2330 1035 eumque
2359 982 2483 1022 nimia

1422 1045 1483 1083 sui
1512 1045 1805 1097 compressione
1834 1043 2060 1083 emittentis.
2082 1060 2097 1078 ι
2128 1041 2188 1081 Cf.
2215 1040 2338 1080 Clem.
2366 1040 2479 1080 Alex.

1423 1103 1568 1143 Strom.
1601 1118 1639 1156 p.
1662 1106 1755 1153 676,
1777 1104 1974 1156 Porphyr.
2000 1102 2078 1141 Vit.
2109 1102 2212 1142 Plot.
2235 1115 2269 1142 c.
2292 1107 2364 1150 41;
2391 1100 2483 1140 Plu·

1422 1164 1544 1204 tarch.
1560 1163 1609 1202 dc
1625 1163 1678 1202 Is.
1689 1173 1727 1202 et
1745 1164 1851 1204 Osir.
1870 1177 1962 1216 pag.
1979 1163 2072 1211 365,
2093 1163 2141 1202 B.

1476 1223 1539 1262 Vs.
1553 1223 1725 1274 259-260
1745 1221 2100 1277 μακρῇσι-ἄλλως]
2113 1221 2232 1260 habet
2251 1220 2483 1261 Aristoteles

1423 1282 1471 1321 ed
1493 1282 1590 1322 Gen.
1608 1292 1646 1321 et
1663 1282 1776 1322 Corr.
1807 1283 1902 1332 11,ss
1925 1281 2028 1333 (vid.
2046 1281 2095 1320 ad
2116 1294 2155 1321 v,
2176 1280 2274 1331 261)
2293 1293 2382 1332 pag.
2403 1281 2480 1327 334

1425 1355 1459 1381 a.
1474 1342 1535 1382 ed.
1552 1343 1712 1381 Bekker.
1730 1342 1787 1380 Id.
1803 1341 1924 1393 Phys.
1933 1340 1989 1389 11,
2008 1346 2134 1392 4pag.
2158 1341 2232 1392 196
2250 1353 2285 1379 a.
2302 1339 2364 1380 ed.
2383 1339 2487 1378 Beku

1424 1402 1506 1441 ker.
1525 1401 1806 1452 ’Ἐμπεδοκλῆς
1820 1402 1884 1440 οὐκ
1900 1399 1955 1440 ἀει
1973 1400 2032 1438 τὸν
2044 1398 2132 1453 ἀέρα
2149 1398 2320 1439 ἀνωτάτω
2338 1399 2486 1451 ἀποκρί-

1425 1476 1460 1499 νε
1447 1459 1545 1499 εσθαί
1572 1476 1699 1513 φησιν,
1724 1462 1805 1500 ἀλλ’
1825 1457 1965 1504 ὅπως
1948 1474 1990 1497 αν
2011 1458 2120 1512 τύχῃ.
2152 1457 2246 1511 λέγει
2269 1461 2354 1509 γοῦν
2374 1458 2411 1496 ἐν
2440 1458 2487 1510 τῇ

1425 1517 1664 1571 κοσμοποιία,
1680 1521 1727 1562 ὡς
1742 1517 1833 1557 οὕτω
1854 1516 2044 1568 συνέκυρσ.
2029 1518 2136 1557 Ωκτλ.
2154 1515 2343 1555 Caeterum
2362 1514 2487 1569 ῥοίζοις

1427 1578 1543 1629 posui
1577 1591 1664 1616 cum
1685 1577 1884 1628 Scaligero
1907 1586 1945 1616 et
1964 1576 2197 1624 Karstenio;
2220 1575 2332 1614 codd.
2363 1573 2486 1629 ῥίζαις.

1478 1637 1543 1676 Vs.
1566 1638 1657 1677 261.
1672 1636 1907 1689 καρπαλίμως
1920 1633 2020 1690 κτλ.]
2040 1635 2264 1674 Eustathius
2275 1635 2324 1674 ad
2343 1635 2485 1687 Odyss-

1426 1695 1496 1736 lib.
1521 1696 1537 1734 l
1571 1709 1630 1735 vs.
1662 1696 1760 1741 320,
1796 1709 1886 1747 pag.
1921 1700 2021 1745 1419
2054 1694 2119 1748 (ex
2145 1694 2373 1732 Herodiano
2405 1693 2495 1747 περὶ

1426 1771 1542 1808 07⁷1}st-
1574 1753 1710 1807 Ὅμηρ.
1742 1769 1781 1792 v.
1802 1755 1983 1794 Creuzer.
2018 1753 2066 1792 ad
2098 1753 2199 1792 Plot.
2231 1753 2281 1792 de
2323 1751 2484 1792 Pulchr.

1427 1829 1464 1876 p.
1487 1815 1617 1866 197):
1636 1830 1677 1852 το
1700 1813 2006 1854 ἀνόπαια-δοκεῖ
2024 1828 2094 1852 τισι
2125 1811 2203 1851 ἀντὶ
2218 1815 2280 1852 τοῦ
2301 1810 2492 1867 ἀνωφερὴς

1428 1866 1515 1912 εἰναι
1535 1873 1758 1944 ὡρμημένοις
1783 1873 1823 1911 ἔκ
1842 1874 1911 1910 τῶν
1931 1870 2215 1923 Ἐμπεδοκλέους
2245 1869 2402 1915 εἰπόντος
2427 1869 2491 1910 ἐπὶ

1428 1930 1535 1983 πυρὸς
1563 1931 1603 1971 τὸ
1635 1930 1908 1984 «καρπαλίμως
1928 1931 2110 1970 ἀνόπαιον.
2143 1947 2161 1965 ³>
2189 1929 2420 1968 Aristoteles
2438 1929 2492 1969 de

1427 1988 1526 2030 Gen.
1544 1999 1581 2029 et
1593 2005 1696 2029 corr.
1719 1990 1772 2036 ll,
1795 1991 1818 2028 6
1833 2004 1872 2042 p.
1900 1991 1975 2035 334
2000 2003 2034 2029 a.
2052 1990 2113 2028 ed.
2128 1989 2286 2028 Bekker.
2306 2002 2316 2027 :
2339 1988 2491 2043 διέκρινε

1429 2050 1493 2103 μὲν
1508 2052 1577 2104 γὰρ
1590 2052 1632 2091 τὸ
1651 2052 1784 2102 νεῖκος,
1805 2051 1939 2104 ἠνέχθη
1960 2052 1991 2090 δ’
2009 2050 2110 2090 ἅνωὸ
2128 2049 2233 2102 αἰθὴρ
2254 2051 2320 2103 οὐχ
2339 2049 2409 2090 ὑπὸ
2427 2053 2489 2090 τοῦ

1426 2110 1561 2156 νείκους
1573 2141 1584 2160 ,
1608 2111 1684 2150 ἀλλ’
1705 2110 1761 2150 ὁτὲ
1786 2110 1849 2162 μέν
1870 2126 1976 2164 φησιν
1991 2109 2111 2162 ὥσπερ
2127 2109 2197 2149 ἀπὸ
2211 2108 2340 2162 τύχης·
2357 2126 2374 2144 α
2396 2107 2490 2150 οὕτω

1428 2168 1496 2222 γὰρ
1517 2168 1708 2223 συνέκυρσε
1727 2171 1806 2209 κτλ.
1833 2187 1864 2219 ¹,
1897 2168 1953 2209 ὁτὲ
1974 2169 2012 2209 δέ
2030 2185 2117 2223 φησι
2136 2168 2330 2222 πεφυκέναι
2348 2168 2390 2209 τὸ
2411 2171 2484 2220 πῦρ

1430 2227 1501 2265 ἄνω
1521 2227 1706 2281 φέρεσθαι·
1722 2246 1738 2263 α
1759 2231 1777 2267 ὁ
1792 2227 1822 2266 δ’
1845 2227 1964 2281 αἰθήρ,
1987 2227 2094 2280 φησί,
2120 2229 2281 2281 μακρῇσι
2297 2228 2376 2267 κτλ.
2391 2245 2408 2262 ιι
2429 2227 2490 2266 De

1431 2300 1530 2325 voce
1555 2286 1745 2338 ἅνόπαιον,
1778 2287 1891 2339 cujus
1917 2296 2115 2327 auctorem
2136 2288 2252 2326 etiam
2273 2287 2488 2327 Homerum

1432 2346 1617 2385 adhibent
1635 2347 1775 2398 Odyss.
1797 2347 1869 2387 lib.
1892 2346 1909 2384 1
1940 2361 2000 2387 vs.
2024 2348 2100 2385 320
2131 2347 2324 2386 dicentem
2349 2346 2440 2400 ὅρνις
2461 2346 2493 2385 δ’

1432 2407 1478 2449 ὡς
1495 2404 1648 2445 ἀνόπαια
1671 2406 1682 2460 (
1699 2406 1763 2445 vel
1781 2415 1824 2445 ut
1847 2406 2094 2444 Herodianus
2112 2406 2200 2444 vult
2216 2406 2370 2444 ἆνοπαῑα
2385 2407 2399 2455 )
2415 2404 2491 2444 διέ-

1433 2480 1548 2504 πτατο
1570 2473 1750 2505 veterum
1779 2465 1991 2517 opiniones
2008 2465 2166 2515 collegit
2186 2464 2306 2502 Henr.
2328 2462 2499 2516 Stepha·

1433 2537 1507 2563 nus
1525 2524 1643 2565 Thes.
1661 2525 1772 2575 Ling.
1788 2525 1858 2564 Gr.
1877 2533 1971 2565 tom.
1987 2524 2018 2562 V
2030 2524 2116 2563 sive
2135 2524 2316 2576 Append.
2331 2537 2374 2576 p.
2393 2523 2488 2570 454.

1434 2583 1660 2623 Karstenius
1680 2584 1953 2636 Empedoclem
1980 2584 2186 2636 scripsisse
2213 2581 2379 2634 conjicit
2399 2581 2490 2637 (πῦρ

1435 2641 1498 2693 μὲν
1534 2641 1670 2696 ὄρουσε)
1710 2642 1946 2696 καρπαλίμως
1983 2642 2152 2682 ἀνόπαιον
2166 2672 2176 2690 ,
2205 2655 2326 2694 quum
2359 2642 2490 2693 ignem

1435 2701 1605 2752 primum
1626 2702 1834 2741 emicuisse
1847 2703 1950 2741 inter
1969 2703 2179 2754 plerosque
2197 2709 2375 2740 auctores
2394 2715 2492 2740 con-

1435 2761 1579 2800 veniat.
1609 2760 1667 2809 Cf.
1696 2761 1812 2801 Ovid.
1836 2762 1992 2802 Metam.
2013 2761 2048 2809 1,
2077 2762 2140 2799 26.
2159 2761 2278 2812 Atqui
2299 2761 2491 2800 incertum

1435 2827 1492 2858 est
1507 2848 1518 2866 ‚
1537 2819 1735 2870 quomodo
1752 2819 2006 2872 Empedocles
2019 2821 2062 2859 in
2079 2819 2144 2858 his
2161 2818 2280 2858 rebus
2296 2831 2491 2858 exornan-

1436 2878 1498 2916 dis
1516 2887 1694 2917 versatus
1713 2879 1782 2927 sit,
1803 2879 1926 2918 variae
1944 2888 2069 2918 autern
2094 2886 2186 2917 sunt
2203 2890 2344 2917 versus
2362 2890 2494 2917 resar-

1437 2936 1565 2975 ciendi
1581 2937 1765 2985 rationes,
1783 2939 1891 2977 velut
1910 2952 1919 2976 z
1937 2938 2055 2992 ἔκθορε
2074 2937 2137 2989 μὲν
2158 2938 2298 2990 πρῶτον
2314 2941 2384 2991 πῦρ
2404 2952 2494 2990 καρ·

1437 2995 1603 3046 παλίμως
1623 2995 1805 3036 ἀνόπαιον.

1491 3055 1555 3096 Vs.
1572 3056 1767 3105 262-270.
1779 3054 2075 3112 ἄρθμια-ὀργή]
2090 3056 2319 3108 Simplicius
2331 3055 2451 3107 Phys.
2462 3054 2494 3103 1,

1438 3115 1463 3153 f.
1495 3116 1543 3159 34
1579 3127 1615 3154 a.
1641 3116 1681 3154 b.
1707 3114 1790 3154 Vss.
1825 3117 1903 3165 267
1939 3125 1978 3155 et
2012 3117 2088 3155 268
2118 3113 2494 3169 ε’χθρὰ-ἔκμοίκτοισι

1438 3174 1553 3212 etiam
1573 3173 1870 3226 Theophrastus
1884 3175 1932 3214 de
1951 3177 2075 3214 Sensu
2088 3187 2119 3214 s.
2146 3174 2192 3212 16
2212 3186 2250 3225 p.
2273 3172 2350 3210 653
2370 3186 2379 3210 ε
2399 3171 2492 3212 ἀλλὰ

1440 3232 1509 3281 μὴν
1530 3231 1608 3272 οὗδὲ
1624 3233 1688 3280 τὴν
1706 3234 1834 3281 ἡδονὴν
1856 3234 1916 3272 καὶ
1935 3233 2049 3283 λύπην
2069 3231 2356 3285 ὁμολογουμένως
2368 3231 2492 3281 ἀποδί-

1440 3294 1561 3339 δωσιν,
1587 3290 1735 3339 ἥδεσθαι
1759 3291 1821 3341 μὲν
1844 3294 1951 3331 ποιῶν
1969 3298 2040 3336 τοῖς
2068 3291 2222 3343 ὁμοίοις,
2245 3292 2435 3330 λυπεῖσθαι
2453 3289 2491 3328 δὲ

1441 3355 1513 3393 τοῖς
1532 3352 1717 3395 ἐναντίοις·
1740 3350 1848 3404 ἐχθρὰ
1864 3349 1932 3402 γὰρ
1948 3343 2057 3390 εἶναι·
2083 3351 2135 3390 διὸ
2154 3351 2318 3390 πλεῖστον
2343 3349 2407 3388 ἀπ’
2421 3350 2493 3387 ’ὄλ-

1441 3409 1559 3456 λήλων
1581 3407 1758 3462 διέχουσιν
1778 3410 1856 3450 κτλ.
1890 3410 1970 3448 Hos
1987 3422 2123 3449 versus
2142 3410 2320 3449 Sturzius
2340 3409 2388 3447 ad
2407 3408 2490 3446 ele-

1444 3477 1660 3507 mentorum
1687 3468 1989 3520 descriptionem
2018 3469 2188 3517 rettulit,
2221 3467 2451 3507 Karstenius
2471 3479 2497 3506 e
