2612 3814
260 322 1013 414 ΚΛΕΑΝΘΟΥΣ

532 495 740 558 ΕΠΗ.

476 769 613 820 ε’Υμνος
641 770 688 813 εἷς
717 767 799 806 Δία.

195 855 341 896 Κύδιστ’
360 850 556 903 ἀθανάτων,
573 849 798 902 πολυώνυμε,
821 847 1021 922 παγκρατὲς
1039 846 1108 884 αἷεὶ

195 917 262 955 Z?
227 931 262 952 υ
271 912 427 967 ,φύσεως
445 911 593 965 ἀρχηγέ,
606 911 716 961 νόμου
732 908 821 960 μέτα
841 908 960 946 πάντα
976 906 1167 959 κυὸερνῶν,

193 978 309 1026 χαῖρε·
328 971 366 1010 σὲ
389 971 456 1024 γὰρ
477 970 647 1009 πάντεσσι
665 967 763 1019 θέμις
782 969 936 1014 θνητοῖσι
951 965 1169 1018 προσαυδᾶν.

195 1033 264 1072 Ἐκ
280 1047 340 1071 σου
351 1030 424 1104 γὰρ
440 1029 536 1081 γένος
555 1044 619 1080 εσμ
627 1044 675 1075 εν,
700 1026 773 1070 ἑνὸς
793 1025 941 1078 μίμημα
957 1024 1125 1077 λαχόντες

141 1105 161 1130 5
192 1093 329 1141 μοῦνον,
346 1088 411 1127 ὅσα
426 1087 507 1134 ζώει
522 1103 558 1126 τε
576 1087 636 1126 καὶ
657 1086 754 1139 ἕρπει
770 1084 866 1134 θνήτ’
885 1084 944 1123 ἐπὶ
959 1090 1077 1136 γαῖαν.

196 1151 260 1201 Τῷ
279 1164 318 1187 σε
338 1147 571 1198 καθυμνήσω,
591 1145 652 1185 καὶ
672 1145 731 1184 σὸν
752 1143 879 1197 κράτος
899 1142 973 1183 αἰὲν
994 1142 1116 1183 ἀείσω.

196 1208 263 1248 Σοὶ
282 1206 324 1255 δὴ
344 1213 412 1251 πᾶς
434 1206 491 1245 ὅδε
510 1206 639 1258 κόσμος
659 1205 881 1256 ἑλισσόμενος
900 1204 981 1256 περὶ
998 1204 1103 1256 γαῖαν

197 1267 376 1314 πείθεται,
390 1261 413 1317 ᾗ
426 1282 485 1305 κεν
505 1265 592 1319 ἄγῃς
603 1295 614 1316 ,
630 1265 690 1304 καὶ
708 1264 796 1303 ἑκὼν
809 1263 875 1303 ὑπὸ
889 1268 962 1302 σεῖο
976 1269 1173 1317 κρατεῖται·

196 1331 288 1365 τοῖον
306 1324 396 1377 ἔχεις
412 1324 582 1377 ὖποεργὸν
601 1323 776 1371 ἀνικήτοις
796 1322 846 1362 ἐνὶ
865 1321 986 1376 χερσὶν

145 1400 179 1425 10
202 1384 370 1439 ἀμφήκη,
386 1383 579 1438 πυρόεντα,
597 1383 785 1429 ἀειζώοντα
802 1381 984 1436 κεραυνόν.

200 1448 274 1485 'lov
293 1444 361 1498 γὰρ
377 1443 444 1483 ὑπὸ
465 1445 586 1492 πλη“
541 1459 604 1496 γης
621 1443 755 1497 φύσεως
773 1443 867 1482 πάντ
869 1442 1087 1496 ἐῤῥίγασιν,

198 1508 227 1559 ᾧ
248 1503 290 1544 συ
310 1502 530 1548 κατευθύνεις
549 1502 660 1542 κοινὸν
678 1501 793 1555 λόγον,
813 1500 848 1546 ὃς
868 1500 925 1540 διὰ
941 1500 1084 1540 πάντων

202 1570 327 1618 φοιτᾷ,
347 1561 557 1615 μιγνύμενος
577 1562 744 1615 μεγάλοις
765 1566 900 1613 μικροῖς
920 1576 957 1599 τε
978 1561 1138 1614 φάεσσιν,

200 1627 247 1668 ὡς
263 1623 385 1667 τόσσος
406 1621 565 1675 γεγαώς,
589 1620 721 1666 ὕπατος
739 1619 901 1674 βασιλεὺς
921 1619 979 1660 διὰ
995 1619 1138 1664 παντός.

148 1697 182 1724 15
202 1682 296 1723 Οὖδέ
309 1698 344 1721 τι
357 1682 514 1734 γίγνεται
528 1681 628 1734 ἔργον
646 1681 704 1719 ἐπὶ
723 1680 822 1734 χθονὶ
840 1684 900 1719 σοῦ
919 1678 1017 1732 δίχα,
1035 1680 1176 1730 δαῖμον,

199 1742 278 1782 οὔτε
297 1742 377 1781 κατ’
398 1741 546 1794 αἰθέριον
564 1745 653 1779 θεῖον
673 1741 797 1792 πόλον,
814 1739 885 1779 οὔτ’
906 1739 956 1778 ε’νὶ
972 1738 1110 1792 πόντῳ,

201 1802 293 1849 πλὴν
314 1800 427 1840 ὁπόσα
443 1800 579 1855 ῥέζουσι
599 1799 702 1838 κακοὶ
720 1798 927 1852 σφετέρῃσιν
950 1797 1095 1842 ἀνοίαις.

203 1860 310 1901 Ἀλλὰ
329 1860 371 1899 σὺ
394 1861 455 1899 καὶ
475 1859 519 1898 τὰ
541 1859 692 1913 περισσὰ
710 1858 898 1898 ἐπίστασαι
916 1857 1020 1910 ἄρτια
1047 1860 1178 1904 θεῖναι,

202 1920 263 1959 καὶ
279 1924 423 1973 κοσμεῖν
438 1918 481 1957 τὰ
497 1919 638 1970 ἄκοσμα
650 1949 660 1967 ,
680 1917 740 1956 καὶ
760 1918 799 1956 οὗ
814 1917 899 1971 φίλα
913 1916 967 1956 σοὶ
979 1917 1063 1971 φίλα
1071 1916 1179 1956 ἐστίν.

148 1994 186 2019 ‘zo
202 1973 294 2018 ²⁴32&
308 1978 376 2032 γὰρ
391 1981 438 2022 εἷς
452 1977 487 2016 ἓν
501 1976 643 2016 ἅπαντα
652 1976 875 2029 συνήρμοκας
887 1976 992 2015 ἐσθλὰ
1004 1982 1179 2027 κακοῖσιν,

202 2036 287 2078 ὥσθ’
307 2037 369 2078 ἕνα
388 2038 568 2090 γίγνεσθαι
587 2036 729 2076 πάντων
746 2036 848 2088 λόγον
869 2035 942 2074 αἰὲν
964 2036 1064 2074 ἐόντα
1077 2066 1088 2085 ,

203 2097 240 2136 ὃν
262 2097 444 2151 φεύγοντες
466 2098 570 2135 ἐῶσιν
588 2094 663 2135 ὅσοι
681 2098 815 2142 θνητῶν
833 2095 936 2134 κακοί
953 2096 1040 2141 εἶσι,

1447 315 2068 404 CLEANTHIS

1568 488 1946 550 CARMINA.

1312 761 1501 814 δύσμοροι,
1522 759 1604 799 οἵτ’
1623 761 1764 812 ἀγαθῶν
1785 763 1848 812 μὲν
1869 759 1923 799 ἀεὶ
1942 762 2066 807 κτῆσιν
2086 760 2267 805 ποθέοντες

1313 820 1386 861 οὔτ’
1405 824 1552 874 ἐσορωσι
1570 824 1647 859 θεοῦ
1664 819 1778 859 κοινὸν
1797 819 1917 871 νόμον,
1939 818 2019 858 οὔτε
2038 819 2214 868 κλύουσιν,

1258 896 1293 922 25
1314 884 1343 919 ὦ
1364 897 1423 920 κεν
1444 879 1644 930 πειθόμενοι
1666 877 1728 919 σὺν
1745 881 1793 932 νῷ
1814 878 1888 932 βίον
1909 877 2069 918 ἐσθλὸν”
2051 893 2178 931 εχοι.εν

1315 940 1424 981 Αὐτοὶ
1446 941 1474 978 δ’
1492 933 1569 979 αὖθ’
1591 941 1747 992 ὁρμῶσιν
1767 938 1849 977 ἄνευ
1869 939 1980 977 καλου
1999 938 2132 982 ἄλλος’
2117 940 2172 976 επ’
2189 938 2295 985 ἄλλα,

1314 1002 1346 1040 οἱ
1368 999 1462 1052 μὲνι
1449 998 1537 1052 υπὲρ
1559 998 1657 1047 δόξης
1674 998 1830 1046 σπουδὴν
1850 996 2088 1051 δυσέριστον”
2068 1014 2084 1036 ε
2086 1013 2225 1050 Αοντες,

1314 1061 1345 1098 οἱ
1363 1061 1393 1098 δ’
1409 1057 1468 1097 ἐπὶ
1484 1056 1693 1110 κερδοσύνας
1708 1056 1946 1110 τετραμμένοι
1966 1056 2079 1096 οὐδενὶ
2099 1056 2240 1110 κόσμῳ,

1319 1117 1420 1157 ἄλλοι
1439 1118 1469 1155 δ’
1487 1119 1534 1161 εἷς
1551 1116 1668 1155 ἄνεσιν
1688 1115 1750 1155 καὶ
1770 1115 1936 1167 σώματος
1951 1116 2039 1164 ἡδέα
2059 1115 2144 1169 ἔργα
2156 1147 2168 1167 ,

1263 1190 1299 1216 30
1318 1176 1525 1220 σπεύδοντες
1546 1175 1644 1227 μάλα
1664 1175 1817 1227 πάμπαν
1839 1175 1980 1215 ἐναντία
1997 1177 2107 1216 τῶνδε
2120 1174 2298 1228 γενέσθαι.

1318 1237 1426 1277 Ἀλλὰ
1446 1238 1514 1277 Ζεῦ
1531 1235 1718 1288 πάνδωρε,
1739 1235 1963 1288 κελαινεφές,
1980 1236 2232 1289 ἀρχικέραυνε,

1320 1296 1521 1350 ἀνθρώπους
1539 1294 1632 1350 ῥόοιο
1653 1294 1883 1348 ἀπειροσύνης
1901 1295 1970 1334 ἀπὸ
1990 1296 2138 1348 λυγρῆς,

1319 1355 1362 1404 ἣν
1385 1355 1442 1406 σύ,
1460 1354 1589 1408 πάτερ,
1607 1353 1776 1394 σκέδασον
1787 1356 1905 1408 ψυχῆς
1922 1353 2009 1402 ἄπο,
2026 1353 2082 1398 δὸς
2099 1352 2135 1392 δὲ
2151 1356 2302 1407 κυρῆσαι

1319 1414 1484 1467 γνώμης,
1502 1408 1527 1467 ᾗ
1542 1413 1684 1458 πίσυνος
1698 1412 1741 1452 σὺ
1757 1413 1855 1461 δίκης
1874 1413 1965 1465 μέτα
1981 1414 2098 1452 πάντα
2114 1413 2300 1467 κυὸερνᾷς,

1267 1489 1302 1515 35
1322 1475 1399 1529 ὄφρ’
1417 1474 1459 1513 ἂν
1475 1473 1678 1525 τιμηθέντες
1698 1471 1952 1525 ἀμειὸώμεσθά
1973 1489 2012 1512 σε
2032 1476 2141 1527 τιμῇ,

1321 1537 1508 1586 ὑμνοῦντες
1532 1533 1576 1571 τὰ
1598 1533 1643 1574 σὰ
1660 1533 1745 1587 ἔργα
1770 1533 1948 1583 διηνεκές,
1970 1534 2015 1576 ὡς
2035 1532 2173 1571 ἐπέοικε

1322 1593 1445 1642 θνητὸν
1462 1592 1561 1642 ἐόντ’,
1572 1591 1648 1631 ἐπεὶ
1663 1592 1741 1632 οὔτε
1756 1595 1892 1646 βροτοῖς
1902 1589 2007 1644 γέρας
2024 1590 2110 1631 ἄλλο
2121 1606 2155 1628 τι
2170 1592 2302 1642 μεῖζον,

1321 1652 1400 1692 οὔτε
1422 1653 1509 1696 θεοῖς
1520 1681 1531 1700 ,
1550 1651 1573 1700 ἢ
1589 1651 1704 1691 κοινὸν
1720 1652 1775 1692 ἀεὶ
1789 1651 1894 1703 νόμον
1909 1654 1943 1691 ἐν
1963 1651 2042 1705 δίκῃ
2061 1651 2198 1703 ὑμνεῖν.

1377 1739 1574 1791 (Stobaeus
1604 1742 1738 1791 Eclog.
1770 1742 1880 1791 phys.
1903 1741 1972 1779 lib.
1995 1742 2015 1777 1
2047 1753 2131 1790 cap.
2168 1753 2207 1786 2,
2242 1753 2305 1786 12,

1242 1809 1335 1839 tom.
1379 1802 1397 1837 Ι
1424 1814 1465 1851 p.
1505 1801 1629 1844 13-14
1664 1801 1727 1841 ed.
1761 1801 1951 1838 Gaisford.
1980 1802 2045 1838 Vs.
2081 1800 2102 1836 3
2134 1798 2307 1838 πάντεσσι

1242 1859 1411 1908 conjecit
1444 1860 1630 1910 Scaliger;
1666 1864 1756 1897 πᾶσι
1787 1860 1954 1899 codices.
1978 1881 2031 1888 —
2059 1861 2122 1897 Vs.
2165 1864 2187 1903 4
2216 1857 2307 1910 ἤχου

1245 1917 1393 1970 μίμημα
1412 1919 1604 1956 librorum
1627 1919 1741 1956 lectio
1771 1926 1828 1956 est
1854 1931 1972 1968 quam
1997 1919 2143 1955 mutavi
2169 1919 2210 1955 in
2236 1917 2308 1961 ἑνὸς

1244 1976 1404 2028 μίμημα.
1424 1999 1479 2006 -
1498 1979 1563 2017 Vs.
1585 1977 1607 2015 5
1629 1979 1755 2028 μοῦνον
1776 1978 1954 2024 Ursinus,
1968 1979 2085 2028 vulgo
2104 1980 2239 2027 μοῦνοι.
2254 1998 2309 2006 -

1244 2040 1304 2076 vs.
1330 2051 1349 2084 7
1372 2035 1427 2074 σοὶ
1452 2034 1494 2084 δὴ
1519 2038 1703 2088 Scaliger3
1733 2036 1789 2076 σοὶ
1810 2035 1847 2075 δὲ
1879 2038 1996 2075 codd.
2024 2057 2079 2066 -
2107 2039 2169 2075 Vs.
2199 2050 2224 2087 9
2259 2036 2309 2074 ἐνὶ

1243 2095 1364 2149 χερσὶν
1394 2096 1629 2147 Brunckius3
1653 2095 1720 2134 ὑπὸ
1746 2095 1869 2151 χερσὶν
1898 2097 2061 2134 codices.
2083 2117 2136 2125 --
2162 2099 2225 2135 Vs.
2262 2096 2306 2132 13

471 2211 622 2252 Hymnus
642 2209 676 2240 in
698 2210 826 2240 Jovem.

124 2269 363 2302 Gloriosissime
379 2268 611 2301 immortalium
623 2292 633 2308 ,
651 2267 918 2308 celebratissime,
940 2277 1068 2310 semper
1084 2270 1187 2302 omni-

1063 2328 1188 2371 [potens

127 2387 266 2428 Jupiter,
284 2388 410 2420 naturoe
426 2389 550 2427 auctor,
565 2389 653 2419 certa
671 2386 740 2428 lege
757 2386 865 2419 omnia
881 2386 1063 2428 gubernans
1076 2412 1085 2429 ‚

129 2447 238 2488 salve3
254 2449 287 2480 te
302 2447 389 2478 enim
405 2446 527 2488 alloqui
545 2446 697 2478 omnibus
715 2446 907 2478 mortalibus
926 2446 1012 2480 licet.

129 2507 213 2539 Nam
232 2509 287 2538 tua
303 2505 469 2547 progenies
485 2514 619 2545 sumus,
638 2504 733 2537 unius
750 2505 925 2545 imaginem
939 2506 1044 2539 sortiti

130 2565 234 2597 solam
245 2588 254 2605 ,
281 2566 444 2606 quotquot
472 2564 615 2597 vivimus
643 2565 741 2606 atque
770 2563 952 2597 incedimus
983 2574 1039 2607 per
1070 2567 1189 2599 terram

1009 2623 1188 2666 [mortales.

131 2683 337 2724 Quapropter
353 2685 386 2716 te
405 2691 520 2715 canam
536 2684 692 2724 tuamque
714 2683 892 2724 potentiam
920 2685 1077 2726 perpetuo
1105 2686 1190 2719 cele·

134 2742 205 2775 Tibi
223 2743 366 2784 profecto
384 2744 472 2775 totus
493 2742 544 2774 liic
566 2742 708 2775 mundus
724 2742 782 2784 qui
798 2744 918 2775 terram
937 2743 1039 2777 ambit
1054 2744 1181 2787 [brabo.

135 2803 247 2844 paret,
263 2810 395 2843 quoquo
415 2801 501 2843 agis,
521 2803 554 2834 et
570 2801 682 2834 volens
700 2810 718 2834 a
738 2804 769 2834 te
786 2803 917 2841 regitur.

137 2861 228 2894 Adeo
246 2861 345 2894 habes
364 2861 547 2903 obsequens
562 2860 692 2894 invictis
709 2861 742 2893 in
758 2861 908 2894 manibus

136 2919 259 2953 fulmen
274 2920 439 2962 utrimque
455 2923 609 2962 acutum,
628 2920 756 2962 igneum
767 2945 776 2962 ‚
794 2929 923 2963 semper
939 2921 1064 2954 vivum.

140 2979 244 3020 Hujus
259 2980 344 3012 enim
359 2980 425 3012 ictu
444 2988 596 3021 percussa
617 2979 724 3012 omnis
741 2982 856 3013 natura
877 2981 1049 3022 horrescit,

137 3040 254 3080 quotu
271 3039 448 3072 moderaris
462 3043 604 3072 mentem
620 3049 827 3073 communem
839 3063 848 3078 ‚
870 3049 944 3081 quae
962 3040 1070 3072 omnia

139 3098 303 3139 pervadit,
323 3098 424 3131 mixta
441 3098 548 3141 parvis
565 3099 758 3141 magnisque
777 3099 972 3139 luminian

142 3158 178 3188 ut
192 3157 302 3190 tantus
317 3166 427 3191 rerum
446 3158 597 3191 dominus
608 3167 827 3202 summusque
842 3159 930 3192 omni
948 3160 1091 3200 tempore
1105 3166 1174 3191 rex.

141 3215 252 3256 Neque
266 3215 331 3248 ulla
345 3225 395 3249 res
412 3216 448 3249 fit
466 3217 500 3250 in
518 3217 614 3251 terris
630 3218 699 3251 sine
714 3218 765 3259 te,
787 3220 894 3259 Deus,

142 3281 247 3315 neque
263 3274 295 3306 in
312 3275 453 3308 aethereo
469 3275 644 3318 divinoque
665 3278 768 3318 coelo,
784 3286 888 3319 neque
905 3277 937 3310 in
956 3277 1048 3318 mari,
1093 3275 1196 3319 [titur.

143 3331 204 3364 nisi
228 3336 388 3374 quantum
413 3335 566 3377 nequitiae
592 3335 634 3369 ab
662 3335 818 3379 improbis
838 3338 897 3370 sua
921 3337 1062 3370 amentia
1079 3335 1198 3369 admit-

145 3390 208 3424 sed
224 3393 259 3424 tu
275 3392 372 3426 etiam
387 3394 519 3436 imparia
533 3396 597 3428 scis
615 3397 703 3437 paria
721 3397 874 3437 reddere,

144 3457 178 3486 et
194 3464 307 3489 ornare
323 3456 485 3498 inornata,
498 3461 595 3500 atque
610 3459 732 3500 ingrata
746 3460 802 3493 tibi
818 3461 907 3502 grata
921 3463 1008 3494 sunt.

148 3509 197 3541 lta
210 3510 295 3542 enim
314 3510 345 3543 in
361 3520 460 3544 unum
479 3515 595 3545 cuncta
610 3513 742 3554 coegisti
755 3513 838 3547 bona
853 3523 927 3547 cum
942 3515 1032 3546 malis
1044 3539 1054 3555 ,

1247 2210 1283 2241 ut
1296 2217 1362 2240 una
1377 2209 1526 2240 omnium
1543 2217 1634 2241 mens
1650 2217 1753 2250 eaque
1769 2209 1961 2241 immortalis
1975 2209 2111 2248 oriatur,
2206 2206 2307 2250 [sunt,

1247 2278 1345 2309 quam
1363 2268 1512 2310 fugiendo
1526 2268 1655 2301 missam
1674 2268 1799 2301 faciunt
1813 2269 2011 2310 quicumque
2028 2267 2214 2300 mortalium
2231 2267 2308 2299 mali

1248 2328 1374 2368 miseri,
1392 2327 1449 2369 qui
1477 2327 1635 2360 bonorum
1660 2327 1793 2369 quidem
1817 2328 2052 2369 possessionem
2079 2336 2209 2369 semper
2231 2326 2310 2360 exo·

2167 2385 2308 2428 [plantes

1248 2456 1354 2488 neque
1370 2447 1536 2479 intuentur
1555 2455 1763 2479 communem
1781 2446 1840 2480 Dei
1861 2447 1976 2488 legem,
1994 2456 2100 2489 neque
2119 2448 2257 2480 audiunt
2269 2472 2278 2486 ,

1249 2506 1300 2538 cui
1317 2506 1577 2547 obtemperantes
1595 2505 1770 2547 prudenter
1784 2506 1885 2538 vitam
1902 2506 2070 2539 honestam
2087 2506 2250 2548 degerent.

1250 2565 1315 2607 Ipsi
1329 2566 1440 2597 autem
1456 2553 1626 2597 inhoneste
1644 2564 1728 2597 alius
1746 2564 1785 2597 ad
1805 2565 1866 2597 alia
1885 2566 2122 2607 prorumpunt,

1251 2623 1283 2656 lii
1302 2623 1459 2656 indomita
1474 2623 1583 2665 gloriae
1599 2623 1776 2665 cupiditate
1791 2623 1980 2665 flagrantes,

1252 2684 1296 2717 illi
1311 2684 1495 2717 indecenter
1508 2684 1548 2717 ad
1562 2683 1655 2717 dolos
1669 2684 1861 2726 fraudesque
1877 2686 2040 2726 conversi,

1251 2744 1306 2776 alii
1320 2744 1462 2777 lasciviae
1475 2745 1508 2776 et
1522 2745 1667 2786 corporis
1686 2744 1811 2786 gaudiis
1831 2745 1949 2785 dediti,

1254 2803 1461 2843 properantes
1476 2801 1609 2834 omnino
1626 2801 1786 2834 contraria
1800 2802 1850 2834 liis
1869 2801 2009 2843 assequi.

1253 2860 1317 2893 Sed
1336 2860 1464 2902 Jupiter
1482 2861 1629 2893 omnium
1649 2861 1792 2902 largitor,
1807 2862 1893 2894 atras
1909 2861 2052 2894 efficiens
2067 2860 2186 2901 nubes,
2207 2860 2314 2893 fulmi-

2039 2919 2101 2962 [nis
2118 2920 2311 2961 moderator,

1256 2979 1403 3012 homines
1420 2979 1598 3012 miserabili
1617 2978 1793 3021 ignorantia
1813 2979 1927 3012 liberes
1941 3004 1949 3020 ,

1256 3047 1354 3080 quam
1381 3039 1436 3079 tu,
1469 3040 1572 3081 pater,
1599 3047 1640 3072 ex
1668 3038 1784 3071 animis
1813 3039 1896 3080 pelle
1918 3039 1951 3071 et
1974 3038 2113 3071 concede
2138 3039 2176 3071 ut
2200 3046 2314 3071 eonse-

2161 3097 2316 3140 [quamur

1259 3157 1505 3199 intelligentiam
1515 3181 1524 3198 ,
1542 3166 1607 3199 qua
1622 3156 1722 3190 fretus
1735 3159 1770 3189 tu
1781 3156 1867 3198 juste
1879 3156 1987 3189 omnia
2000 3155 2178 3198 gubernas,

1258 3221 1294 3249 ut
1310 3217 1460 3250 honorati
1476 3217 1598 3250 bonore
1612 3217 1645 3250 te
1662 3224 1917 3256 remuneremur,

1259 3276 1455 3309 carminibus
1469 3276 1551 3308 sacta
1569 3279 1622 3308 tua
1634 3276 1792 3317 perpetuo
1808 3274 2007 3308 celebrantes
2019 3299 2028 3315 ‚
2040 3274 2314 3316 quemadmodum

2211 3333 2317 3375 [decet

1261 3393 1423 3427 hominem
1433 3418 1443 3436 ,
1457 3394 1611 3437 quoniam
1628 3402 1732 3436 neque
1757 3393 1948 3426 mortalibus
1974 3393 2076 3425 ullum
2103 3392 2189 3424 aliud
2211 3391 2316 3431 majus

2002 3449 2134 3492 [donum
2149 3448 2316 3488 contigerit

1262 3520 1322 3544 nec
1330 3511 1391 3545 diis
1399 3521 1496 3554 quam
1507 3512 1532 3545 si
1543 3521 1748 3546 communem
1759 3512 1860 3554 legem
1874 3499 2092 3552 semperjiisle
2101 3507 2313 3540 celebremus.

1205 3574 1263 3607 151
