2612 3814
958 258 1053 298 ΠΒ.
1085 260 1154 299 DE
1183 259 1431 301 UNIVERSI
1451 264 1688 306 NATURA.

242 343 404 389 καθάπαξ
426 343 474 394 μὴ
493 342 551 382 διὰ
571 342 795 383 παιδοποιίαν
813 344 1069 396 συναπτόμεναι
1089 344 1296 391 ἀδικήσουσι

242 402 288 442 τὰ
308 403 506 454 τιμιώτατα
531 405 592 449 τῆς
611 402 792 446 κοινωνίας
812 402 1038 454 συστήματα.
1100 405 1144 443 Εἰ
1173 402 1209 442 δὲ
1235 404 1296 443 καὶ

242 462 467 514 γεννήσουσιν
501 463 532 501 οἱ
553 465 702 502 τοιοῦτοι
741 461 816 513 μεθ’
849 461 981 514 ὕὸρεως
1014 462 1074 502 καὶ
1103 462 1294 516 ἀκρασίας,

243 522 413 575 μοχθηροὶ
433 522 464 560 οἱ
483 518 664 572 γενόμενοι
691 520 752 560 καὶ
785 521 1036 572 κακοδαίμονες
1058 520 1214 571 ἔσονται,
1236 521 1296 559 καὶ

246 579 402 632 βδελυροὶ
436 578 505 618 ὑπό
526 594 565 617 τε
595 581 682 618 θεῶν
701 579 761 619 καὶ
797 580 971 631 δαιμόνων
1006 580 1067 619 καὶ
1102 579 1295 634 ἀνθρώπων

242 639 303 677 καὶ
322 638 425 677 οἴκων
443 638 503 677 καὶ
526 637 675 678 πόλεων.
731 642 853 678 Ταῦτα
879 634 938 678 οῧν
959 641 1295 693 προδιανοουμένους

243 700 282 738 οὗ
315 698 367 736 δεῖ
394 696 520 748 ὁμοίως
540 697 611 740 τοῖς
632 697 771 750 ἀλόγοις
797 698 897 744 ζώοις
930 697 1191 752 προσέρχεσθαι
1224 703 1295 742 τοῖς

245 756 588 810 ἀφροδισίοις,·ἀλλ’
621 760 667 802 ὡς
705 759 894 810 ἀναγκαῖον
927 758 1035 797 καλὸν
1067 757 1296 810 ἡγουμένους·

244 817 341 869 εἴπερ
363 818 555 867 ἀναγκαῖον
579 817 641 856 καὶ
667 817 774 856 καλὸν
797 811 886 856 εἶναι
906 819 1103 869 νομίζουσιν
1124 819 1156 856 οἱ
1174 817 1298 868 ἀγαθοὶ

245 877 315 914 τῶν
337 875 543 927 ἀνθρώπων,
560 875 600 914 τὸ
622 875 671 927 μὴ
704 877 807 928 μόνον
832 877 1124 930 πολυανδρεῖσθαι
1148 874 1226 919 τοὺς
1250 874 1301 913 οἴ-

243 950 342 982 κους,
379 934 440 973 καὶ
471 934 528 973 τὸν
573 935 716 974 πλείονα
748 939 811 984 τῆς
843 939 908 988 γῆς
937 936 1043 975 τόπον
1078 937 1298 987 πληροῦσθαι

247 992 496 1046 (ἡμερώτατον
529 994 598 1047 γὰρ
618 993 761 1034 πάντων
790 995 851 1034 καὶ
879 994 1060 1047 βέλτιστον
1083 996 1170 1039 ζῶον
1190 996 1208 1032 ὃ
1237 993 1301 1032 ἄν·

247 1054 400 1105 θρωπος)
417 1083 427 1101 ,
446 1054 538 1092 ἀλλὰ
562 1053 621 1092 καὶ
644 1053 683 1092 τὸ
702 1053 866 1106 μέγιστον
888 1055 1142 1106 εὖανδρεῖσθαι.
1215 1053 1237 1102 S
1261 1059 1297 1091 5.

247 1112 316 1152 Διὰ
334 1111 400 1164 γὰρ
419 1111 549 1160 ταύτην
565 1111 628 1160 τὴν
653 1111 769 1151 αἰτίαν
791 1113 850 1151 καὶ
869 1113 932 1158 τὰς
946 1114 1064 1156 πόλεις
1083 1109 1296 1162 εὖνομουμέ·

247 1187 309 1216 νας
325 1170 530 1219 οἰκήσουσι,
552 1171 611 1209 καὶ
632 1170 711 1216 τοὺς
727 1170 832 1215 ἰδίους
850 1171 963 1215 οἴκους
991 1170 1084 1210 κατὰ
1104 1171 1232 1224 τρόπον
1252 1171 1301 1208 οἷ-

249 1230 512 1281 κονομήσουσι,
540 1231 599 1269 καὶ
619 1230 697 1274 τοὺς
720 1230 814 1275 θεοὺς
837 1230 873 1269 δὲ
907 1230 1026 1284 φίλους
1047 1233 1164 1274 αὐτοῖς
1188 1245 1299 1267 κατα-

247 1287 426 1335 στήσουσι·
445 1288 595 1341 πάρεστι
609 1288 644 1327 δὲ
662 1290 800 1342 θεωρεῖν
817 1319 827 1337 ,
846 1289 897 1328 ὅτι
915 1289 974 1329 καὶ
994 1293 1016 1337 ἡ
1041 1289 1218 1343 βάρὸαρος
1236 1288 1297 1326 καὶ

246 1350 268 1394 ἡ
290 1346 420 1392 Ἑλλὰς
453 1348 531 1387 τότε
565 1347 720 1399 μάλιστα
746 1350 942 1400 εὐδοκιμεῖν
962 1349 1095 1403 πέφυκε
1126 1347 1218 1388 κατὰ
1237 1347 1302 1392 τὰς

246 1406 425 1451 πολιτείοῖς
445 1407 504 1446 καὶ
524 1406 585 1451 τὰς
601 1407 784 1453 πολιτικὰς
803 1408 1031 1462 πράξεις,ὃ’τε
1050 1408 1099 1460 μὴ
1115 1407 1218 1459 μόνον
1238 1422 1302 1445 πο-

245 1467 442 1521 λυπληθείᾳ
462 1467 668 1520 ἀνθρώπων,
693 1469 785 1508 ἀλλὰ
817 1470 877 1509 καὶ
905 1469 1071 1524 εὐανδρίᾳ
1103 1473 1299 1523 χορηγοῦν-

246 1541 321 1565 ται.
379 1527 458 1577 §6-
481 1526 590 1567 εὈθεν
626 1528 869 1580 ἁμαρτάνουσι
902 1530 1048 1580 πολλοί,
1071 1528 1120 1581 μὴ
1145 1526 1231 1581 πρὸς
1261 1527 1302 1567 τὸ

248 1585 390 1636 μέγεθος
410 1589 473 1633 τῆς
485 1587 596 1640 τύχης
612 1617 622 1637 ,
643 1588 733 1639 μηδὲ
753 1588 839 1642 πρὸς
856 1590 896 1629 τὸ
916 1589 1092 1643 συμφέρον
1113 1590 1163 1641 τῷ
1191 1590 1296 1639 κοινῷ

247 1645 468 1690 συνιστάντες
492 1647 572 1691 τοὺς
604 1647 739 1699 γάμους
756 1678 766 1696 ,
787 1648 879 1689 ἀλλὰ
898 1650 985 1702 πρὸς
1017 1650 1077 1688 τὸν
1101 1650 1250 1687 πλοῦτον
1278 1646 1300 1694 ἢ

247 1703 312 1751 τὴν
339 1705 516 1758 ὑπεροχὴν
550 1709 610 1744 τοῦ
638 1705 757 1759 γένους
791 1708 1061 1752 ἀποὸλέποντες.
1121 1707 1211 1747 Ἀντὶ
1239 1705 1302 1757 μὲν

247 1761 315 1816 γὰρ
343 1763 501 1819 τοῦνέαῦ
533 1764 594 1802 καὶ
625 1765 759 1818 ὡραίαν
794 1766 1074 1820 συναρμόζεσθαι
1091 1797 1103 1818 ,
1125 1763 1300 1817 συνηρμό·

2331 277 2407 310 403

1358 346 1530 379 liberorum
1549 349 1819 388 procreandorum
1846 359 1945 384 causa
1973 354 2102 386 omnino
2126 364 2189 387 non
2208 356 2358 397 coierint,
2391 359 2411 390 ii

1359 407 1571 440 nobilissimos
1591 408 1802 442 consortionis
1828 410 1981 444 humanae
2000 414 2104 445 coetus
2132 414 2249 454 injuria
2267 417 2412 450 allicient

1358 468 1391 499 et
1408 466 1588 501 violabunt.
1648 469 1769 508 Quodsi
1788 469 1867 502 tales
1892 469 2039 503 homines
2056 473 2227 506 salacitate
2252 476 2284 507 et
2302 476 2416 508 intem-

1359 526 1503 567 perantia
1520 526 1642 559 inducti
1667 527 1706 559 ad
1730 527 1947 568 generandum
1962 531 2173 568 accesserint,
2198 533 2253 573 qui
2270 534 2416 566 orientur

1362 586 1435 628 filii,
1455 586 1594 628 improbi
1626 590 1658 620 et
1687 588 1817 628 miseri,
1844 588 1922 629 diis,
1952 588 2177 630 daemonibus,
2208 592 2417 634 hominibus,

1360 655 1421 678 nec
1438 655 1502 678 non
1526 646 1652 679 familiis
1677 647 1709 680 et
1727 647 1913 680 civitatibus
1932 650 2124 681 exsecrandi
2149 652 2182 683 et
2210 651 2416 686 detestabiles

1361 703 1458 735 futuri
1477 705 1564 736 sunt.
1610 704 1672 742 Qui
1690 704 1787 746 igitur
1802 704 1872 737 baec
1888 707 1984 738 antea
2003 706 2294 748 consideraverint,
2312 709 2334 740 ii
2353 719 2417 742 non

1360 758 1542 791 belluarum
1559 768 1650 792 more
1659 759 1700 791 ad
1717 759 1924 793 concubitum
1940 761 2013 793 ferri
2030 761 2162 803 debent,
2180 763 2238 795 sed
2253 764 2297 795 ita
2315 766 2351 797 ut
2362 762 2424 806 qut

1362 822 1412 845 res
1432 822 1583 846 venereas
1612 815 1898 847 necessariabona
1914 824 1983 848 esse
2000 817 2114 856 putent
2137 830 2145 849 ι
2173 817 2335 859 siquidem
2364 828 2418 852 ne-

1361 870 1537 902 cessarium
1570 871 1603 902 et
1631 869 1754 902 bonum
1783 869 1874 910 probi
1905 870 1966 902 viri
1996 871 2206 910 existimant,
2229 881 2295 904 non
2315 873 2420 905 solum

1362 926 1475 958 domos
1488 929 1521 959 et
1541 926 1680 968 plurima
1697 927 1793 959 terrae
1811 927 1881 959 loca
1901 935 2017 967 magua
2032 927 2201 960 hominum
2213 929 2421 962 multitudine

1362 982 1484 1023 replere
1511 981 1522 1022 <
1530 982 1828 1014 mansuetissimum
1857 982 1945 1014 enim
1977 984 2075 1024 atque
2108 983 2268 1024 optimum
2299 984 2433 1032 anima--

1363 1038 1442 1070 lium
1460 1038 1606 1070 omnium
1620 1040 1670 1070 est
1686 1038 1819 1080 homo),
1839 1038 1895 1071 sed
1911 1039 2008 1071 etiam
2028 1039 2117 1080 quod
2145 1040 2324 1072 maximum
2351 1042 2421 1082 est,

1363 1094 1472 1134 probis
1490 1093 1673 1127 hominibus
1686 1094 1859 1134 complere.
1924 1092 1944 1135 ὃ
1961 1099 1989 1127 5.
2014 1096 2105 1127 Hanc
2126 1095 2212 1127 enim
2231 1095 2273 1127 ob
2290 1103 2421 1127 causam

1363 1151 1510 1190 eveniet,
1532 1151 1568 1182 ut
1588 1150 1736 1182 civitates
1762 1150 1844 1182 bene
1870 1149 2037 1183 institutas
2057 1151 2255 1192 inhabitent,
2273 1159 2324 1184 res
2346 1160 2423 1184 suas

1363 1210 1559 1243 domesticas
1572 1213 1604 1242 et
1619 1209 1790 1241 familiares
1806 1208 1986 1249 gubernent
2000 1216 2037 1240 ac
2052 1212 2138 1241 recte
2154 1210 2326 1250 tueantur,
2344 1209 2422 1241 deo-

1364 1265 1582 1306 rumdenique
1590 1263 1849 1296 benevolentiam
1858 1263 1918 1295 sibi
1933 1262 2117 1295 concilient.
2132 1265 2214 1294 Nam
2227 1263 2336 1296 videre
2348 1263 2423 1296 licet

1365 1321 1573 1353 barbarorum
1583 1321 1686 1352 terras
1693 1322 1725 1351 et
1737 1318 1896 1351 Graeciam
1912 1318 1982 1350 tum
1992 1317 2134 1349 maxime
2149 1317 2181 1349 in
2191 1318 2423 1351 administran-

1365 1378 1405 1409 da
1419 1376 1583 1419 republica
1598 1377 1694 1417 atque
1710 1375 1743 1407 in
1759 1373 1907 1415 gerendis
1927 1374 2061 1414 negotiis
2076 1373 2227 1406 civilibus
2246 1374 2403 1422 excellere
2414 1397 2424 1414 ,

1367 1443 1470 1476 quum
1496 1433 1527 1465 id
1547 1432 1717 1473 studeant,
1733 1432 1845 1464 utnon
1867 1429 1965 1462 modo
1979 1429 2149 1462 bominum
2170 1430 2423 1471 multitudinem,

1365 1490 1419 1523 sed
1437 1490 1534 1522 etiam
1551 1489 1728 1530 proborum
1747 1487 1891 1519 virorum
1913 1487 2039 1527 copiam
2054 1485 2116 1517 sibi
2133 1487 2335 1527 comparent.
2357 1485 2376 1527 ὃ
2391 1491 2423 1519 6.

1365 1546 1481 1585 Itaque
1505 1543 1599 1576 multi
1618 1543 1752 1584 peccant
1775 1541 1808 1573 in
1827 1550 1866 1573 eo
1882 1540 1968 1581 quod
1995 1549 2097 1581 quum
2123 1540 2330 1573 matrimonia
2346 1549 2425 1573 con-

1366 1601 1500 1634 trahunt
1518 1608 1582 1632 non
1602 1599 1740 1630 tortunae
1770 1605 1839 1629 suoe
1868 1596 1954 1638 (sive
1981 1605 2143 1637 prosperae
2168 1597 2237 1630 sive
2259 1595 2425 1636 adversae)

1367 1655 1621 1697 magnitudinem
1646 1653 1687 1694 (i.
1705 1662 1733 1686 e.
1753 1661 1845 1685 suam
1863 1652 2036 1693 salutem),
2053 1661 2158 1694 neque
2178 1653 2343 1694 publicam
2362 1654 2426 1686 uti-

1367 1714 1492 1747 litatem
1519 1711 1579 1744 sibi
1599 1710 1806 1752 proponunt,
1827 1707 1883 1741 sed
1904 1708 2034 1741 divitias
2050 1711 2105 1741 aut
2127 1709 2250 1749 generis
2271 1710 2427 1750 praestan-

1367 1771 1447 1804 tiam
1462 1770 1591 1802 tantum
1618 1766 1806 1807 respiciunt.
1851 1766 1916 1796 Pro
1934 1764 2040 1805 puella
2057 1765 2144 1797 enim
2171 1766 2269 1806 atque
2290 1765 2323 1798 in
2345 1765 2426 1799 flore

249 1836 355 1860 σαντο
371 1821 411 1860 ἂν
433 1821 496 1869 τὴν
521 1824 853 1877 ὓπερηλικεστέραν·
887 1825 966 1864 ἀντὶ
987 1826 1024 1864 δὲ
1046 1830 1107 1864 τοῦ
1128 1825 1299 1875 συμπαθῆ
1333 1823 1339 1878 Ι
1367 1828 1474 1861 aetatis
1501 1824 1679 1858 constituta
1711 1830 1809 1863 quam
1839 1820 1958 1853 ducere
1985 1820 2158 1861 debebant,
2186 1822 2332 1854 vetulam
2365 1821 2427 1854 sibi

252 1900 2420 1925 ω

248 1969 337 2007 σίας,
354 1968 440 2010 quod
457 1969 598 2001 secunda
621 1979 736 2003 manus
753 1973 959 2013 superposito
977 1984 998 2004 α
1013 1973 1045 2005 in
1067 1971 1220 2014 ἀκρασίας
1236 1979 1308 2002 cor-
1333 1971 1338 2010 Ι

249 2015 344 2048 rexit.
475 2019 477 2021 ’

289 2064 320 2095 οἱ
350 2062 529 2105 γενόμενοι]
554 2064 648 2097 codd.
673 2067 765 2098 Parr.
787 2067 824 2098 B.
846 2070 878 2098 et
905 2069 959 2108 C.;
983 2068 1061 2099 item
1088 2067 1161 2099 cod.
1184 2066 1307 2104 Barth.;

247 2109 280 2142 in
309 2110 382 2142 cod.
413 2114 449 2142 A.
473 2112 630 2152 scriptum
662 2114 713 2145 est
739 2114 768 2145 οἱ
796 2115 995 2155 γεννώμενοι.
1024 2117 1060 2146 ln
1086 2114 1160 2146 edd.
1182 2116 1305 2146 Lovan.

248 2156 333 2189 Batt.
352 2157 385 2189 et
399 2157 532 2190 Vizzan.
554 2160 661 2192 exstat
689 2161 718 2192 οἱ
736 2161 916 2202 γενόμενοι,
935 2161 1019 2202 apud
1038 2162 1198 2194 Commel.
1233 2160 1308 2201 (οἱ)

249 2202 431 2244 γενόμενοι,
454 2204 541 2244 apud
561 2206 752 2245 Nogarolam
772 2207 898 2247 abjecto
918 2208 1053 2240 articulo
1071 2208 1244 2249 γενόμενοι.

290 2253 393 2281 ταῦτα
409 2249 485 2292 οὖν]
500 2251 594 2283 codd.
614 2254 703 2285 Parr.
720 2255 756 2286 B.
776 2257 808 2286 el.
824 2255 876 2296 C.;
893 2254 981 2287 ταύτ’
1001 2254 1054 2287 οὖν
1074 2255 1149 2289 cod.
1167 2258 1203 2288 A.

291 2297 584 2340 προδιανοουμένους
596 2299 606 2340 ]
619 2300 714 2332 codd.
736 2303 839 2342 Parr.;
854 2302 1088 2343 διανοουμένους
1104 2302 1233 2336 vizzan.

293 2345 484 2386 ἡγουμένους
501 2362 544 2369 -
559 2347 612 2378 καὶ
628 2346 742 2389 καλὸν]
759 2347 895 2381 Librarii
912 2348 1100 2390 negligentia
1123 2347 1311 2382 exciderunt

254 2390 325 2423 haec
340 2390 372 2423 in
386 2391 459 2424 cod.
478 2393 553 2424 vat.
1071 2432 1074 2434 ,

294 2437 378 2479 εἴπερ
392 2438 524 2480 ἀναγκ.]
547 2440 617 2473 cod.
638 2442 711 2473 Par.
730 2443 768 2474 A.
788 2442 821 2475 et
845 2442 897 2475 ed.
912 2445 1009 2484 Lov.;
1031 2443 1086 2475 sed
1104 2443 1184 2485 ἅπερ
1212 2443 1309 2476 codd.

253 2485 345 2517 Parr.
363 2486 398 2516 B.
417 2486 449 2517 et
466 2486 502 2517 G.
519 2493 595 2518 cum
613 2487 685 2520 cod.
705 2488 831 2529 Barth-3
848 2490 924 2531 ὅπερ
938 2490 1009 2522 cod.
1026 2492 1100 2523 Vat.

294 2532 510 2574 πληροῦσθαι]
528 2533 601 2566 cod.
624 2536 696 2567 Par.
720 2536 775 2575 C.;
799 2536 832 2567 in
862 2536 993 2578 reliquis
1013 2537 1142 2569 duobus
1162 2537 1224 2570 hoc
1239 2546 1311 2569 ver-

254 2579 333 2612 bum
350 2579 566 2614 desideratur.

295 2627 495 2667 ἠμερώτατον
518 2629 578 2670 γὰρ
598 2628 723 2661 πάντων
738 2631 792 2662 καὶ
813 2631 972 2671 βέλτιστον
989 2634 1068 2668 ζῶον
1089 2632 1105 2663 ὁ
1129 2630 1310 2672 ἄνθρωπος]

253 2673 324 2706 cod.
351 2676 421 2706 Par.
446 2676 483 2706 G.
513 2679 610 2716 atque
631 2676 706 2708 edd.
731 2678 809 2716 Nog.
837 2679 964 2710 comm.
989 2679 1065 2711 Gal.
1094 2681 1192 2719 Darg.
1217 2682 1309 2719 Batt;

253 2722 365 2753 contra
387 2721 482 2754 codd.
506 2725 594 2755 Parr.
613 2725 651 2755 A.
667 2726 699 2755 et
719 2725 754 2756 13.
780 2724 982 2765 ἡμερώτατον
999 2726 1058 2767 γὰρ
1078 2728 1131 2758 καὶ
1149 2727 1309 2764 βέλτιστον

253 2767 380 2801 πάντων
405 2769 492 2806 ζώων
513 2770 530 2801 ὁ
552 2769 728 2811 ἄνθρωπο;;
761 2770 835 2804 cod.
868 2772 980 2805 Barth.
1009 2774 1223 2816 ἡμερώτερον;
1257 2775 1309 2808 ed.

254 2816 378 2847 Lovau.
401 2816 559 2856 βέλτιστον
576 2818 682 2858 ζώων,
697 2818 830 2850 Vizzan.
851 2827 869 2851 e
885 2818 979 2851 codd.
999 2821 1087 2852 vait.
1111 2822 1167 2860 ἡμ.
1182 2821 1241 2862 γὰρ
1257 2823 1310 2854 καὶ

256 2862 288 2903 β.
325 2861 449 2894 πάντων
480 2867 570 2900 ζῶον.
602 2866 764 2897 Caeterum
792 2865 862 2898 haec
892 2866 992 2898 verba
1012 2875 1076 2899 non
1105 2866 1221 2907 injuria
1255 2878 1311 2910 pro

256 2909 448 2950 glossemate
466 2910 562 2943 habet
579 2910 785 2952 Rudolphus.

296 2957 332 2988 τὸ
351 2956 514 2999 μέγιστον]
531 2958 627 2990 codd.
645 2961 734 2991 Parr.
764 2961 804 2991 A.
825 2961 858 2993 et
874 2961 925 3001 C.;
944 2960 1002 2993 sed
1027 2960 1100 2992 cod.
1118 2962 1160 2994 B.
1184 2964 1216 2994 et
1230 2965 1306 2996 Vat.

254 3012 314 3036 nec
329 3012 392 3036 non
412 3005 522 3037 Barth.
540 3009 596 3038 τοῦ
611 3006 775 3047 μεγίστου.

297 3051 542 3094 εὐνομουμένοις]
565 3052 661 3084 codd.
691 3056 781 3086 Parr.
804 3055 836 3086 et
854 3054 947 3094 vat.;
968 3055 1047 3093 Nog.
1070 3055 1305 3096 ἐννομουμένας.

295 3098 348 3129 καὶ
371 3099 441 3135 τοὺς
457 3100 542 3136 θεοὺς
559 3100 591 3131 δὲ
606 3100 709 3140 φίλους
725 3121 764 3128 -
778 3101 829 3133 ὅτε
843 3102 886 3142 μή
906 3100 1018 3142 μόνον]
1033 3102 1187 3142 Supplevi
1201 3103 1307 3136 locum

254 3144 350 3175 antea
368 3145 518 3177 mutilum
539 3155 613 3178 cum
636 3149 768 3180 Battaes.
796 3157 814 3180 e
839 3149 936 3181 codd.
953 3150 1044 3181 Parr.
1069 3151 1108 3180 A.
1130 3151 1163 3181 et
1180 3152 1230 3189 Β.,
1250 3152 1308 3183 nisi

255 3190 342 3231 quod
359 3191 412 3223 ille
428 3194 593 3234 παρέξουσι
609 3194 744 3234 adjecit,
758 3195 845 3236 quod
859 3205 922 3227 non
934 3197 983 3228 est
998 3196 1030 3229 in
1047 3197 1252 3231 membranis.
1272 3201 1308 3231 In

255 3236 324 3268 aliis
341 3239 450 3270 autem
469 3238 558 3271 libris
572 3240 700 3281 scriptis
715 3244 748 3273 et
760 3241 854 3274 editis
869 3242 939 3274 haec
952 3242 1103 3283 leguntur
1119 3252 1126 3274 :
1143 3244 1308 3286 οἰκονομή-

255 3294 347 3315 σουσι
358 3307 366 3323 ,
381 3285 434 3316 καὶ
450 3290 512 3323 τοῖς
527 3287 623 3328 φίλοις
640 3287 745 3325 αὐτοῖς
758 3289 839 3321 κατὰ
855 3289 908 3326 τὰς
925 3289 1082 3326 πολιτείας
1102 3292 1154 3322 καὶ
1174 3292 1230 3329 τὰς
1251 3305 1307 3325 πο-

254 3329 371 3366 λιτικὰς
382 3331 503 3372 πράξεις
515 3333 698 3374 παρέξουσιν
712 3334 763 3367 ὅτε
775 3336 817 3375 μὴ
834 3335 926 3377 μόνον
938 3348 967 3368 κ.
979 3348 1009 3368 τ.
1019 3337 1049 3368 λ.
1064 3337 1124 3369 Sed
1138 3337 1169 3368 in
1184 3340 1305 3370 Lovan-

255 3376 307 3408 ed.
321 3378 487 3418 παρέξουσι
501 3379 602 3412 deest.
614 3382 715 3414 verba
728 3383 861 3420 καὶτοὺς
873 3383 957 3420 θεοὺς
973 3384 1005 3415 δὲ
1016 3385 1119 3425 φίλους
1133 3385 1238 3422 αὐτοῖς
1252 3395 1305 3418 ex·

254 3425 340 3456 stant
350 3424 447 3456 etiam
459 3426 490 3457 iu
505 3426 599 3460 codd.
613 3429 701 3461 Vatt.
717 3430 852 3463 testibus
866 3430 1017 3463 Vizzanio
1032 3434 1063 3463 et
1080 3431 1305 3466 Siebenkeesio

254 3473 351 3511 atque
370 3470 401 3503 in
417 3473 489 3504 cod.
512 3474 621 3506 Barth.
638 3474 669 3507 in
696 3477 816 3518 quibus
832 3479 986 3519 praeterea
1005 3479 1172 3521 παρέξουσι
1190 3480 1307 3514 omitti·

1370 1969 1436 2003 tur,
1455 1962 1510 1995 sed
1534 1960 1612 1994 nihil
1641 1958 1716 1991 inde
1733 1958 1772 1989 ad
1793 1956 1985 1997 explendam
2012 1956 2160 1988 lacunam
2182 1957 2348 1989 enotatum
2365 1960 2426 1990 est.

1369 2014 1431 2046 Alii
1449 2011 1533 2053 apud
1555 2007 1716 2042 Commel.
1734 2007 1766 2039 in
1785 2008 1879 2039 Varr.
1901 2006 2005 2037 Lectt.
2019 2005 2140 2037 habent
2156 2005 2210 2037 καὶ
2226 2006 2254 2037 οἱ
2275 2006 2357 2046 φίλοι
2374 2007 2429 2038 αὺ-

1367 2065 1443 2098 τοῖς.
1463 2061 1501 2092 In
1532 2055 1638 2091 verbis
1662 2056 1715 2087 καὶ
1732 2054 1804 2091 τοὺς
1822 2053 1908 2090 θεοὺς
1924 2053 1956 2085 δὲ
1977 2052 2172 2093 Rudolphus
2190 2053 2244 2085 καὶ
2272 2062 2427 2094 superva-

1369 2117 1467 2141 cuum
1500 2106 1533 2138 et
1566 2103 1738 2136 molestum
1759 2110 1830 2134 esse
1862 2101 2011 2142 opinatus
2031 2100 2162 2141 delevit,
2192 2101 2283 2141 quod
2306 2102 2428 2135 nemini

1370 2155 1542 2196 probatum
1556 2152 1595 2185 iri
1610 2159 1717 2192 spero.
1733 2152 1813 2182 Xen.
1830 2148 1933 2181 Anab.
1947 2148 2003 2180 lib.
2020 2149 2066 2188 ΙΙ,
2084 2152 2115 2189 6,
2134 2152 2151 2180 8
2167 2157 2173 2178 :
2188 2149 2241 2180 καὶ
2253 2148 2381 2191 ἀρχικὸς
2394 2151 2428 2182 δὲ

1370 2204 1490 2244 ἐλέγετο
1502 2202 1592 2234 εἶναι.
1610 2199 1659 2231 Cf.
1676 2198 1755 2229 ibid.
1767 2199 1823 2238 Vl,
1843 2199 1871 2237 l,
1888 2200 1918 2230 6.
1936 2196 2014 2229 add.
2029 2197 2141 2229 Herm.
2158 2196 2197 2228 ad
2213 2199 2286 2238 vig.
2305 2207 2336 2239 p.
2353 2201 2426 2233 847.

1411 2245 1643 2288 πολυπληθείᾳ]
1666 2244 1739 2277 cod.
1760 2246 1831 2276 Par.
1858 2246 1910 2284 A.;
1931 2243 2128 2287 πολυπληθίᾳ
2144 2245 2238 2278 codd.
2267 2248 2302 2279 B.
2338 2249 2371 2281 et
2391 2252 2426 2281 C.

1370 2299 1553 2336 Utrumque
1569 2296 1654 2326 recte
1672 2301 1707 2324 se
1723 2292 1839 2331 habet;
1854 2300 1929 2323 nam
1941 2292 2152 2330 πολυπλήῡεια
2165 2293 2329 2327 invenitur
2342 2297 2427 2337 apud

1371 2344 1600 2386 Hippocratem
1619 2339 1712 2381 (vide
1724 2339 1830 2372 Foesii
1853 2340 2027 2370 OEconom.
2041 2339 2067 2378 )‚
2088 2340 2309 2382 Aristotelem,
2328 2344 2428 2385 alios,

1370 2390 1565 2430 πολυπληθία
1581 2387 1666 2429 apud
1680 2386 1871 2428 Sophoclem
1892 2387 2005 2426 fragm.
2028 2389 2100 2426 388,
2120 2388 2191 2421 Pol.
2213 2390 2239 2428 I,
2255 2392 2307 2429 48,
2332 2395 2363 2424 6.

1413 2437 1577 2480 εὐανδρίᾳ]
1604 2436 1676 2469 cod.
1699 2437 1772 2467 Par.
1803 2435 1855 2475 C.;
1882 2434 1937 2467 sed
1969 2434 2001 2466 in
2027 2434 2101 2466 cod.
2130 2437 2169 2467 A.
2194 2438 2356 2478 reperitur
2376 2439 2427 2472 ἀν·

1371 2487 1477 2530 ὀρείᾳ,
1506 2487 1540 2518 in
1561 2486 1596 2517 B.
1619 2482 1745 2525 ἀνδρίᾳ,
1771 2481 1858 2522 quod
1878 2481 1975 2514 etiam
1998 2481 2030 2513 in
2051 2481 2122 2514 cod.
2149 2484 2224 2515 Vat.
2248 2484 2364 2518 vidisse
2394 2496 2428 2520 se

1372 2537 1531 2567 testantur
1550 2531 1724 2566 Vizzanius
1742 2531 1774 2563 et
1792 2529 2044 2563 Siebenkeesius.
2065 2530 2153 2563 Idem
2180 2534 2288 2565 exstat
2305 2533 2337 2566 in
2354 2536 2427 2568 cod.

1371 2583 1482 2615 Barth.
1496 2583 1595 2622 atque
1613 2580 1645 2612 in
1663 2578 1713 2611 ed.
1734 2580 1853 2610 Lovan.

1412 2629 1431 2671 ς
1447 2634 1478 2661 6.
1501 2632 1555 2666 τῆς
1573 2625 1688 2668 τύχης]
1701 2626 1747 2657 lta
1765 2623 1876 2663 codd.;
1900 2623 2048 2656 Klotzius
2068 2623 2099 2655 ln
2121 2633 2258 2658 censura
2275 2627 2429 2673 editionis

1371 2676 1596 2717 Dargensianae
1615 2671 1784 2714 legendum
1805 2671 1990 2711 suspicatus
2014 2673 2063 2703 est
2080 2675 2132 2710 τῆς
2154 2673 2268 2715 ψυχῆς.
2295 2677 2336 2708 Αι
2355 2677 2427 2709 vul.

1371 2728 1444 2765 gata
1459 2723 1621 2764 scriptura
1639 2719 1850 2754 commodum
1865 2717 1963 2750 habet
1979 2727 2120 2751 sensum.

1413 2770 1651 2813 συνηρμὸσαντο
1675 2766 1733 2809 ἄν]
1755 2767 1807 2800 Sic
1832 2775 1946 2799 omnes
1974 2765 2069 2798 codd.
2102 2768 2216 2800 omitti
2243 2773 2370 2811 poterat
2392 2773 2429 2805 ἂν

1370 2820 1446 2861 quia
1461 2820 1499 2852 de
1517 2828 1555 2852 eo
1572 2819 1679 2860 agitur
1692 2816 1780 2858 quod
1795 2815 1862 2848 lieri
1877 2815 1956 2863 solet
1971 2815 1982 2856 (
1995 2814 2059 2847 vid.
2073 2816 2246 2849 Hermann.
2263 2819 2303 2850 ad
2321 2820 2427 2860 Viger.

1372 2875 1404 2907 p.
1424 2866 1512 2907 746);
1540 2866 1596 2899 sed
1626 2868 1755 2898 tuemur
1782 2863 2044 2895 membranarum
2066 2864 2272 2907 scripturam,
2303 2867 2335 2899 in
2366 2876 2430 2908 qua

1371 2913 1450 2946 nihil
1473 2916 1522 2947 est
1542 2913 1627 2955 quod
1660 2912 1702 2945 ab
1729 2911 1926 2952 optimorum
1944 2911 2136 2951 scriptorum
2168 2922 2227 2945 usu
2258 2914 2351 2954 plane
2371 2915 2429 2947 ab·

1372 2962 1511 2995 horreat.
1534 2961 1585 2995 Cf,
1606 2962 1782 2994 Hermann.
1810 2958 1851 2991 de
1873 2958 1956 2999 part.
1982 2958 2018 2990 ἂν
2036 2958 2092 2990 lib.
2121 2960 2136 2990 I
2156 2968 2214 3001 cap
2233 2964 2250 2994 7
2277 2965 2309 2994 et
2332 2963 2429 2994 Bern-

1370 3008 1461 3042 hardi
1475 3011 1610 3050 Syntax.
1635 3018 1666 3049 p.
1685 3010 1745 3040 390
1765 3015 1833 3047 seq.

1411 3059 1466 3088 τοῦ
1481 3054 1643 3096 συμπαθῆ]
1673 3053 1749 3086 cod.
1779 3053 1855 3084 Vat.
1879 3051 2104 3084 Siebenkeesio
2132 3053 2236 3094 teste;
2271 3054 2303 3087 in
2329 3055 2425 3088 codd.

1370 3102 1460 3134 Parr.
1475 3104 1574 3143 atque
1590 3103 1622 3135 in
1637 3101 1710 3135 edd.
1728 3102 1850 3133 Lovan.
1869 3100 1902 3132 et
1925 3101 2052 3132 comm.
2071 3100 2161 3132 deest
2178 3105 2247 3133 τοῦ.

1412 3149 1623 3193 ὁμοιοτάτην]
1644 3151 1695 3183 Sic
1710 3149 1875 3190 flagitante
1893 3157 1988 3180 sensu
2007 3158 2082 3181 cum
2103 3148 2171 3181 Gal.
2190 3152 2285 3191 Darg.
2306 3151 2425 3184 Rudol-

1371 3197 1434 3238 pho
1453 3199 1485 3229 et
1507 3198 1579 3230 aliis
1596 3197 1722 3239 scripsi.
1747 3197 1861 3230 codex
1879 3197 1954 3229 Vat.
1974 3196 2128 3229 Vizzanio
2148 3198 2180 3230 ct
2200 3198 2426 3232 Siebenkeesio

1370 3242 1508 3278 testibus
1525 3246 1656 3278 exhibet
1678 3245 1863 3288 ὁμοιότητα.
1894 3245 1998 3278 codd.
2021 3249 2085 3277 tres
2108 3246 2200 3277 Parr.
2223 3246 2422 3286 ὁμοιότατον,

1369 3294 1456 3334 quod
1483 3293 1514 3326 in
1533 3293 1586 3326 ed.
1615 3295 1740 3326 Lovan.
1762 3292 1900 3326 transiit.
1923 3292 2094 3325 Battaesius
2114 3292 2211 3325 habet
2233 3294 2422 3335 ὁμοιοτάτη,

1369 3341 1459 3374 Vizz.
1477 3341 1665 3382 ὁμοιοτάταν
1683 3341 1805 3374 dorice.
2070 3344 2077 3350 '

1407 3389 1508 3432 γένει]
1526 3389 1622 3422 codd.
1644 3391 1729 3422 Parr.
1749 3390 1788 3421 A.
1816 3389 1848 3421 et
1865 3391 1924 3429 13.;
1944 3389 1975 3421 in
2000 3390 2036 3421 C.
2053 3390 2168 3429 legitur
2186 3389 2271 3429 γένη,
2289 3388 2320 3420 in
2339 3397 2422 3421 mar-

1367 3435 1440 3476 gine
1454 3441 1562 3469 autem
1577 3439 1668 3477 γένει.

1409 3485 1428 3522 ἢ
1443 3484 1700 3526 ὑπερχρήματον]
1723 3485 1816 3517 codd.
1839 3489 1930 3519 Parr.
1952 3489 1989 3518 A.
2009 3487 2040 3518 et
2063 3487 2110 3526 Β.,
2132 3486 2206 3518 item
2226 3486 2299 3517 Vat.
2318 3493 2337 3517 a
2358 3484 2422 3518 Sie-

2270 3545 2314 3571 26.
