2612 3814
279 253 351 286 38⁴

275 347 346 373 cue
377 343 413 371 et
439 332 720 383 antiquissimae
757 330 1018 383 philosophiae
1048 330 1327 368 'convenienter

276 393 589 446 philosophatur.
648 391 855 442 Quumque
869 403 914 428 ea
936 390 1226 441 praetermittat,
1241 402 1327 439 quae

276 453 443 491 maxime
464 452 797 503 Pythagoreorum
819 449 983 501 propria
999 457 1115 495 sunt,
1142 447 1326 498 μετεμψύ-

273 528 384 565 χωσιν
404 521 442 550 et
459 523 710 549 numerorum
726 509 940 547 doctrinam
954 538 962 554 ,
978 521 1055 546 non
1077 516 1151 545 tam
1168 520 1327 545 sexcen-

276 573 350 610 ties
383 571 487 609 dicta
508 569 721 621 repetendo
754 580 906 606 omnem
946 567 1131 605 novitatis
1166 566 1326 615 gratiam

274 630 378 669 libro
402 629 679 681 praeripuisse,
710 640 824 679 quam
855 627 931 663 alia
951 626 1082 678 priseo
1112 639 1220 663 more
1249 634 1326 662 tra-

274 700 395 728 ctasse
410 688 623 727 censendus
643 696 715 726 est.
774 686 848 723 Sed
870 686 999 731 hunc,
1021 698 1133 734 quem
1157 685 1328 735 optimo·

273 762 359 787 rum
385 748 619 799 scriptorum
648 745 852 796 naufragio
877 745 1124 796 superstitem
1153 756 1237 781 esse
1257 757 1324 781 vo-

272 807 347 846 luit
368 806 522 844 fortuna
544 804 740 850 libellum,
772 817 851 841 non
880 815 994 854 posse
1031 801 1176 839 veteris
1203 801 1326 840 Ocelli

272 869 466 916 integrum
488 873 526 902 et
546 864 816 913 incorruptum
835 859 1249 912 opusculumjudicari
1264 860 1324 897 vel

272 923 366 961 inde
400 923 588 973 sequitur,
627 922 734 972 quod
780 921 888 958 illius
928 919 1165 970 Pythagorei
1202 932 1327 969 neque

271 982 375 1034 apud
394 981 639 1020 Aristotelem
663 975 809 1018 mentio
830 980 870 1017 fit
884 1008 894 1026 ‚
914 990 1040 1028 neque
1069 977 1173 1029 apud
1196 978 1325 1015 Plato-

272 1055 372 1080 nem.
430 1040 524 1078 Nam
562 1039 696 1091 spuria
729 1047 783 1076 est
823 1037 998 1075 Platonis
1035 1037 1083 1074 ad
1115 1036 1326 1087 Archytam

271 1099 445 1150 epistola.
503 1097 664 1135 Accedit
686 1097 791 1148 quod
821 1109 935 1134 nemo
964 1105 1052 1133 ante
1077 1095 1324 1133 Aristotelem

270 1158 404 1196 mundi
427 1158 702 1206 aeternitatem,
722 1170 838 1208 quam
868 1155 1149 1199 Pseudocellus
1177 1163 1322 1202 tuetur,

271 1217 415 1256 statuit.
473 1217 542 1256 Est
558 1225 684 1254 autem
705 1229 841 1254 eorum
865 1215 933 1266 qui
961 1214 1324 1252 commentariolum

271 1276 345 1314 hoc
366 1284 671 1314 commemorant
700 1274 998 1326 antiquissimus
1028 1282 1161 1312 auctor
1190 1272 1326 1320 Philo,

271 1336 339 1386 qui
364 1335 469 1374 libro
497 1335 545 1373 de
568 1335 714 1373 mundo
747 1348 825 1372 non
853 1334 1063 1372 interitui-o
1093 1347 1133 1385 p.
1165 1335 1241 1381 728
1264 1334 1325 1373 ed.

271 1395 422 1446 Colon.,
444 1394 528 1432 ἔνιοι
550 1394 606 1440 δέ,
632 1394 782 1444 inquit,
799 1394 862 1431 οὐκ
880 1392 1105 1443 Ἀριστοτέλη
1135 1392 1195 1438 τῆς
1228 1391 1326 1439 δόξης

271 1454 413 1506 εὑρετὴν
446 1453 628 1503 λέγουσιν,
666 1453 758 1491 ἀλλὰ
800 1455 869 1491 τῶν
909 1452 1158 1503 Πυθαγορείων
1214 1452 1323 1496 τινάς.

270 1512 366 1565 Ἐγὼ
386 1513 422 1552 δὲ
437 1512 495 1551 καὶ
518 1511 693 1551 Ὠκέλλου
709 1511 983 1564 συγγράμματι,
1010 1513 1191 1550 Λευκανοῦ
1208 1508 1324 1563 γένος,

273 1571 566 1625 επιγεγραμμένῳ
590 1572 746 1623 περὶτῆς
763 1574 823 1610 τοῦ
843 1570 973 1615 παντὸς
994 1570 1129 1623 φύσεως
1149 1569 1325 1621 ἐνέτυχον,

271 1634 305 1667 ε”ν
323 1624 351 1682 ᾧ
373 1628 540 1680 ἀγένητόν
560 1644 599 1667 τε
620 1628 679 1667 καὶ
694 1627 868 1681 ἄφθαρτον
889 1628 953 1666 οὐκ
974 1627 1186 1679 ἀπεφαίνετο
1203 1627 1321 1676 μόνον,

272 1689 363 1727 ἀλλὰ
378 1688 438 1726 καὶ
453 1688 507 1726 δι’
521 1687 727 1732 ἀποδείξεως
745 1686 981 1732 κατεσκεύαζε
996 1686 1054 1725 τὸν
1075 1686 1205 1736 κόσμον
1221 1679 1322 1724 εἶναι.

272 1748 427 1799 Reliqui
442 1761 520 1785 non
534 1748 663 1797 magni
685 1755 775 1785 sunt
789 1747 989 1785 momenti.
1023 1745 1220 1784 Lucianus
1240 1745 1327 1797 ὑπὲρ

271 1809 333 1844 τοῦ
354 1808 388 1846 ἐν
408 1808 450 1857 τῇ
467 1804 742 1857 προσαγορεύσει
755 1803 978 1856 πταίσματος
998 1817 1068 1855 cap
1086 1804 1107 1841 5
1134 1818 1143 1842 :
1167 1807 1184 1842 ὁ
1204 1802 1268 1855 μέν
1284 1820 1323 1856 γε

272 1865 450 1909 θεσπέσιος
474 1864 702 1916 Πυθαγόρας,
726 1866 755 1902 εἷ
789 1863 850 1902 καὶ
871 1863 980 1913 μηδὲν
1012 1863 1114 1906 αὐτὸς
1138 1864 1221 1914 ἡμῖν
1240 1862 1327 1901 ἴδιον

270 1924 479 1963 καταλιπεῖν
499 1925 568 1962 τῶν
588 1924 693 1962 αὐτοῦ
707 1922 853 1970 ἠξίωσεν
866 1953 876 1970 ,
895 1921 974 1961 ὅσον
994 1921 1155 1975 Ὀκέλλῳ
1174 1925 1222 1975 τῷ
1240 1928 1329 1962 Λευ-

271 1984 369 2035 κανῷ
399 1983 459 2021 καὶ
485 1982 638 2035 Ἀρχύτᾳ
662 1981 723 2020 καὶ
752 1982 822 2026 τοῖς
855 1981 975 2026 ἄλλοις
1001 1983 1188 2031 ὁμιληταῖς
1223 1983 1326 2020 αὐτοῦ

270 2041 540 2094 τεκμαίρεσθαι,
562 2044 636 2081 οὔτι
655 2041 695 2080 τὸ
723 2036 762 2080 εὗ
781 2041 948 2094 πράττειν
980 2042 1204 2094 προῦγραφεν
1218 2072 1227 2089 ,
1249 2043 1325 2080 ἀλλ’

274 2100 344 2138 ἀπὸ
365 2104 426 2140 τοῦ
450 2101 617 2151 ὑγιαίνειν
639 2100 810 2151 ἄρχεσθαι
831 2101 1002 2138 ἐκέλευεν.
1060 2099 1330 2151 Pseudarcliy-

274 2168 331 2198 tas
355 2159 397 2198 in
419 2160 586 2211 epistola
605 2159 653 2197 acl
675 2159 875 2197 Platonem
895 2159 1042 2210 scripta
1061 2159 1162 2210 apud
1184 2159 1328 2208 Dioge-

273 2232 359 2257 nem
381 2218 578 2257 Laertium
599 2217 701 2264 Vlll,
725 2219 774 2256 80
805 2232 814 2255 :
832 2219 948 2260 καλῶς
969 2218 1101 2264 ποιεῖς,
1122 2216 1174 2255 ὅτι
1195 2219 1326 2256 ἀποπέ·

273 2293 400 2330 φευγας
438 2279 479 2316 ἐκ
514 2284 578 2322 τᾶς
613 2278 824 2331 ἀῤῥωστίας.
884 2278 1009 2316 Ταῦτα
1047 2277 1116 2329 γὰρ
1157 2276 1260 2319 αὐτός
1291 2293 1328 2315 τε

274 2336 493 2381 ἐπέσταλκας
511 2335 574 2375 καὶ
594 2335 649 2374 τοὶ
670 2335 750 2387 περὶ
776 2336 969 2386 Δαμησκὸν
991 2336 1205 2386 ἀπάγγελον.
1238 2336 1326 2388 Περὶ

275 2395 311 2433 δὲ
331 2398 401 2434 τῶν
419 2394 685 2446 ὑπομνημάτων
708 2394 974 2445 ἐπεμελήθημες
987 2394 1049 2433 καὶ
1075 2394 1266 2446 ἀνήλθομες
1284 2397 1329 2439 ὡς

278 2452 465 2498 Λευκανὼς
485 2453 545 2492 καὶ
566 2454 771 2505 ἐνετύχομες
791 2459 863 2498 τοῖς
883 2454 1046 2493 Ὀκέλλω
1072 2454 1238 2506 ἐκγόνοις.
1270 2455 1329 2495 Τὰ

277 2512 339 2561 μὲν
363 2505 411 2551 ὧν
428 2512 508 2565 περὶ
524 2511 620 2563 νόμω
636 2513 696 2551 καὶ
714 2510 901 2565 βασιληίας
917 2514 977 2552 καὶ
995 2514 1172 2557 ὁσιότατος
1191 2515 1250 2553 καὶ
1268 2521 1329 2558 τᾶς

276 2572 327 2608 τῶ
346 2571 473 2614 παντὸς
490 2572 643 2623 γενέσιος
661 2572 761 2611 αὐτοί
781 2589 818 2610 τε
838 2573 963 2625 ἔχομες
979 2573 1039 2612 καί
1059 2589 1135 2612 τινα
1157 2575 1331 2613 ἀπεστάλ-

278 2644 403 2677 καμες.
461 2630 520 2668 Τὰ
540 2629 576 2668 δὲ
591 2629 699 2669 λοιπὰ
713 2629 807 2669 οὔτοι
827 2635 883 2669 νῦν
900 2646 940 2683 γε
959 2631 1105 2669 δύναται
1120 2634 1328 2684 εὑρεθῆμεν·

279 2685 316 2724 αἲ
335 2686 372 2725 δέ
395 2703 440 2725 κα
461 2689 604 2741 εὑρεθῇ,
635 2688 710 2736 ἥξει
730 2704 798 2728 τοι.

275 2746 481 2798 epistolam
514 2761 595 2785 non
638 2757 696 2786 est
730 2749 834 2798 quod
868 2749 1030 2788 uberius
1068 2751 1328 2791 ostendamus.

279 2804 409 2852 Idem,
447 2814 490 2843 ut
519 2819 637 2857 supra
664 2807 857 2855 diximus,
895 2808 942 2845 de
964 2808 1139 2847 Platonis
1164 2822 1330 2861 respon-

277 2865 391 2902 sione
419 2865 429 2915 (
449 2865 560 2914 Diog.
595 2866 623 2902 l.
662 2879 696 2905 c.
740 2867 784 2903 81
806 2867 818 2918 )
850 2866 1120 2918 judicandum.
1177 2867 1330 2907 Πλάτων

279 2923 312 2962 Ἀ
321 2923 433 2976 ρχύτᾳ
467 2917 507 2961 εῧ
541 2922 719 2976 πράττειν.
778 2924 834 2964 Τὰ
874 2924 936 2975 μὲν
962 2926 1061 2978 παρὰ
1094 2930 1155 2964 σοῦ
1187 2927 1330 2965 ἐλθόντα

278 2981 516 3033 ὑπομνήματα
544 2985 755 3032 θαυμαστῶς
774 2986 820 3027 ὡς
841 2984 988 3035 ἄσμενοί
1008 3001 1046 3023 τε
1077 2985 1249 3036 ε’λάὸομεν
1271 2987 1331 3025 καὶ

278 3046 339 3080 τοῦ
361 3042 558 3095 γράψαντος
584 3040 671 3080 αὐτὰ
695 3042 899 3094 ἠγάσθημεν
928 3046 974 3088 ὡς
994 3043 1044 3083 ἔνι
1072 3046 1226 3095 μάλιστα
1242 3075 1252 3089 ,
1271 3045 1332 3083 καὶ

279 3099 389 3145 ἔδοξεν
405 3104 489 3150 ἡμῖν
504 3093 622 3139 εἷναιὸ
637 3100 724 3153 ἀνὴρ
738 3102 830 3146 ἄξιος
841 3102 981 3142 ἐκείνων
997 3108 1066 3143 τῶν
1081 3105 1241 3143 παλαιῶν
1253 3121 1334 3156 προ-

278 3159 407 3221 γόνωνζ
424 3159 597 3211 Λέγονται
614 3159 682 3212 γὰρ
697 3163 727 3199 οἱ
743 3161 863 3215 ἄνδρες
879 3156 971 3201 οὗτοι
991 3163 1108 3215 μυρίοι
1131 3156 1234 3204 εἶναι.
1257 3159 1331 3203 05-

280 3234 331 3256 τοι
348 3220 475 3266 δ’ἠσαν
489 3220 557 3256 τῶν
571 3219 630 3258 ἐπὶ
644 3219 887 3269 Λαομέδοντος
903 3220 1165 3266 ἐξαναστάντων
1179 3222 1312 3275 Τρώων
1322 3254 1331 3269 ,

283 3276 402 3329 ἄνδρες
421 3276 568 3328 ἀγαθοί,
584 3279 629 3321 ὡς
647 3280 665 3316 ὁ
681 3278 961 3331 παραδεδομένος
982 3282 1085 3330 μῦθος
1105 3281 1217 3327 δηλοῖ.
1275 3281 1332 3320 Τὰ

282 3335 317 3374 δὲ
337 3337 424 3388 παρ’
444 3335 524 3385 ἐμοὶ
545 3338 784 3387 ὑπομνήματα
799 3367 810 3388 ,
828 3338 909 3390 περὶ
942 3333 990 3377 ὧν
1011 3338 1231 3388 ἐπέστειλας,
1250 3342 1331 3378 ἱκα-

281 3399 345 3439 νῶς
366 3395 429 3446 μὲν
451 3394 550 3433 οὔπω
566 3395 659 3449 ἔχει,
684 3397 732 3440 ὣς
748 3395 784 3434 δέ
799 3411 885 3435 ποτε
906 3397 1074 3450 τυγχάνει
1093 3396 1219 3450 ἔχοντα
1241 3400 1331 3437 ἀπέ-

283 3454 422 3493 σταλκά
440 3469 509 3494 σοι.
569 3454 663 3508 Περὶ
678 3454 713 3494 δὲ
733 3458 793 3504 τῆς
807 3457 965 3510 φυλακῆς
986 3457 1176 3510 ἀμφότεροι
1193 3474 1333 3512 συμφω-

857 2689 1105 2742 Suppositam
1125 2704 1209 2729 esse
1230 2690 1330 2730 hanc
1357 2711 1360 2714 ·

1083 242 1150 281 DE
1179 240 1376 281 OCELLO
1405 238 1622 278 LUCANO.

1387 331 1536 377 νοῦμεν,
1560 325 1651 365 ὥστε
1682 324 1780 365 οὐδὲν
1803 326 1857 364 δεῖ
1881 326 2200 379 παρακελεύεσθαι.
2256 325 2441 382 ’'Eppium-

1391 387 1465 425 Vix
1500 385 1808 434 intelligeremus
1836 385 1905 424 has
1946 386 2080 424 laudes
2111 386 2258 438 quibus
2289 387 2446 427 Ocellus

1389 446 1554 497 ejusque
1575 444 1743 495 majores
1757 444 1821 483 hic
1837 454 2044 496 ornantur,
2063 446 2140 484 nisi
2155 446 2350 496 Diogenes
2366 460 2446 498 quo

1389 514 1607 557 spectarent
1623 514 1678 543 tot
1692 506 1825 543 inania
1836 505 1956 544 verba
1970 506 2242 556 significasset.
2300 506 2447 545 Censo-

1390 566 1501 603 rinus
1521 565 1570 602 de
1584 564 1648 603 die
1662 564 1781 602 natali
1797 577 1881 616 cap.
1901 570 1921 610 l.
1941 578 2069 616 pag09
2086 565 2147 604 ed.
2163 563 2281 603 Jahn.
2303 578 2312 602 τ
2334 582 2350 599 ι
2369 566 2450 603 Sed

1384 630 1493 674 prlor
1515 626 1586 661 illa
1606 628 1812 668 sententia,
1846 638 1922 674 qua
1939 637 2088 674 semper
2106 625 2313 661 humanum
2327 636 2448 673 genus

1389 684 1507 722 fuisse
1534 684 1715 728 creditur,
1741 691 1911 720 auctores
1937 683 2053 720 habet
2082 683 2342 734 Pythagoram
2370 684 2448 721 Sa-

1389 747 1502 780 mium
1522 751 1561 779 et
1582 743 1751 779 Ocellam
1771 744 1966 778 Lucanum
1985 750 2025 778 et
2040 742 2248 791 Archytam
2281 744 2449 780 Tarenti-

1388 816 1475 843 num
1512 815 1714 851 omnesque
1748 803 1845 838 adeo
1873 801 2160 851 Pythagoricae.
2197 819 2213 836 u
2275 801 2454 854 Respicit.

1388 861 1567 913 opusculi
1592 860 1641 899 (le
1657 860 1835 898 universi
1857 869 1994 898 natura
2013 873 2099 912 cap.
2127 862 2148 899 3
2170 862 2191 912 S
2213 862 2250 899 3.
2307 861 2448 902 Sextus

1391 920 1611 972 limpiricus
1644 919 1732 958 adv.
1755 919 1872 958 math.
1905 918 1975 958 lib.
1997 918 2050 956 lx
2085 932 2174 972 cap.
2203 920 2346 959 ultimo
2372 934 2381 958 ε
2404 921 2446 960 ἑκ

1388 978 1494 1018 πέντε
1515 979 1550 1018 δὲ
1569 975 1742 1021 Ὄκελλος
1762 980 1780 1016 ὁ
1799 976 1976 1021 Λευκανὸς
1997 977 2057 1016 καὶ
2077 977 2336 1031 Ἀριστοτέλης·
2356 994 2447 1031 cup..

1390 1037 1590 1091 παρέλαὸον
1606 1036 1674 1090 γὰρ
1689 1039 1760 1081 τοῖς
1772 1036 1936 1088 τέτταρσι
1954 1036 2138 1089 στοιχείοις
2154 1036 2194 1075 τὸ
2210 1035 2372 1089 πέμπτον
2385 1037 2446 1078 καὶ

1388 1096 1684 1151 κυκλοφορητικὸν
1706 1098 1831 1147 σῶμα,
1852 1095 1888 1141 ἐξ
1906 1089 1945 1134 οὗ
1964 1095 2123 1146 λέγουσιν
2145 1089 2235 1135 εἶναι
2262 1096 2308 1135 τὰ
2328 1097 2444 1150 οὖρά-

1387 1172 1458 1195 νια.
1517 1156 1590 1195 Cui
1606 1157 1829 1194 testimonio
1846 1168 1938 1193 cave
1956 1155 2070 1193 tidem
2091 1155 2281 1207 adjungas
2294 1185 2304 1203 ,
2323 1170 2444 1208 quum

1388 1215 1429 1253 in
1470 1215 1702 1268 exponenda
1735 1223 1920 1266 quattuor
1953 1215 2234 1253 elementorum
2267 1215 2447 1255 doctrina

1389 1276 1493 1313 nulla
1509 1276 1656 1327 quintae
1676 1275 1790 1313 istius
1806 1283 1975 1321 naturae,
1995 1274 2213 1313 coelestium
2234 1288 2446 1327 corporum

1389 1334 1559 1372 materiae
1582 1334 1728 1372 mentio
1754 1334 1796 1371 in
1812 1333 1936 1371 ocelli
1960 1332 2065 1370 libro
2081 1341 2216 1375 exstet.
2272 1332 2446 1374 Jambli-

1388 1394 1483 1430 chus
1500 1393 1571 1430 vit.
1594 1392 1708 1444 Pyth.
1742 1407 1776 1431 c.
1811 1393 1860 1430 36
1882 1406 1920 1444 p.
1947 1405 2020 1429 221
2049 1405 2058 1429 z
2079 1393 2149 1430 τῶν
2172 1391 2208 1430 δὲ
2229 1393 2446 1443 συμπάντων

1391 1451 1637 1504 Πυθαγορείων
1654 1451 1734 1496 τοὺς
1748 1451 1810 1501 μὲν
1826 1450 1983 1501 ἀγνῶτάς
1999 1466 2035 1489 τε
2052 1450 2112 1489 καὶ
2130 1450 2331 1501 ἀνωνύμους
2348 1460 2447 1498 τινας

1390 1509 1539 1553 πολλοὺς
1569 1509 1658 1554 εἰκὸς
1689 1510 1888 1563 γεγονέναι·
1917 1512 1986 1548 τῶν
2009 1508 2044 1547 δὲ
2076 1508 2339 1561 γνωριζομένων
2371 1510 2446 1550 ἐστὶ

1389 1570 1473 1608 τάδε
1495 1568 1538 1607 τὰ
1564 1569 1741 1618 ὀνόματα,
1760 1570 1803 1608 ἰη
1825 1568 1971 1620 quibus
1992 1569 2186 1607 clarorum
2209 1569 2448 1620 Pythagore-

1389 1641 1503 1665 orum
1522 1628 1752 1667 nominibus
1770 1636 2021 1666 recensentur
2043 1641 2083 1679 p.
2105 1628 2181 1665 223
2200 1628 2315 1666 etiam
2335 1628 2444 1669 haec:

1389 1686 1586 1725 Λευκανοί·
1607 1684 1757 1730 Ὄκελος
1782 1685 1842 1724 καὶ
1861 1684 2016 1735 Ὀκυλος
2042 1685 2197 1740 ἀδελφοί.
2255 1686 2448 1739 Syri-anus

1388 1746 1429 1783 in
1452 1746 1673 1784 Aristotelis
1701 1745 1868 1798 Metaph.
1891 1744 1981 1783 libr.
2010 1744 2104 1783 Xlll
2130 1759 2171 1798 p.
2196 1747 2273 1798 368
2294 1761 2304 1784 z
2338 1748 2448 1799 ὀρθῶς

1390 1804 1459 1857 ἄρα
1483 1803 1543 1842 καὶ
1565 1805 1698 1852 ταύτην
1718 1803 1898 1843 ἐνίσταντο
1917 1803 1979 1850 τὴν
1999 1803 2145 1851 ζήτησιν
2161 1804 2221 1843 καὶ
2243 1803 2305 1852 τὴν
2333 1804 2447 1845 αἰτίαν

1389 1862 1589 1915 παρέδοσαν
1624 1867 1684 1903 τοῦ
1716 1863 1870 1911 πλήθους
1899 1866 1970 1902 τῶν
1997 1862 2106 1907 ὄντως
2125 1863 2255 1902 ὄντων·
2285 1864 2346 1904 καὶ
2367 1863 2447 1904 οὔτε

1388 1923 1473 1975 πρός
1491 1939 1526 1961 τι
1543 1922 1606 1969 τὴν
1621 1923 1742 1976 ἑτέραν
1764 1921 1901 1961 ἐποίουν
1921 1925 1991 1961 τῶν
2012 1924 2132 1975 ἀρχῶν
2146 1953 2157 1972 ,
2180 1921 2259 1962 οὔτε
2285 1923 2342 1962 τὸν
2364 1925 2447 1978 περὶ

1390 1985 1457 2020 τῶν
1484 1984 1661 2030 αἰσθητῶν
1689 1982 1790 2034 λόγον
1813 1982 1929 2035 πάντῃ
1953 1981 2249 2036 παρελίμπανον,
2274 1985 2321 2028 ὡς
2346 1984 2447 2031 δηλοῖ

1389 2040 1432 2079 τὰ
1454 2042 1628 2081 Ἐκκέλου
1654 2041 1717 2092 μὲν
1733 2041 1813 2095 περὶ
1841 2044 1903 2088 τ’ἧς
1931 2045 1991 2080 τοῦ
2012 2041 2142 2086 παντὸς
2174 2041 2315 2094 φύσιος,
2336 2042 2372 2088 ἐξ
2396 2035 2446 2082 ὧν

1389 2101 1431 2139 τὰ
1449 2102 1537 2153 [τοῦ
1560 2101 1845 2154 Ἀριστοτέλους]
1869 2100 1950 2152 περὶ
1969 2101 2137 2152 γενέσεως
2151 2100 2212 2139 καὶ
2232 2105 2363 2154 φθορᾶς
2383 2116 2448 2152 μο-

1388 2160 1528 2213 νονουχὶ
1560 2160 1852 2211 μεταὸεὸλῆσθαι
1884 2161 2002 2207 δοκεῖ,
2048 2162 2109 2198 τοῦ
2127 2148 2301 2211 “Τιμαίου
2327 2161 2364 2199 δὲ
2401 2161 2447 2199 τὰ

1389 2220 1537 2258 πλεῖστα
1551 2249 1563 2270 ‚
1579 2219 1656 2258 καθ’
1674 2220 1711 2258 ὃν
1729 2222 1750 2266 ἡ
1768 2217 2040 2271 Περιπατητικὴ
2061 2218 2247 2271 φιλοσοφία
2266 2219 2310 2256 τὰ
2329 2218 2447 2258 πολλὰ

1389 2280 1556 2329 θεολογεῖ.
1587 2279 1753 2317 Proclus
1767 2275 1985 2316 Comment.
2003 2277 2045 2315 in
2063 2277 2240 2315 Platonis
2254 2276 2445 2316 Timaeum

1391 2337 1463 2376 lib.
1485 2337 1540 2375 Ill
1560 2352 1598 2389 p.
1625 2338 1700 2375 150
1722 2351 1730 2375 ε
1754 2338 1856 2376 ἄλλοι
1879 2337 1915 2374 δέ
1930 2352 2039 2381 τινες,
2057 2338 2102 2379 ὡς
2120 2337 2151 2374 οἱ
2171 2335 2253 2385 περὶ
2271 2334 2446 2376 Ὄκκελον

1390 2396 1447 2435 τὸν
1471 2399 1532 2434 τοῦ
1557 2395 1714 2445 Τιμαίου
1735 2395 1904 2448 πρόοδον,
1927 2395 1988 2434 δύο
2015 2394 2179 2445 δυνάμεις
2209 2394 2349 2449 ἑκάστῳ
2376 2397 2446 2435 τῶν

1392 2455 1575 2508 στοιχείων
1597 2456 1776 2505 διένεμον,
1792 2455 1875 2506 πυρὶ
1896 2453 1959 2505 μὲν
1986 2453 2113 2506 θερμὸν
2136 2453 2197 2493 καὶ
2217 2453 2318 2507 ξηρόν
2335 2485 2347 2505 ,
2369 2454 2448 2508 ἀέρι

1390 2515 1426 2553 δὲ
1444 2515 1569 2568 θερμὸν
1599 2514 1661 2554 καὶ
1681 2514 1782 2567 ὑγρόν
1796 2545 1807 2565 ,
1829 2513 1930 2552 ὕδατι
1952 2514 1987 2552 δὲ
2008 2514 2112 2566 δγρὸν
2131 2514 2192 2552 καὶ
2219 2514 2353 2567 ψυχρόν
2367 2545 2378 2561 ,
2398 2517 2446 2568 γῇ

1390 2573 1424 2612 δὲ
1445 2574 1579 2626 ψυχρὸν
1596 2573 1657 2612 καὶ
1675 2573 1791 2625 ξηρόν.
1853 2572 1923 2612 Καὶ
1940 2577 2051 2611 ταῦτα
2066 2572 2330 2625 ἀναγέγραπται
2348 2570 2446 2625 παρὰ
2477 2611 2483 2618 .

1390 2635 1490 2672 τοῦδε
1513 2637 1573 2672 τοῦ
1596 2633 1719 2685 ἀνδρὸς
1739 2634 1772 2671 ἐν
1794 2635 1844 2686 τῷ
1861 2632 1943 2685 περὶ
1958 2630 2106 2686 φύσεως.
2162 2632 2334 2671 «loannes
2355 2632 2446 2671 Sto·
2499 2633 2505 2643 ²

1390 2693 1497 2731 baeus
1515 2693 1596 2732 Ecl.
1618 2693 1771 2744 Phys.1
1792 2706 1875 2743 cap.
1897 2698 1946 2737 24
1969 2707 1978 2730 :
2000 2692 2153 2736 Ὀκελος
2174 2692 2283 2731 ἀΐδιον
2297 2692 2356 2731 τὸν
2374 2691 2445 2731 κό-

1391 2768 1480 2803 σμον
1493 2767 1501 2775 ·
1528 2752 1591 2790 ὡδὶ
1618 2751 1686 2804 γὰρ
1706 2753 1740 2790 ἐν
1774 2758 1844 2796 τοῖς
1863 2751 1945 2805 περὶ
1964 2755 2023 2790 τοῦ
2046 2750 2175 2802 παντὸς
2197 2751 2333 2804 φύσεως
2351 2750 2447 2803 λέγει

1390 2828 1425 2850 κ.
1443 2828 1475 2850 τ.
1496 2812 1533 2851 λ.
1592 2812 1643 2853 At
1663 2812 1794 2849 omnia
1812 2811 1894 2849 haec
1921 2810 2162 2856 testimonia,
2180 2822 2346 2860 quorum
2366 2809 2446 2847 duo

1390 2871 1504 2909 etiam
1524 2870 1573 2908 ab
1593 2870 1752 2908 homine
1769 2870 1868 2908 male
1889 2869 2024 2908 sedulo
2055 2869 2144 2906 ficta
2164 2881 2248 2907 esse
2270 2876 2443 2914 constat,

1392 2930 1491 2968 nihil
1523 2929 1570 2968 ad
1602 2928 1845 2981 probandam
1878 2930 2007 2980 operis
2029 2927 2298 2979 antiquitatem
2322 2929 2445 2980 profi·

1392 2990 1514 3026 ciunt.
1575 2986 1663 3026 L‘na
1691 2994 1866 3038 superest
1900 2998 1962 3024 res
1995 2999 2083 3036 quae
2126 2984 2208 3036 jam
2241 2985 2446 3036 Nogarolae

1392 3047 1617 3099 scrupulum
1650 3045 1799 3097 injecit.
1858 3044 1955 3083 Jure
1983 3045 2087 3082 enim
2120 3045 2283 3084 miratus
2304 3053 2363 3084 est
2380 3046 2446 3084 vir

1393 3116 1468 3144 tam
1490 3106 1644 3156 generis
1660 3104 1865 3143 nobilitate
1881 3118 1996 3156 quam
2014 3104 2202 3142 doctrinae
2222 3105 2337 3156 copia
2349 3105 2446 3144 insi-

1394 3167 1501 3215 gnis,
1526 3178 1596 3203 cur
1612 3165 1727 3203 attice
1745 3164 1948 3216 scripserit
1964 3163 2134 3210 ocellus,
2151 3176 2266 3215 quem
2281 3177 2352 3215 par
2365 3173 2448 3203 erat

1392 3226 1528 3263 dorico
1543 3236 1724 3263 sermone
1743 3223 1815 3263 uti.
1874 3222 1948 3260 Sed
1969 3223 2168 3274 plerisque
2182 3223 2422 3262 eruditorum
2435 3253 2446 3272 ‚

1393 3284 1461 3334 qui
1490 3291 1625 3335 postea
1657 3282 1762 3320 hunc
1783 3281 2011 3332 scriptorem
2036 3289 2269 3329 tractarunt,
2288 3293 2446 3332 persua-

1392 3356 1476 3381 sum
1499 3342 1572 3380 fuit
1590 3341 1773 3380 volumen
1789 3339 1836 3378 de
1852 3339 2027 3378 universi
2044 3348 2184 3378 natura
2199 3339 2294 3378 olim
2311 3339 2446 3378 dorice

1394 3402 1583 3453 scriptum
1611 3398 1789 3450 sequenti
1807 3407 1981 3449 tempore
2002 3399 2042 3436 in
2064 3399 2217 3436 atticam
2235 3398 2443 3437 dialectum

1392 3473 1475 3499 esse
1496 3459 1736 3498 translatum.
1797 3456 1928 3495 Fidem
1943 3457 2088 3495 faciunt
2109 3458 2343 3509 fragmenta,
2359 3470 2446 3509 quae

1567 3527 1570 3531 ¹
2368 3521 2383 3538 0
