2612 3814
261 259 340 293 478

612 333 760 374 XXVI.
780 336 956 372 67-69,

346 434 423 469 Ἀλλ’
440 434 543 476 εἶργου
564 434 704 475 βρωτῶν,
719 431 762 463 ὢν
779 430 919 472 εἴπομεν,
938 429 969 461 ἔν
982 438 1015 460 τε
1029 428 1208 468 καθαρμοῖς,

348 483 380 515 ἓν
394 492 428 515 τε
445 481 532 514 λύσει
549 482 650 523 ψυχῆς
666 480 792 522 κρίνων,
810 480 863 510 καὶ
884 477 994 518 φράζευ
1017 476 1147 514 ἕκαστα,

347 530 476 571 ἡνίοχον
492 529 622 570 γνώμην
637 528 755 566 στήσας
774 524 970 565 καθύπερθεν
987 524 1127 566 ἀρίστην.

321 612 368 652 Ἥ
387 610 510 662 λογικὴ
539 609 638 649 οὐσία
672 610 826 663 συμφυὲς
848 609 978 663 ἔχουσα
1008 607 1111 655 σῶμα
1140 602 1236 654 παρὰ
1256 605 1316 640 τοῦ

269 672 482 724 δημιουργοῦ
497 670 544 714 εἷς
557 668 596 707 τὸ
611 660 700 707 εἶναι
717 670 910 721 παρῆλθεν,
926 668 972 709 ὡς
989 663 1078 715 μήτε
1096 661 1134 701 τὸ
1155 665 1258 711 σῶμα
1273 654 1318 699 εἷ-

269 747 327 771 ναι
347 729 455 776 αὐτήν
471 758 481 776 ,
504 727 593 779 μήτε
613 726 694 766 ἄνευ
715 726 887 776 σώματος·
909 724 986 763 ἀλλ’
1001 719 1111 769 αὐτὴν
1134 722 1196 773 μὲν
1215 720 1319 760 ἀσώ-

273 804 401 843 ματον,
425 789 730 839 ἀποπερατοῧσθαι
745 786 781 824 δὲ
796 786 843 829 εἰς
861 787 971 834 ’σῶμα
990 783 1030 822 τὸ
1047 782 1126 821 ὅλον
1150 782 1258 828 αὗτῆς
1275 773 1323 819 εἶ-

273 850 342 893 δος.
413 840 500 887 Οἶον
526 846 592 896 γὰρ
611 843 668 883 ἐπὶ
688 847 758 882 τῶν
779 844 930 896 ἄστρων,
957 841 996 880 τὸ
1027 840 1089 891 μὲν
1117 839 1190 878 ἄνω
1207 841 1321 878 αὐτῶν

275 907 462 959 ἀσώματος
494 904 616 952 οὐσία,
635 903 674 941 τὸ
706 902 742 941 δὲ
770 903 892 949 κάτω,
922 897 1122 951 σωματική·
1142 898 1203 937 καὶ
1230 896 1324 936 ἔστιν

274 966 371 1014 ἥλιος
388 964 429 1003 τὸ
452 963 531 1002 ὅλον
551 961 592 1001 τὸ
612 960 646 1006 ἐξ
672 960 862 1011 ἀσωμάτου
896 959 958 998 καὶ
982 958 1161 1010 σώματος,
1182 959 1221 997 οὗ
1241 955 1326 996 ποτὲ

277 1022 472 1064 διεστώτων
484 1052 493 1068 ,
528 1014 602 1059 εἶτα
642 1018 875 1059 συνελθόντων
910 1016 1027 1070 (οὕτω
1065 1016 1133 1071 γὰρ
1181 1016 1223 1056 ἂν
1266 1016 1326 1055 καὶ

278 1083 396 1128 διέστη
418 1078 561 1132 πάλιν),
584 1080 664 1117 ἀλλ’
692 1077 767 1130 ἅμα
792 1075 1233 1130 συνδεδημιουργημένων,
1268 1075 1328 1114 καὶ

280 1143 315 1181 ἐν
330 1140 424 1183 τάξει
444 1136 739 1192 συμπεφυκότων,
760 1139 807 1182 ὡς
821 1137 860 1177 τὸ
880 1138 944 1187 μὲν
958 1136 1150 1188 ἡγούμενον
1169 1129 1269 1183 εἶναι,
1289 1135 1329 1174 τὸ

281 1200 316 1239 δὲ
336 1198 517 1250 ἑπόμενον.
573 1195 695 1240 Οὕτως
718 1196 791 1250 ἔχει’
807 1195 868 1235 καὶ
885 1195 942 1234 ἐπὶ
957 1198 1026 1234 τῶν
1047 1193 1166 1248 ἐφεξῆς
1181 1196 1329 1247 λογικῶν

279 1261 388 1310 γενῶν
403 1287 412 1304 ,
435 1259 496 1295 τοῦ
514 1272 552 1295 τε
572 1259 727 1308 ἡρωϊκοῦ
740 1285 750 1302 ,
768 1255 829 1293 καὶ
854 1258 916 1293 τοῦ
947 1253 1177 1306 ἀνθρωπίνου·
1210 1252 1270 1292 καὶ
1294 1252 1328 1291 ἔ-

283 1330 357 1354 στιν
384 1314 531 1358 ἕκαστος
549 1311 642 1366 ἥρως
657 1311 754 1366 ψυχὴ
774 1311 897 1364 λογικὴ
918 1311 1007 1363 μετὰ
1024 1316 1191 1365 φωτεινοῦ
1211 1310 1334 1363 σώμα-

284 1388 352 1417 τος·
364 1373 425 1412 καὶ
440 1375 458 1411 ὁ
472 1373 650 1425 ἄνθρωπος
664 1371 791 1423 ὁμοίως
801 1371 897 1425 ψυχὴ
911 1374 1033 1423 λογικὴ
1050 1370 1138 1421 μετὰ
1154 1374 1331 1424 συμφυοῦς

286 1432 464 1472 ἀθανάτου
488 1431 662 1482 σώματος.
722 1430 795 1470 Καὶ
817 1425 917 1471 τοῦτο
934 1433 1003 1469 τῶν
1025 1429 1273 1482 Πυθαγορείων
1294 1425 1336 1478 ἦν

287 1491 416 1544 δόγμα,
447 1490 474 1530 ὃ’
499 1490 541 1538 δὴ
573 1490 725 1530 Πλάτων
754 1490 896 1543 ὕστερον
929 1489 1109 1543 ἐξέφηνεν,
1142 1490 1338 1530 ἀπεικάσας

287 1549 453 1605 ξυμφύτῳ
485 1549 630 1600 δυνάμει
658 1549 854 1601 ὑποπτέρου
887 1548 1027 1600 ζεύγους
1054 1564 1093 1587 τε
1112 1549 1172 1588 καὶ
1192 1549 1333 1602 ἡνιόχου

287 1617 404 1649 πᾶσαν
425 1608 520 1649 θείαν
537 1625 574 1648 τε
590 1608 650 1647 καὶ
671 1609 891 1661 ἀνθρωπίνην
907 1608 1038 1662 ψυχήν.
1098 1611 1161 1648 Δεῖ
1179 1603 1238 1647 οὖν
1253 1609 1341 1662 πρὸς

289 1668 352 1722 μὲν
378 1668 558 1708 τελείωσιν
588 1670 650 1714 vx<
673 1668 790 1721 ψυχῆς
819 1666 983 1714 ἀληθείας
1003 1670 1090 1718 ἡμῖν
1115 1667 1176 1706 καὶ
1198 1670 1338 1721 ἀρετ-ἧς·

638 1831 786 1872 XXVI.
819 1837 992 1871 67—-69,

378 1921 513 1955 Abstine
532 1928 609 1952 vero
629 1919 708 1952 cibts
724 1919 762 1951 iis
779 1928 861 1960 quos
877 1918 1039 1959 diximus,
1051 1928 1124 1952 cum
1138 1920 1170 1952 in
1188 1920 1347 1954 lustratio-

378 2016 451 2048 tum
465 2014 496 2046 in
517 2013 710 2054 purgatione
727 2013 826 2045 animi
843 2012 1000 2054 iudicium
1021 2013 1176 2046 adhibens
1193 2027 1201 2047 ε
1219 1967 1350 2048 ([31ἓὲΞῖ

1078 2060 1195 2103 [sidera
1208 2062 1329 2101 singula
1341 2087 1350 2103 ‚

380 2109 526 2149 ratione,
545 2107 667 2149 optima
684 2106 1005 2148 rectrice,superiori
1022 2107 1055 2139 in
1072 2107 1142 2140 loco
1162 2110 1350 2142 constituta.

350 2187 496 2225 Natura
530 2184 750 2234 intelligens
781 2184 844 2222 cui
877 2198 1019 2237 corpus
1053 2185 1223 2224 adhaeret
1252 2186 1306 2225 ita
1334 2200 1355 2225 a

300 2245 436 2285 mundi
471 2252 721 2296 procreatore
753 2242 943 2295 producta
967 2252 1043 2291 est,
1063 2253 1106 2282 ut
1135 2245 1204 2282 illa
1231 2258 1357 2296 neque

301 2317 443 2355 corpus
457 2304 528 2356 sit,
547 2315 617 2341 nec
633 2301 718 2340 sine
733 2315 918 2353 corpore,
938 2302 1004 2341 sed
1018 2303 1105 2355 ipsa
1120 2303 1279 2354 quidem
1297 2304 1356 2342 in-

303 2375 491 2416 corporea
519 2363 592 2409 sit,
619 2361 661 2399 in
693 2374 835 2412 corpus
870 2371 995 2400 autem
1028 2370 1108 2400 tota
1126 2362 1210 2413 ejus
1235 2363 1359 2401 forma

303 2423 468 2461 desinat.
490 2421 542 2460 Ut
563 2421 668 2460 enim
687 2423 726 2458 in
749 2420 863 2459 astris
880 2420 920 2458 id
934 2450 943 2468 ,
964 2420 1069 2471 quod
1090 2421 1271 2473 superius
1286 2431 1357 2470 est,

305 2481 520 2521 substantia
542 2489 600 2519 est
630 2481 885 2532 incorporea,
908 2480 1012 2531 quod
1034 2489 1161 2519 autem
1197 2481 1361 2520 inferius

307 2553 513 2592 corporea;
539 2548 577 2578 et
607 2539 661 2577 sol
684 2547 787 2577 totus
807 2552 855 2577 ex
884 2539 1121 2590 incorporeo
1141 2548 1179 2578 et
1199 2554 1363 2592 corpore

308 2607 480 2646 constat,
511 2611 591 2636 non
622 2598 834 2648 aliquando
863 2598 1069 2650 separatis,
1100 2598 1241 2637 deinde
1262 2613 1364 2636 con-

305 2657 452 2708 junctis
473 2658 540 2706 (ita
561 2657 664 2695 enim
685 2670 823 2695 rursus
843 2657 958 2695 etiam
979 2656 1153 2708 disjungi
1173 2659 1362 2710 possent),

310 2716 377 2755 sed
392 2716 507 2754 simul
532 2715 700 2754 conditis
725 2724 840 2766 atque
871 2730 917 2754 eo
943 2716 1083 2755 ordine
1109 2717 1365 2769 consociatis,

311 2784 354 2814 ut
385 2775 546 2813 alterum
579 2774 717 2821 ducat,
745 2775 905 2813 alterum
938 2785 1121 2827 sequatur
1152 2790 1161 2813 τ
1198 2779 1251 2814 ita
1271 2790 1367 2828 quo-

313 2847 388 2886 que
409 2847 471 2873 res
493 2847 534 2872 se
563 2833 678 2871 habet
706 2834 745 2872 in
770 2834 978 2884 generibus
998 2836 1148 2874 ratione
1176 2836 1368 2888 praeditis,

313 2907 400 2945 quae
421 2893 561 2931 ordine
582 2893 762 2944 proxima
787 2902 897 2943 sunt,
913 2893 1075 2932 heroico
1098 2904 1135 2933 et
1164 2895 1362 2944 human03

315 2952 482 3004 quilibet
501 2953 605 2990 enim
627 2951 741 2990 heros
756 2961 813 2990 est
832 2953 985 2991 animus
1008 2954 1211 2993 rationalis
1230 2954 1363 2993 lucido

315 3011 474 3063 corpori
509 3010 760 3061 conjunctus,
797 3020 912 3061 atque
942 3011 1060 3049 homo
1095 3013 1278 3052 similiter
1309 3022 1367 3052 est

317 3071 470 3108 animus
500 3069 704 3108 rationalis
734 3069 797 3107 cui
828 3083 969 3121 corpus
1001 3071 1219 3111 immortale
1245 3073 1371 3111 adhae-

318 3138 390 3167 ret.
431 3129 558 3179 Atque
591 3128 666 3166 hoc
701 3136 786 3167 erat
831 3128 1165 3179 Pythagoreorum
1205 3132 1370 3182 dogma,

320 3188 425 3240 quod
466 3188 579 3226 Plato
615 3201 707 3226 sane
746 3196 878 3240 postea
931 3190 1151 3241 evulgavit,
1196 3192 1372 3231 divinum

320 3259 475 3286 omnem
503 3255 541 3285 et
564 3247 776 3286 humanum
797 3247 969 3286 animum
991 3250 1221 3288 consociatae
1239 3260 1374 3302 poten-

321 3307 384 3345 tiae
405 3307 494 3344 alati
513 3319 651 3344 currus
680 3314 795 3357 atque
811 3306 957 3356 aurigae
988 3320 1230 3359 comparans.
1254 3309 1375 3348 Nobis

321 3366 443 3415 igitur
457 3365 504 3404 ad
519 3365 690 3404 animum
705 3365 985 3416 perficiendum
1003 3368 1165 3406 veritate
1183 3377 1219 3406 et
1233 3369 1377 3408 virtute

323 3438 422 3476 opus
443 3433 521 3475 est,
539 3424 587 3462 ad
606 3425 729 3463 lucidi
750 3433 874 3463 autem
893 3426 1070 3477 corporis
1090 3428 1212 3466 nostri
1239 3429 1378 3478 purifi-

323 3484 515 3522 cationem
539 3483 726 3536 depositis
746 3493 907 3523 terrenae
926 3486 1095 3524 materiae
1112 3487 1380 3539 inquinamen-

974 237 1245 281 HIEROCLlS
1270 230 1683 276 COMMENTARIUS

1370 320 1455 373 πρὸς
1475 318 1512 358 δὲ
1543 334 1565 356 κ
1579 316 1660 355 άθα
1673 331 1769 369 ρσιν
1796 319 1857 356 τοῦ
1878 315 2077 366 αὗγοειδοῧς
2104 314 2204 363 ἡμῶν
2229 310 2419 361 σώματος,

1371 382 1432 426 τῆς
1450 381 1519 416 τῶν
1541 378 1668 415 ὑλικῶν
1693 377 1885 426 μολυσμῶν
1906 372 2127 419 ἀποθέσεως,
2145 370 2206 410 καὶ
2222 371 2291 408 τῶν
2314 370 2419 422 ἱερῶν

1372 440 1449 477 καθ
1460 452 1481 474 α
1491 451 1510 489 ρ
1522 437 1609 486 μῶν
1624 433 1861 487 παραλήψεως
1872 462 1882 482 ,
1902 433 1964 472 καὶ
1983 434 2046 479 τῆς
2066 429 2312 483 ἑπεγειροῦσης
2325 430 2423 478 ἡμᾶς

1374 494 1459 548 πρὸς
1474 493 1538 540 τὴν
1559 494 1714 532 ἐντεῦθεν
1735 491 1932 540 ἀνάπτησιν
1950 488 2172 530 θεοσυνδέτου
2187 487 2312 534 ἀλκῆς.
2331 484 2423 538 Περὶ

1376 549 1424 593 ὧν
1451 555 1483 592 οἱ
1497 551 1722 605 προκείμενοι
1741 549 1857 604 στίχοι
1876 549 2097 596 διδάσκουσι,
2119 547 2165 587 τὰ
2194 545 2264 597 μὲν·
2276 543 2424 598 περιττὰ

1378 612 1588 664 μολύσματα
1609 613 1670 657 τῆς
1687 609 1771 658 ὕλης
1790 607 2055 662 περικόπτοντες
2071 606 2128 646 διὰ
2152 609 2212 646 τοῦ
2225 634 2237 655 ,
2257 619 2274 643 ε
2286 602 2388 655 ἶργο
2405 618 2430 642 υ

1380 673 1557 724 βρωτῶν
1586 663 1643 708 ὧν
1676 667 1874 718 εἴπομεν·
1905 668 1970 715 τὴν
2001 666 2036 706 δὲ
2069 664 2165 720 ἱερὰν
2203 664 2426 714 κάθαρσιν

1379 730 1438 769 καὶ
1458 729 1520 777 τὴν
1541 727 1759 768 θεοσύνδετον
1789 725 1900 774 ἀλκὴν
1921 725 2108 770 ἐντιθέντες
2131 725 2175 764 δι’
2195 717 2243 764 ῶν
2263 720 2428 776 ᾐνίξαντο

1382 788 1510 828 οὑτωσὶ
1524 786 1704 839 λέγοντες,
1724 785 1768 825 ἔν
1791 801 1833 825 τε
1860 788 1973 825 καθα
1990 787 2131 838 ρμοῖς,
2159 782 2209 822 ἔν
2232 797 2277 822 τι
2303 779 2434 820 λύσει

1381 849 1407 899 ψ
1421 848 1531 898 υχῆς
1557 843 1724 898 κρίνων·
1748 843 1809 883 καὶ
1838 842 1878 882 τὸ
1905 841 1984 882 ὅλον
2012 835 2104 886 εἶδος
2133 844 2196 887 τ’ἧς
2216 836 2437 892 ἀνθρωπίνης

1383 906 1502 950 οὐσίας
1523 905 1712 956 ὁλόκληρον
1732 905 1817 954 ἡμῖν
1836 900 2082 941 ἀποδεδώκασι
2101 899 2144 939 δι’
2161 893 2209 939 ὧν
2231 898 2428 950 ἐπήγαγον,

1385 964 1566 1016 ἡνίοχον
1589 962 1778 1015 γνώμην
1808 961 1919 1008 στήσ
1934 976 1981 1005 ας
2006 958 2306 1010 καθύπερθεν
2340 953 2433 1008 ἀρί-

1387 1039 1505 1070 στην.
1562 1023 1680 1061 Τοῦτο
1699 1020 1767 1073 γὰρ
1784 1018 1845 1059 καὶ
1863 1018 1924 1067 τὴν
1939 1018 2022 1066 ὅλην
2039 1017 2160 1058 οὐσίαν
2174 1020 2236 1056 τοῦ
2252 1014 2440 1068 ἀνθρώπου

1386 1079 1607 1132 παρέστησε,
1624 1080 1683 1118 καὶ
1703 1079 1768 1126 τὴν
1786 1078 1881 1123 τάξιν
1900 1081 1969 1117 τῶν
1990 1078 2025 1116 ἐν
2045 1078 2140 1130 αὐτῷ
2164 1076 2279 1129 μερῶν
2294 1072 2438 1114 διεστεί-

1388 1142 1493 1188 λατο,
1527 1139 1579 1177 ὅτι
1607 1138 1646 1177 τὸ
1666 1137 1728 1189 μὲν
1756 1136 1987 1190 κριτικόν,
2007 1140 2054 1179 ὡς
2072 1136 2266 1187 ἡνιοχοῦ
2279 1148 2309 1170 ν·
2332 1131 2375 1170 τὸ
2402 1130 2439 1169 δὲ

1391 1199 1574 1249 ἑπόμενον,
1583 1201 1628 1242 ὡς
1640 1201 1662 1245 ἡ
1674 1214 1691 1236 ν
1703 1215 1713 1236 ι
1724 1213 1774 1250 οχ
1784 1197 1828 1235 οὗ
1842 1212 1891 1247 με
1900 1211 1916 1233 ν
1928 1211 1984 1236 ον.
1997 1197 2121 1235 Ταῦτα
2133 1194 2202 1247 γάρ
2214 1193 2306 1231 ἐστιν
2320 1192 2360 1230 ἐκ
2373 1190 2446 1227 τῶν

1395 1257 1633 1311 προκειμένων
1665 1259 1759 1296 ἐπῶν
1791 1257 1999 1308 διδαχθῆναι
2019 1254 2078 1294 τὸν
2104 1257 2173 1293 τῶν
2195 1247 2447 1303 Πυθαγορείων

1395 1316 1583 1369 συμὸόλων
1603 1315 1652 1366 μὴ
1668 1315 1830 1363 ἀνήκοον,
1846 1315 1899 1353 ὅτι
1910 1316 1960 1353 δεῖ
1974 1312 2036 1353 σὺν
2055 1316 2100 1367 τῇ
2121 1311 2271 1359 ἀσκήσει
2284 1311 2347 1355 τῆς
2361 1309 2445 1359 ἀρε-

1394 1380 1456 1424 τῆς
1471 1406 1482 1426 ,
1503 1376 1563 1415 καὶ
1580 1379 1623 1429 τῇ
1642 1375 1815 1428 ἀναλήψει
1832 1377 1894 1421 τῆς
1919 1372 2103 1422 ἀληθείας,
2129 1371 2190 1411 καὶ
2209 1367 2449 1421 καθαρότητος

1397 1436 1599 1486 ἐπιμέλειαν
1613 1436 1788 1473 ποιεῖσθαι
1799 1435 1862 1480 τῆς
1875 1432 1956 1485 περὶ
1966 1432 2006 1470 τὸ
2021 1430 2194 1482 αὐγοειδὲς
2206 1432 2309 1480 ἡμῶν
2325 1428 2450 1477 σῶμα,

1401 1494 1420 1534 ὃ
1448 1495 1508 1534 καὶ
1526 1496 1641 1547 ψυχῆς
1661 1492 1788 1532 λεπτὸν
1812 1491 1935 1544 ὄχημα
1962 1493 1994 1530 οἱ
2016 1489 2172 1543 χρησμοὶ
2185 1491 2345 1528 καλοῦσι.
2361 1487 2451 1525 Δια-

1403 1554 1509 1594 τείνει
1529 1553 1563 1592 δὲ
1591 1555 1680 1600 αὕτη
1712 1555 1734 1599 ἡ
1756 1551 1808 1591 κά
1821 1555 1869 1590 θα
1882 1566 1973 1604 ρσις
2003 1551 2069 1594 ἕως
2097 1548 2215 1588 σιτίων
2234 1546 2296 1586 καὶ
2315 1546 2455 1590 ποτῶν,

1404 1613 1465 1652 καὶ
1484 1616 1546 1660 τ’ἧς
1570 1613 1653 1660 ὅλης
1680 1611 1814 1660 διαίτης
1844 1615 1904 1649 τοῦ
1925 1614 2050 1658 θνητοῦ
2072 1612 2174 1660 ἡμῶν
2201 1607 2390 1659 σώματος,
2418 1605 2454 1642 ἐν

1404 1665 1433 1725 ᾧ
1452 1672 1492 1710 τὸ
1513 1672 1687 1724 αὐγοειδὲς
1707 1670 1860 1722 ἔγκειται
1875 1668 2070 1723 προσπνέον
2096 1670 2147 1722 τῷ
2167 1667 2296 1722 ἀψύχῳ
2315 1666 2459 1719 σώματι

1408 1833 1458 1872 tis
1471 1842 1508 1872 et
1525 1833 1706 1872 assumtis
1723 1834 1844 1871 sacris
1856 1830 2153 1871 lustrationibus
2166 1839 2203 1869 et
2217 1830 2257 1869 vi
2274 1830 2465 1869 divinitus

1409 1892 1564 1943 addita,
1583 1906 1661 1944 qua
1691 1892 1739 1931 ad
1769 1891 1992 1944 superiores
2021 1890 2200 1940 regiones
2218 1889 2312 1928 hinc
2345 1889 2464 1929 celeri

1412 1952 1547 1990 volatu
1573 1951 1757 2003 petendas
1778 1950 2007 1990 excitemur.
2029 1950 2086 1988 De
2106 1948 2250 2000 quibus
2267 1948 2464 2001 propositi

1414 2023 1549 2048 versus
1577 2011 1752 2061 quaedam
1781 2009 1960 2061 tradunt,
1982 2019 2269 2060 supervacanea
2300 2007 2469 2046 materiae

1414 2068 1708 2120 inquinamenta
1727 2068 2048 2108 circumcidentes
2067 2067 2129 2105 his
2144 2065 2276 2105 verbis
2296 2080 2305 2104 ε
2324 2067 2470 2104 abstine

1416 2129 1510 2164 cibis
1529 2131 1574 2164 iis
1589 2142 1679 2177 quos
1691 2130 1876 2174 diximus,
1887 2139 2035 2165 sacram
2049 2138 2144 2164 vero
2157 2124 2469 2176 purificationem

1417 2195 1455 2224 et
1476 2187 1556 2224 vim
1575 2187 1764 2225 divinitus
1778 2186 1965 2238 adjectam
1983 2185 2117 2223 dantes
2131 2185 2248 2236 paulo
2263 2183 2470 2223 obscurio·

1420 2259 1462 2283 re
1481 2245 1601 2292 dicto,
1619 2260 1702 2283 cum
1717 2250 1756 2283 in
1778 2246 2070 2290 lustrationibus,
2088 2253 2162 2280 tum
2183 2248 2223 2280 in
2244 2247 2475 2293 purgatione

1420 2309 1537 2342 animi
1548 2307 1735 2352 Judicium
1763 2305 1969 2349 adhibens;
1997 2311 2115 2341 totam
2144 2310 2271 2340 autem
2294 2301 2478 2344 humanae

1422 2372 1568 2402 naturae
1607 2364 1768 2402 formam
1808 2363 1924 2415 plene
1964 2362 2212 2414 perfecteque
2251 2373 2477 2413 expressam

1424 2423 1538 2461 nobis
1554 2422 1818 2461 exhibuerunt
1833 2422 1883 2460 iis
1899 2435 1986 2472 quae
2006 2419 2214 2471 subjuncta
2229 2427 2335 2468 sunt,
2354 2425 2475 2459 ratio·

1425 2496 1532 2528 nem,
1559 2487 1740 2534 optimam
1760 2486 1948 2519 rectrIcem
1962 2509 1972 2527 ‚
1997 2484 2182 2530 supem'ori
2210 2483 2249 2517 in
2281 2481 2361 2517 loco
2389 2493 2474 2517 con-

1424 2546 1592 2579 stituens.
1638 2541 1720 2579 Hoc
1749 2541 1853 2579 enim
1878 2549 1915 2578 et
1946 2547 2063 2578 totam
2095 2538 2268 2577 hominis
2297 2547 2480 2578 naturam

1427 2601 1596 2639 ostendit
1606 2609 1643 2639 et
1654 2600 1821 2651 partium
1841 2599 1926 2650 ejus
1940 2598 2117 2636 ordinem
2132 2597 2314 2636 distincte
2329 2597 2482 2646 dccciv,

1428 2660 1574 2711 quippe
1591 2658 1797 2710 judicandi
1817 2658 2035 2696 facultatem
2051 2670 2134 2695 esse
2151 2656 2322 2695 rectricis
2340 2656 2479 2703 instar,

1429 2727 1651 2770 sequentem
1671 2731 1766 2757 vero
1785 2726 1931 2769 partem
1953 2717 2062 2754 velut
2081 2715 2180 2766 regi.
2203 2715 2294 2753 Haec
2312 2715 2417 2753 enim
2433 2728 2482 2754 ex

1430 2778 1644 2830 propositis
1661 2776 1842 2816 versibus
1862 2777 1898 2815 ei
1919 2776 2068 2814 discere
2087 2775 2178 2813 licet
2195 2775 2263 2826 qui
2280 2774 2483 2825 signorum

1431 2837 1779 2889 Pythagoricorum
1808 2849 1886 2874 non
1912 2835 2071 2885 ignarus
2098 2842 2176 2882 est,
2196 2846 2274 2872 una
2292 2847 2382 2887 cum>
2401 2834 2483 2872 vir-

1431 2897 1525 2935 tutis
1552 2896 1831 2935 exercitatione
1847 2903 1885 2933 et
1903 2893 2078 2933 veritatis
2098 2892 2228 2931 studio
2247 2892 2489 2931 castimoniae

1432 2956 1546 2994 etiam
1570 2955 1693 2994 lucidi
1727 2954 1907 3006 corporis
1927 2952 2051 2991 nostri
2071 2965 2201 2990 curam
2221 2964 2306 2991 esse
2335 2951 2486 2992 haben-

1433 3015 1520 3053 dam
1537 3045 1547 3065 ‚
1572 3015 1676 3066 quod
1705 3023 1743 3053 et
1766 3014 1886 3052 animi
1907 3012 2050 3051 subtile
2077 3011 2298 3050 vehiculum
2329 3013 2489 3051 oracula

1434 3083 1586 3112 vocant.
1609 3074 1782 3112 Pertinet
1803 3085 1897 3110 vero
1924 3071 2006 3108 haec
2031 3069 2253 3122 purificatio
2277 3070 2324 3108 ad
2356 3071 2485 3109 cibum

1436 3147 1592 3186 quoque
1605 3142 1642 3172 et
1658 3133 1706 3172 ad
1723 3141 1855 3184 potum
1876 3140 2134 3180 caeterumque
2146 3129 2292 3167 victum
2312 3130 2492 3169 mortalis

1437 3193 1562 3231 nostri
1580 3193 1781 3243 corporis,
1802 3192 1844 3230 in
1858 3204 1937 3242 quo
1959 3188 2130 3227 lucidum
2150 3189 2248 3227 illud
2269 3189 2368 3227 inest
2383 3187 2492 3240 quod

1437 3252 1554 3290 vitam
1573 3251 1750 3290 inanimo
1767 3250 1924 3302 corpori
1943 3249 2110 3300 inspirat
2131 3257 2246 3299 atque
2273 3248 2356 3299 ejus
2383 3261 2490 3286 com-

1438 3324 1575 3362 pagem
1608 3311 1791 3350 continet.
1825 3308 1920 3347 Nam
1943 3308 2025 3346 vita
2051 3307 2225 3358 quaedam
2259 3315 2316 3345 est
2350 3318 2496 3358 corpus

1440 3370 1607 3409 materiae
1628 3382 1767 3422 expers
1785 3368 1952 3419 vitaeque
1971 3379 1992 3405 e
2012 3367 2172 3405 materia
2194 3366 2406 3404 constantis
2425 3378 2492 3417 pa·

1441 3442 1554 3479 rens,
1579 3443 1648 3481 per
1679 3442 1793 3480 quam
1825 3427 1988 3465 mortale
2009 3435 2183 3464 nostrum
2206 3425 2348 3463 animal
2375 3424 2493 3476 perli-

1442 3489 1558 3538 citur,
1574 3503 1622 3527 ex
1636 3489 1717 3527 vita
1732 3487 1895 3526 rationis
1909 3494 2065 3538 experte
2079 3494 2115 3524 et
2126 3484 2314 3523 materiali
2331 3495 2499 3535 corpore
