2612 3814
305 295 382 330 170

382 376 418 417 ὃν
437 375 479 426 δὴ
497 379 557 416 νῦν
577 375 745 416 καλέουσι
761 376 918 425 Φάνητά
941 392 979 417 τε
999 378 1059 417 καὶ
1076 377 1259 427 Διόνυσον,

383 436 572 485 Εὗὸουλῆά
589 440 620 477 τ’
639 436 798 487 ἄνακτα,
820 436 882 476 καὶ
905 437 1099 491 Ἀνταύγην
1121 439 1301 493 ἀρίδηλον·

337 511 353 535 ο
381 496 483 536 ἄλλοι
499 495 531 536 δ’
548 497 636 537 ἄλλο
649 493 817 538 καλοῦσιν
833 497 1043 550 ἐπιχθονίων
1061 497 1269 553 ἀνθρώπων.

381 558 519 610 πρῶτος
535 556 567 596 δ’
593 558 626 602 ἐς
644 556 730 611 φάος
745 551 849 606 ἦλθε,
870 557 1048 603 Διώνυσος
1068 559 1098 597 δ’
1114 558 1291 607 ἐπεκλήθη
1306 588 1315 606 ,

382 616 509 656 οὕνεκα
527 617 672 656 δινεῖται
689 620 768 656 κατ’
786 616 953 672 ἀπείρονα
973 618 1109 671 μακρὸν
1122 617 1329 669 Ὄλυμπον·

382 677 573 730 ἀλλαχθεὶς
589 678 620 716 δ’
637 676 736 729 ὄνομ’
753 675 839 731 ἔσχε
858 677 1106 732 προσωνυμίαις
1123 694 1160 717 τε
1183 678 1333 719 ἕκαστον

381 736 609 781 παντοδαπὰς
624 738 717 777 κατὰ
734 737 871 791 καιρόν,
890 736 1140 789 ἀμειὸομένοιο
1159 738 1313 792 χρόνοιο.

438 821 673 865 (Macrobius
700 821 856 861 Saturn.
893 824 925 869 1,
962 822 1007 859 18
1044 823 1168 860 allatis
1199 824 1370 862 versibus

379 881 516 930 adjicit
538 895 547 919 ι
575 898 590 916 «
616 883 786 919 Phaneta
806 882 904 919 dixit
930 880 1062 920 Solem
1082 881 1154 920 ἀπὸ
1176 885 1237 921 τοῦ
1255 882 1369 935 φωτὸς

381 940 442 980 καὶ
469 945 640 994 φανεροῦ,
664 942 704 979 id
733 949 789 978 est
811 954 833 978 a
851 942 997 979 lumine
1022 949 1138 992 atque
1169 944 1368 981 illumina-

384 1003 502 1052 tione,
521 1002 611 1051 quia
625 1003 772 1039 cunctis
787 1003 924 1039 visitur
937 1010 1076 1040 cuncta
1094 1004 1337 1053 conspiciens
1355 1018 1365 1042 :

379 1062 591 1111 Dionysus,
621 1070 665 1099 ut
692 1063 774 1112 ipse
793 1069 897 1100 vates
923 1063 997 1112 ait,
1022 1060 1094 1101 ἀπὸ
1114 1065 1174 1101 τοῦ
1199 1063 1367 1103 δινεῖσθαι

379 1119 441 1159 καὶ
467 1119 740 1174 περιφέρεσθαι,
763 1122 804 1159 id
832 1129 911 1172 est,
934 1123 1042 1172 quod
1073 1125 1369 1163 circumferatur

377 1181 419 1218 in
441 1181 643 1221 ambitum.
669 1197 685 1215 υ
706 1181 848 1219 Confer
869 1183 1113 1219 Damascium
1134 1184 1239 1233 apud
1254 1186 1367 1222 Bent-

378 1239 496 1289 lejum
515 1242 636 1291 Epist.
667 1241 716 1278 ad
733 1242 827 1281 Mill.
849 1255 858 1278 ι
878 1240 974 1294 Οὐχὶ
991 1240 1027 1280 δὲ
1047 1241 1107 1280 καὶ
1127 1241 1278 1295 Ὀρφεὺς
1296 1243 1366 1283 ἀπὸ

377 1305 438 1340 τοῦ
459 1299 549 1340 Ὠοῦ
567 1301 724 1355 παράγει
746 1300 807 1340 καὶ
836 1304 899 1350 τῆς
928 1301 1091 1355 Νεφέλης
1121 1302 1288 1357 ῥαγείσης
1307 1304 1365 1343 τὸν

378 1360 618 1412 πολυτίμητον
637 1361 791 1410 Φάνητα
807 1362 886 1402 κτλ.
905 1370 942 1400 et
963 1376 1050 1412 quae
1069 1364 1246 1414 leguntur
1260 1366 1367 1414 apud

381 1421 572 1462 'Wolfium
593 1424 736 1461 Anecd.
758 1425 815 1460 111
833 1437 873 1474 p.
893 1436 970 1473 209
989 1437 998 1460 ε
1016 1419 1068 1463 “O
1085 1439 1124 1462 τε
1143 1422 1211 1474 γὰρ
1231 1422 1366 1472 Ἑλλή-

376 1497 445 1519 νων
467 1480 626 1534 θεολόγος
647 1481 798 1536 Ὀρφεὺς
817 1484 955 1536 πρῶτον
970 1481 1114 1531 ἐποίησε
1130 1482 1188 1522 τὸν
1208 1483 1364 1532 Φάνητά

375 1541 622 1595 καθορώμενον
641 1540 709 1580 ὑπὸ
723 1544 794 1581 τῶν
809 1541 933 1595 θεῶν.)

325 1636 357 1662 ιο
375 1623 503 1663 Ταῦτά
518 1639 557 1675 γε
573 1623 691 1662 πάντα
710 1626 823 1663 τελεῖν
839 1625 920 1678 ἱερᾷ·
935 1620 1044 1679 σκευῇ
1061 1625 1274 1665 πυκάσαντα
1286 1657 1297 1678 ,

376 1685 481 1734 σῶμα
497 1685 573 1723 θεοῦ
589 1683 758 1723 πλάττειν
775 1686 957 1737 ἐριαυγοῦς
973 1683 1141 1724 Ἠελίοιο.

377 1744 502 1796 πρῶτα
524 1741 588 1795 μὲν
606 1744 796 1798 ἀργυφέαις
815 1745 1011 1795 ἐναλίγκιον
1035 1744 1234 1784 ἀκτίνεσσιν

377 1802 512 1842 πέπλον
534 1802 705 1857 φοινίκεον
721 1803 805 1858 πυρὶ
823 1802 956 1844 εἴκελον
975 1803 1252 1859 ἀμφιὸαλέσθαι.

375 1860 488 1915 αὐτὰρ
505 1860 633 1916 ὕπερθε
649 1862 786 1917 νεὸροῒο
805 1864 1001 1904 παναιόλου
1023 1863 1103 1917 εὐρὺ
1120 1864 1282 1918 καθάψαι

313 1935 346 1961 15
368 1920 481 1974 δέρμα
502 1922 737 1962 πολυστίκτου
758 1922 883 1977 θηρός,
903 1923 996 1964 κατὰ
1018 1923 1127 1970 δεξιὸν
1143 1916 1258 1976 ὦμον,

375 1981 515 2034 ἄστρων
537 1982 733 2022 δαιδαλέων
753 1983 888 2035 μίμημ’
905 1985 1001 2036 ἱεροῦ
1021 2000 1058 2022 τε
1080 1985 1216 2023 πόλοιο.

375 2033 451 2080 εἶτα
468 2042 498 2080 δ’
514 2040 643 2096 ὕπερθε
660 2042 785 2097 νεὸρῆς
805 2042 955 2098 χρύσεον
975 2045 1141 2099 ζωστῆρα
1161 2042 1348 2096 βαλέσθαι,

373 2101 659 2155 παμφανόωντα,
679 2102 779 2156 πέριξ
798 2103 949 2156 στέρνων
971 2102 1124 2158 φορέειν,
1146 2103 1240 2156 μέγα
1260 2107 1360 2155 σῆμα

374 2159 472 2206 εὐθὺς
491 2160 544 2201 ὅτ’
562 2163 601 2201 ἐκ
617 2162 780 2216 περάτων
798 2163 903 2215 γαίης
922 2162 1062 2217 φαέθων
1084 2164 1281 2216 ἀνορούσων

310 2233 347 2259 20
368 2220 551 2274 χρυσείαις
571 2224 690 2261 ἀκτῖσι
712 2223 805 2274 βάλῃ
829 2222 906 2277 ῥόον
927 2223 1119 2276 ὠκεανοῖο,

373 2281 465 2334 αι’)γ·>ι
484 2282 513 2320 δ’
529 2281 680 2327 ἄσπετος
697 2276 721 2336 ’ᾖ
731 2313 742 2335 ,
765 2283 832 2322 ἀνὰ
853 2282 890 2322 δὲ
908 2283 1023 2339 δρόσῳ
1040 2286 1279 2338 ἀμφιμιγεῖσα

374 2341 561 2395 μαρμαίρῃ
581 2341 714 2396 δίνησιν
731 2343 943 2395 ἑλισσομένη
964 2343 1058 2384 κατὰ
1072 2344 1201 2383 κύκλον
1237 2342 1240 2344 ’

372 2401 503 2455 πρόσθε
524 2405 621 2458 θεοῦ,
636 2401 728 2452 ζώνη
745 2403 774 2442 δ’
790 2404 846 2457 ἄρ’
867 2403 936 2442 ὑπὸ
952 2403 1104 2458 στέρνων
1123 2404 1332 2458 ἀμετρήτων

374 2460 507 2514 φαίνετ’
523 2461 593 2515 ἄρ’,
611 2464 769 2502 ὠκεανοῦ
783 2463 922 2513 κύκλος,
939 2463 1032 2517 μέγα
1047 2467 1153 2516 θαῦμ’
1165 2464 1358 2505 ἐσιδέσθαι.

1290 291 1534 334 ORPHICA.

1571 380 1806 431 (Macrobius
1841 383 1868 423 l.
1905 396 1941 423 c.
1978 385 2210 434 quibusdam
2241 387 2452 437 interJectis
2489 404 2499 428 ·.

1519 457 1535 474 «
1560 442 1737 491 Orpheus
1760 442 1944 481 Liberum
1967 452 2084 494 atque
2111 444 2242 483 Solem
2265 460 2388 485 unum
2419 461 2502 488 esse

1515 500 1631 537 deum
1674 503 1919 553 eundemque
1967 504 2235 543 demonstrans
2271 506 2319 544 de
2360 516 2502 547 ornatu

1513 561 1731 611 vestituque
1745 561 1824 610 ejus
1835 564 1874 600 in
1883 563 2000 601 sacrIs
2013 565 2255 604 Liberalibus
2274 567 2328 604 ita
2339 568 2475 606 scribit
2489 583 2498 606 :

1513 617 1627 657 ταῦτά
1643 635 1682 671 γε
1701 619 1818 659 πάντα
1835 622 1913 660 κτλ.
1930 639 1945 656 ι
1970 644 2025 652 -
2037 627 2100 663 Vs.
2126 638 2139 662 1
2150 624 2171 663 5
2194 628 2326 676 recepi
2340 627 2501 666 Gesneri

1513 679 1779 729 conjecturam
1795 681 2032 723 πολυστίκτου
2046 697 2058 734 ;
2076 686 2230 724 codices
2247 685 2498 729 πολύστικτον.

1511 760 1567 768 -
1603 743 1665 779 Vs.
1694 741 1740 779 16
1773 755 1847 793 pro
1879 742 2073 782 δαιδαλέων
2106 745 2266 784 sortasse
2294 746 2501 798 legendum

1511 798 1713 851 δαιδάλεον,
1741 810 1785 840 ut
1807 815 1936 841 sensus
1959 805 2008 842 sit
2035 817 2045 844 :
2071 806 2318 855 artficiosam
2335 808 2502 856 ⁴sidet-um

1513 861 1752 915 imaginem.)

1453 957 1488 983 25
1514 944 1670 984 Κέκλυθι
1690 944 1887 1000 τηλεπόρου
1910 946 2008 996 δίνης
2026 947 2215 1002 ἑλικαυγέα
2234 948 2362 990 κύκλον

1510 1005 1688 1056 οὐρανίαις
1709 1006 1938 1060 στροφάλιγξι
1959 1008 2173 1063 περίδρομον
2191 1009 2266 1050 αἷὲν
2281 1010 2445 1060 ἑλίσσων,

1511 1066 1622 1116 ἀγλαὲ
1643 1067 1734 1116 Ζεῦ,
1752 1066 1922 1117 Διόνυσε,
1944 1068 2058 1122 πάτερ
2084 1068 2238 1118 πόντου,
2255 1070 2370 1125 πάτερ
2393 1070 2498 1122 αἴης,

1509 1125 1619 1166 ’Ἥλιε
1637 1127 1874 1182 παγγενέτορ,
1895 1127 1976 1168 Πὰν
1996 1129 2114 1179 αἷόλε,
2135 1129 2405 1186 χρυσεοφεγγές.

1566 1209 1800 1263 (Macrobius
1820 1212 1973 1252 Saturn.
1994 1214 2024 1260 Ι,
2044 1213 2093 1251 23
2108 1215 2258 1252 :Solem
2275 1227 2352 1253 esse
2367 1216 2499 1255 omnia
2521 1243 2537 1266 ae

1509 1277 1547 1307 et
1567 1271 1744 1320 Orpheus
1764 1278 1918 1310 testatur
1937 1273 1994 1310 his
2010 1275 2183 1311 versibus
2200 1288 2208 1311 ε
2229 1272 2374 1315 κέκλυθι
2392 1276 2497 1324 τηλε-

1509 1327 1619 1382 πόρου
1640 1330 1734 1381 κτλ.)

1509 1411 1652 1466 Πατρὸς
1674 1411 1802 1467 ἔχοντα
1820 1414 1899 1455 νόον
1915 1415 1976 1454 καὶ
1992 1415 2164 1471 ἐπίφρονα
2186 1417 2332 1471 βουλήν.

1563 1509 1800 1559 (Macrobius
1822 1511 1979 1559 Saturn‚
2001 1514 2036 1561 1,
2064 1527 2108 1561 17
2135 1529 2144 1551 :
2175 1514 2397 1563 Apollinem
2425 1528 2497 1552 πα-

1506 1569 1618 1621 τρῷον
1629 1571 1968 1624 cognominarunt,
1979 1585 2059 1610 non
2071 1574 2234 1624 propria
2247 1575 2370 1624 gentis
2384 1575 2499 1613 unius

1506 1642 1550 1666 ac
1574 1630 1739 1667 civitatis
1757 1631 1964 1681 religione,
1983 1632 2052 1670 sed
2067 1640 2111 1670 ut
2130 1640 2333 1671 auctorem
2349 1646 2498 1686 proge-

1505 1690 1764 1727 nerandarum
1785 1692 1958 1728 omnium
1974 1705 2120 1741 rerum,
2141 1693 2250 1743 quod
2268 1694 2335 1731 Sol
2352 1693 2496 1732 humo-

1507 1749 1615 1786 ribus
1634 1750 1852 1798 exsiccatis,
1870 1753 2176 1803 progenerandis
2195 1753 2376 1791 omnibus
2397 1767 2498 1804 prae-

1504 1809 1590 1846 buit
1620 1822 1793 1857 causam,
1815 1818 1859 1848 ut
1887 1813 1940 1849 ait
1963 1813 2140 1863 Orpheus
2167 1826 2177 1850 :
2209 1812 2340 1866 πατρὸς
2366 1812 2496 1867 ἔχοντα

1506 1869 1598 1919 κτλ.)

1907 1969 2009 2008 VIII.

1505 2054 1576 2101 ’Ἦν
1599 2060 1636 2100 δὲ
1655 2060 1781 2110 Φάνης
1804 2060 1958 2115 Βρόμιός
1974 2077 2012 2101 τε
2031 2061 2143 2115 μέγας
2157 2063 2218 2102 καὶ
2238 2061 2328 2107 Ζεὺς
2345 2064 2365 2102 δ
2382 2062 2494 2104 πανό-

2373 2127 2492 2184 [πτητ-

1561 2225 1734 2274 (Proclus
1753 2226 1794 2262 in
1813 2226 1911 2266 Plar.
1935 2227 2035 2265 Tim.
2055 2226 2094 2265 II
2111 2239 2154 2275 p,
2181 2239 2254 2262 102
2275 2228 2325 2273 D,
2348 2239 2389 2276 p.
2412 2231 2486 2270 241

1505 2285 1564 2322 ed.
1576 2286 1755 2324 Schneid.
1775 2298 1784 2324 :
1802 2286 1924 2325 Πάλαι
1935 2285 2002 2338 γὰρ
2022 2288 2040 2325 δ
2060 2285 2217 2334 θεολόγος
2233 2284 2271 2324 ἔν’
2284 2300 2325 2339 γε
2341 2288 2392 2341 τῷ
2408 2287 2495 2327 Φά-

1504 2361 1585 2393 νητι
1605 2345 1670 2393 τὴν
1692 2344 1948 2398 δημιουργικὴν
1970 2345 2086 2385 αἰτίαν
2105 2344 2319 2397 ἀνύμνησεν·
2339 2348 2412 2386 ἐκεῖ
2424 2347 2493 2400 γὰρ

1504 2400 1547 2453 ἦν
1565 2421 1602 2444 τε
1624 2404 1686 2443 καὶ
1701 2408 1830 2458 προῆν,
1847 2404 1967 2457 ὥσπερ
1987 2404 2055 2460 ἔφη
2067 2437 2077 2457 ,
2099 2405 2161 2445 καὶ
2183 2404 2289 2451 αὐτὸς
2307 2424 2322 2442 α
2337 2406 2493 2460 Βρόμιός

1502 2481 1540 2504 τε
1559 2465 1669 2518 μέγας
1684 2464 1744 2504 καὶ
1766 2464 1855 2510 Ζεὺς
1876 2467 1893 2504 ὁ
1912 2465 2116 2515 πανόπτης,
2135 2484 2150 2500 n
2165 2463 2224 2505 ἵνα
2242 2465 2285 2514 δὴ
2299 2468 2361 2514 τῆς
2375 2467 2492 2514 διττῆς

291 2690 391 2744 quem
409 2710 497 2735 nunc
510 2706 627 2736 vocant
644 2703 819 2737 Phanetem
834 2714 872 2738 ac
886 2706 1067 2748 Dionysum
1078 2730 1087 2747 ,

292 2761 325 2793 et
341 2758 526 2793 Eubuleum
542 2769 650 2802 regem
673 2762 704 2794 et
723 2761 941 2796 clarissimum
959 2765 1128 2806 Antangen
1148 2777 1156 2798 ε

290 2819 344 2852 alii
359 2828 436 2853 vero
452 2820 654 2854 terrestrium
676 2820 844 2855 hominum
860 2823 924 2856 alio
940 2825 1071 2858 nomine
1089 2825 1266 2867 appellant.

291 2879 353 2912 Sed
372 2879 496 2920 primus
514 2880 548 2912 in
564 2879 671 2914 lucem
690 2882 809 2923 prodiit
825 2891 863 2915 ac
879 2883 1041 2925 Dionysus
1057 2885 1243 2919 nominatus
1259 2888 1326 2926 est,

290 2939 367 2981 quia
386 2947 443 2981 per
459 2939 622 2973 infinitum
638 2940 837 2983 longumque
854 2943 1031 2985 Olympum
1049 2933 1303 2987 circumagitur:

291 3000 436 3032 mutatus
452 3000 562 3034 autem
579 3009 698 3034 nomen
715 3002 1014 3045 appellationesque
1029 3003 1163 3046 singulis

289 3059 476 3100 temporum
505 3060 678 3093 momentis
696 3060 801 3094 varias
818 3070 876 3103 pro
901 3063 1087 3105 temporum
1111 3065 1270 3099 varietate
1299 3065 1356 3098 ha-

1200 3124 1297 3168 [buit.
1314 3146 1356 3153 —

290 3179 373 3211 Haec
400 3182 486 3212 certe
517 3179 624 3211 omnia
648 3179 802 3221 perficere
827 3190 919 3214 sacro
948 3183 1065 3217 vestitu
1091 3192 1208 3227 corpus
1235 3190 1357 3219 ornan-⁴

290 3237 494 3281 formamque
509 3238 560 3272 dei
572 3262 582 3279 ,
596 3239 757 3281 splendidi
777 3241 877 3283 Solis,
893 3241 1023 3284 tingere.
1255 3245 1333 3288 [tem
1345 3271 1355 3288 ,

290 3298 438 3332 Primum
458 3298 589 3341 quidem
607 3299 689 3333 albis
707 3300 805 3334 radiis
821 3301 961 3336 similem

290 3357 375 3400 palla
396 3367 556 3401 purpurea
572 3357 612 3391 ad
627 3359 710 3401 ignis
724 3360 970 3396 similitudinem
985 3364 1158 3398 accedente
1177 3365 1280 3399 indui.

293 3419 335 3452 At
353 3426 493 3461 superne
513 3418 611 3452 latam
632 3417 776 3452 hinnulei
789 3420 1012 3460 versicoloris.

292 3477 467 3511 maculosae
483 3478 613 3520 bestiae,
627 3478 745 3520 pellem
759 3487 777 3512 e
793 3478 909 3513 dextro
926 3480 1062 3514 humero
1081 3483 1278 3524 suspendere
1289 3508 1299 3525 ,

291 3537 434 3571 siderum
451 3538 701 3572 artificiosorum
718 3539 888 3581 sanctique
906 3540 980 3573 coeli
1000 3541 1185 3583 imaginem.
1252 3542 1356 3586 [teum

291 3597 416 3632 Deinde
435 3607 532 3641 super
549 3597 691 3631 hinnulei
711 3597 826 3640 pellem
843 3600 970 3643 corpori
991 3602 1102 3644 aptare
1127 3611 1263 3636 aureum
1287 3603 1356 3637 bal·

1420 2715 1560 2748 eumque
1580 2715 1753 2739 coruscum
1776 2715 1814 2738 ac
1836 2707 1920 2739 circa
1942 2707 2055 2747 pectus
2074 2707 2218 2748 gestare,
2241 2705 2354 2748 ingens
2379 2706 2490 2748 prodi·

1420 2767 1529 2800 statim
1547 2775 1651 2808 quum
1666 2775 1685 2799 e
1701 2767 1798 2799 terrae
1818 2765 1936 2799 finibus
1957 2765 2083 2798 lucidus
2103 2766 2158 2799 Sol
2174 2765 2320 2799 oriturus
2389 2764 2491 2808 [gium

1420 2827 1527 2860 aureis
1545 2826 1642 2859 radiis
1656 2825 1768 2858 oceani
1788 2826 1909 2858 fluenta
1931 2825 2131 2866 verberavit,

1420 2888 1454 2920 et
1471 2887 1559 2928 larga
1579 2886 1633 2919 lux
1652 2886 1804 2927 apparet,
1823 2884 1925 2928 (quae)
1945 2894 2016 2918 rore
2031 2885 2190 2927 permixta

1419 2946 1633 2989 splendescit,
1651 2945 1831 2978 vorticibus
1846 2945 1879 2977 in
1895 2945 2008 2978 orbem
2022 2945 2168 2978 volutata

1420 3007 1496 3039 aute
1512 3006 1608 3039 deum
1620 3030 1629 3047 ,
1650 3005 1816 3046 cingulum
1833 3014 1909 3037 vero
1925 3004 1986 3037 sub
2000 3006 2129 3046 pectore
2143 3005 2302 3038 immense

1421 3066 1632 3108 conspicitur,
1647 3065 1760 3099 oceani
1778 3065 1884 3106 orbis,
1906 3073 1956 3097 res
1969 3064 2125 3097 mirabilis
2140 3065 2223 3097 visu.
2249 3083 2292 3090 —

1421 3126 1504 3159 Audi
1522 3125 1701 3159 radiantem
1718 3123 1886 3166 longinqui
1903 3123 2036 3157 vorticis
2049 3124 2162 3157 orbem

1420 3187 1544 3220 coelesti
1562 3183 1772 3219 conversione
1787 3184 2031 3225 circumvagum
2048 3193 2174 3225 semper
2189 3184 2359 3227 volutans,

1420 3246 1587 3288 splendide
1605 3246 1743 3287 Jupiter,
1766 3244 1926 3286 Dionyse,
1946 3244 2056 3286 opifex
2076 3245 2194 3284 maris,
2207 3245 2314 3286 opifex
2331 3248 2444 3287 terrae,

1420 3305 1475 3339 Sol
1494 3306 1641 3339 omnium
1659 3304 1796 3346 genitor,
1817 3305 1926 3337 Faune
1946 3303 2131 3345 versicolor,
2151 3313 2230 3336 auro
2253 3297 2448 3351 micans-⁴—

1421 3367 1525 3400 Patris
1540 3369 1649 3400 mente
1668 3367 1701 3400 et
1720 3365 1871 3408 prudenti
1894 3364 2030 3397 consilio
2052 3364 2240 3406 praeditum.

1900 3450 2005 3487 VIII.

1421 3545 1498 3578 Erat
1513 3546 1622 3578 autem
1636 3545 1764 3579 Phanes
1780 3547 1813 3578 et
1837 3542 1989 3577 Bromius
2010 3551 2145 3583 magnus
2165 3542 2196 3575 et
2215 3540 2345 3583 Jupiter
2373 3542 2484 3573 omnia

2353 3597 2486 3642 [videus
