2612 3814
319 243 392 276 '70

395 323 552 370 ἕστηκεν·
587 319 773 373 συμὸαίνει
810 319 847 360 δὲ
883 318 981 374 παρὰ
1010 318 1050 357 τὸ
1073 317 1271 369 λαμὸάνειν
1305 316 1364 356 τὸν

395 380 519 434 χρόνον
541 382 743 431 συγκεῖσθαι
766 380 806 419 ἔκ
831 379 900 418 τῶν
920 381 994 417 νῦν·
1012 375 1062 429 μὴ
1091 376 1271 428 διδομένου
1296 374 1364 429 γὰρ

394 437 516 478 τούτου
535 440 596 478 οὐκ
611 436 711 478 ἔσται
727 441 745 478 6
765 436 1011 490 συλλογισμός.
1037 458 1091 466 -
1106 435 1284 488 Τέταρτος
1300 435 1330 473 δ’
1346 437 1364 474 6

394 497 474 551 περὶ
498 499 567 537 τῶν
591 499 625 537 ἐν
658 499 708 552 τῷ
741 496 872 550 σταδίῳ
903 495 1118 546 κινουμένων
1146 494 1181 539 ἐξ
1208 492 1365 537 ἐναντίας

393 558 478 597 ἴσων
502 556 616 610 ὄγκων
645 558 730 610 παρ’
750 556 868 605 ἴσους,
888 559 956 595 τῶν
976 555 1039 607 μὲν
1067 553 1137 593 ἀπὸ
1161 552 1280 597 τέλους
1304 556 1364 591 τοῦ

395 615 554 665 σταδίου,
574 617 641 655 τῶν
662 616 693 654 δ’
713 614 781 655 ἀπὸ
800 614 928 666 μέσου,
945 613 1011 666 ἴσῳ
1029 611 1150 665 τάχει,
1171 612 1204 650 ἐν
1225 604 1254 664 ᾧ
1272 625 1365 659 συμ-

396 674 526 714 ὅαίνειν
551 674 659 714 οἴεται
676 674 748 713 ἴσον
767 667 853 712 εἶναι
878 673 1003 726 χρόνον
1024 673 1072 724 τῷ
1105 669 1281 722 διπλασίῳ
1302 669 1361 707 τὸν

394 731 654 785 ἥμισυν.Ἔστι
670 735 725 772 δ’ὁ
737 731 1001 786 παραλογισμὸς
1018 731 1052 769 ἐν
1065 731 1115 783 τῷ
1125 729 1163 768 τὸ
1181 729 1244 781 μὲν
1261 729 1359 781 παρὰ

397 794 596 846 κινούμενον
616 793 656 832 τὸ
687 793 723 831 δὲ
752 793 836 843 παρ’
857 793 1010 845 ἠρεμοῦν
1041 789 1081 828 τὸ
1114 788 1190 827 ἴσον
1220 787 1363 840 μέγεθος

395 853 508 899 ἀξιοῦν
536 855 585 906 τῷ
612 852 679 905 ἴσῳ
711 852 814 904 τάχει
843 851 901 890 τὸν
921 848 996 888 ἴσον
1022 847 1185 902 φέρεσθαι
1218 847 1357 899 χρόνον.

450 914 459 961 (
475 912 631 950 Aristot.
652 908 846 961 Phys.v¹,
866 922 902 959 9.
920 908 976 946 De
990 907 1119 958 primo
1135 914 1363 957 argumento

395 971 512 1009 Arist.
528 969 647 1021 Phys.
663 968 729 1017 vl,
749 982 770 1006 2
787 980 796 1007 :
815 967 867 1006 διὸ
885 966 945 1005 καὶ
959 969 977 1005 6
993 965 1153 1014 Ζήνωνος
1168 964 1269 1016 λόγος
1282 965 1363 1017 ψεῦ-

393 1031 448 1073 δος
460 1028 636 1079 λαμὸοἱνει
654 1027 694 1067 τὸ
717 1026 766 1078 μὴ
783 1025 985 1079 ἐνδέχεσθαι
1004 1024 1047 1063 τὰ
1067 1023 1194 1077 ἄπειρα
1216 1023 1361 1062 διελθεῖν

390 1085 412 1133 ἢ
435 1086 593 1140 ἅψασθαι
608 1087 677 1125 τῶν
698 1084 852 1138 ἀπείρων
870 1085 948 1124 καθ’
976 1083 1125 1122 ἕκαστον
1146 1083 1181 1121 ἐν
1205 1097 1361 1137 πεπερα·

392 1144 510 1197 σμένῳ
529 1144 660 1198 χρόνῳ.
684 1143 743 1182 Cf.
774 1143 919 1182 Scholl.
946 1142 1065 1181 Arist.
1087 1141 1206 1193 Phys.
1229 1155 1267 1194 p.
1286 1146 1359 1190 407

391 1203 431 1245 b.
452 1204 515 1244 ed.
544 1203 739 1244 Brandis.:
761 1204 790 1242 εἰ
809 1202 878 1255 γὰρ
904 1201 1034 1241 κινοῖτό
1054 1216 1087 1240 τι
1104 1201 1162 1240 ἐπὶ
1185 1199 1362 1253 πηχυαίου

393 1262 556 1314 μεγέθους
589 1263 624 1302 ἐν
658 1267 722 1316 μιᾷ
744 1260 841 1316 ὥρᾳ,
865 1260 987 1309 ἐπειδὴ
1025 1261 1061 1300 ἐν
1087 1259 1194 1299 παντὶ
1225 1259 1363 1311 μεγέθει

393 1320 533 1374 ἄπειρόν
555 1322 631 1361 ἐστι
655 1320 799 1372 σημεῖον
820 1320 911 1373 (leg.
932 1319 1062 1373 ἄπειρά
1082 1319 1156 1358 ἐστι
1186 1318 1360 1371 σημεῖα),

394 1380 531 1433 ἀνάγκη
550 1379 689 1420 πάντων
711 1379 866 1433 ἅψασθαι
894 1382 963 1419 τῶν
991 1378 1146 1432 σημείων
1166 1380 1226 1418 τοῦ
1257 1377 1362 1431 μεγέ-

393 1443 469 1484 θους
483 1439 523 1478 τὸ
541 1439 743 1491 κινούμενον
756 1455 764 1464 ·
781 1437 996 1478 διελεύσεται
1013 1439 1080 1493 ἄρα
1100 1438 1139 1478 τὸ
1161 1438 1303 1493 ἄπειρον
1326 1438 1361 1476 ἐν

1136 227 1356 269 ZENONIS
1387 227 1728 269 FRAGMENTA.

1503 315 1764 369 πεπερασμένῳ
1785 314 1902 369 χρόνῳ
1916 344 1928 365 ,
1947 314 2035 369 ὅπερ
2068 314 2254 357 ἀδύνατον.
2276 316 2334 356 De
2358 317 2482 358 altero

1506 382 1734 425 argumento
1772 373 2002 427 Simplicius
2035 374 2157 428 Phys.
2196 374 2264 416 fol.
2303 377 2378 426 237
2415 390 2438 416 a
2468 389 2480 419 ε

1505 431 1685 486 Ἀχιλλεὺς
1705 425 1765 470 οὖν
1792 435 1811 471 6
1829 431 1932 485 λόγος
1961 431 2036 473 ᾱκὸ
2050 436 2114 473 τοῦ
2139 433 2428 488 παραληφθέντος
2446 436 2482 475 ἕν

1506 494 1601 544 αὐτῷ
1621 490 1811 544 Ἀχιλλέως
1826 492 1957 541 ἐκλήθη
1971 522 1982 544 ,
2013 491 2050 532 ὃν
2070 491 2244 533 ἀδύνατόν
2261 508 2366 546 φησιν
2389 496 2407 533 6
2421 495 2483 535 λό-

1503 566 1562 602 γος
1582 549 1646 599 τὴν
1667 548 1829 604 χελώνην
1849 549 2022 590 διώκοντα
2042 550 2276 594 καταλαὸεῑν.
2294 551 2484 593 Similiter

1505 609 1746 648 Themistius
1776 609 1847 649 sol.
1871 609 1920 647 56
1954 609 1995 648 in
2023 610 2171 649 Scholl.
2191 624 2230 663 p.
2257 611 2333 657 413
2364 624 2403 654 ⁸.
2420 611 2483 652 ed.

1505 668 1682 707 Brandis.
1708 681 1717 706 t
1741 667 1900 722 δεύτερος
1913 667 1953 707 δέ
1964 669 2059 708 ἐστιν
2079 671 2097 708 6
2109 669 2212 723 λόγος
2227 673 2246 710 6
2267 669 2485 723 καλούμενος

1504 725 1709 780 Ἀχιλλεύς,
1747 726 2059 781 τετραγῳδημένος
2085 728 2147 768 καὶ
2174 730 2225 783 τῷ
2249 729 2412 782 ὀνόματι.
2442 729 2486 769 οὔ

1503 786 1572 841 γὰρ
1590 786 1684 830 ὅπως
1695 815 1706 835 ,
1729 786 1818 840 φησί
1829 816 1840 838 ,
1862 786 1919 825 τὸν
1932 784 2094 841 Ἕκτορα
2111 787 2360 842 καταλήψεται
2378 790 2397 828 6
2413 804 2481 829 πο-

1507 845 1726 890 δωκέστατος
1749 844 1947 899 Ἀχιλλεύς,
1967 845 2047 886 ἀλλ’
2063 845 2141 886 οὐδὲ
2163 846 2227 896 τὴν
2257 847 2483 901 βραδυτᾶτην

1503 905 1677 958 χελώνην.
1721 906 1778 944 De
1820 905 1937 946 tertio
1980 915 2211 957 argumento
2251 906 2484 960 Simplicius

1505 964 1623 1016 Phys.
1642 964 1668 1005 f.
1687 965 1763 1003 236
1789 963 1815 1002 b
1836 979 1845 1003 τ
1868 966 1886 1004 6
1903 964 2065 1013 Ζήνωνος
2082 964 2184 1018 λόγος
2201 963 2304 1021 ἐῴκει
2322 965 2484 1018 συλλογί-

1504 1025 1623 1070 ζεσθαι
1639 1023 1767 1069 οὕτως·
1784 1024 1824 1064 τὸ
1841 1025 2031 1079 φερόμενον
2050 1024 2150 1078 βέλος
2165 1025 2202 1065 ἐν
2226 1023 2335 1065 παντὶ
2353 1025 2406 1080 τῷ
2423 1027 2483 1065 νῦν

1503 1083 1596 1123 κατὰ
1615 1083 1656 1124 τὸ
1675 1083 1751 1123 ἴσον
1783 1085 1898 1138 ἑαυτῷ
1917 1085 2012 1124 ἐστιν
2025 1115 2036 1135 ,
2056 1082 2148 1124 ὥστε
2162 1083 2224 1124 καὶ
2243 1085 2279 1124 ἐν
2306 1082 2414 1131 παντὶ
2432 1085 2485 1138 τῷ

1503 1142 1640 1196 χρόνῳ·
1660 1141 1701 1182 τὸ
1717 1140 1754 1181 δὲ
1773 1143 1808 1181 ἐν
1833 1145 1884 1197 τῷ
1903 1145 1963 1182 ν’ῦν
1980 1141 2073 1182 κατὰ
2091 1142 2132 1182 τὸ
2150 1141 2228 1184 ἴσον
2245 1144 2361 1197 ἑαυτῷ
2388 1140 2428 1182 ὃν
2443 1144 2483 1183 οὗ

1503 1203 1670 1242 κινεῖται.
1688 1202 1816 1255 ἠρεμεῖ
1833 1202 1925 1256 ἄρα,
1947 1200 2068 1251 ἐπειδὴ
2089 1199 2200 1254 μηδὲν
2220 1203 2256 1242 ἐν
2274 1203 2332 1257 τῷ
2345 1204 2407 1242 νῦν
2425 1218 2484 1242 κι-
2532 1216 2534 1219 ’

1504 1265 1639 1309 νεῖται,
1655 1259 1696 1300 τὸ
1715 1259 1751 1300 δὲ
1768 1260 1818 1313 μὴ
1840 1260 2042 1312 κινούμενον
2058 1263 2205 1315 ἠρεμεῖ,
2225 1259 2347 1309 ἐπειδὴ
2370 1266 2441 1301 πᾶν
2459 1259 2483 1310 ἢ

1504 1320 1696 1368 κινεῖταιῆ
1737 1322 1873 1375 ἠρεμεῖ.
1897 1321 1936 1361 τὸ
1973 1321 2043 1376 ἄρα
2070 1321 2260 1376 φερόμενον
2288 1322 2390 1375 βέλος
2419 1319 2485 1367 ἕως

1504 1379 1647 1432 φέρεται
1680 1381 1832 1434 ἠρεμεῖ,
1876 1380 1970 1421 κατὰ
2016 1380 2135 1420 πάντα
2178 1380 2237 1421 τὸν
2272 1382 2336 1429 τῆς
2376 1384 2484 1434 φορᾶς

1501 1438 1667 1491 χρόνον.)

258 1687 261 1690 -
313 1668 414 1702 currit
431 1676 440 1698 ε
464 1667 498 1701 ld
515 1668 601 1702 enim
621 1669 707 1710 quod
725 1668 938 1710 persequitur,
959 1677 999 1702 eo
1021 1667 1188 1710 perveniat
1206 1670 1280 1701 ante
1303 1675 1361 1701 ue·

308 1559 386 1593 qnae
402 1551 584 1584 nominatur
601 1551 749 1584 Achilles.
797 1552 852 1583 Est
870 1553 978 1583 autem
994 1551 1083 1591 haec,
1100 1550 1177 1592 quia
1194 1558 1360 1591 nunquam
1388 1552 1396 1595 1
1425 1551 1473 1583 est
1499 1549 1539 1583 de
1562 1549 1703 1582 molibus
1732 1550 1914 1592 aequalibus
1930 1551 2024 1592 juxta
2042 1551 2185 1593 mquales
2204 1552 2369 1586 contrario
2388 1554 2481 1586 motu

311 1609 345 1642 id
374 1609 461 1651 quod
484 1609 649 1642 celerrime
682 1609 805 1650 currit,
834 1609 866 1642 id
889 1610 1107 1651 consequetur
1131 1608 1220 1651 quod
1240 1607 1362 1641 tardius
1425 1608 1566 1641 stadium
1584 1609 1810 1650 currentibus,
1824 1618 1965 1652 quarum
1983 1610 2056 1643 aliae
2075 1617 2095 1643 a
2116 1611 2204 1644 calce
2231 1611 2348 1652 stadii,
2366 1611 2441 1646 aliae
2462 1621 2483 1645 a

1424 1667 1532 1700 medio
1543 1667 1647 1701 stadio
1665 1668 1733 1710 pari
1751 1668 1916 1702 celeritate
1929 1672 2104 1703 moventur
2119 1682 2128 1703 ι
2144 1669 2201 1703 ubi
2217 1669 2289 1704 tieri
2315 1672 2428 1713 putat,
2444 1674 2483 1705 ut

308 1735 398 1761 cesse
416 1730 484 1769 est,
502 1726 587 1761 unde
602 1727 633 1760 id
647 1726 735 1769 quod
754 1727 835 1769 fugit
853 1727 886 1760 in
905 1727 1013 1769 nugam
1027 1736 1063 1761 se
1087 1726 1225 1769 coniecit
1240 1735 1360 1768 zquare
1421 1727 1521 1769 duplo
1541 1727 1680 1769 tempori
1696 1727 1870 1761 dimidium
1889 1728 1932 1762 sit
1951 1729 2089 1771 aequale.
2133 1728 2284 1763 Rationis
2299 1730 2409 1764 nutem
2426 1730 2482 1764 l'al-

310 1787 432 1821 tardius
445 1796 571 1830 semper
586 1787 692 1830 aliquo
708 1788 812 1830 spatio
825 1788 987 1830 praecedat
1003 1797 1134 1822 necesse
1149 1789 1209 1821 est.
1228 1805 1271 1812 —
1286 1789 1359 1821 Ter·
1422 1786 1503 1819 lacia
1515 1786 1548 1819 in
1563 1785 1627 1819 boc
1642 1789 1805 1829 versatur,
1820 1786 1907 1829 quod
1922 1790 2098 1830 utrumque
2112 1796 2231 1831 corpus
2243 1797 2385 1832 qnorum
2406 1789 2482 1824 alte-

310 1847 353 1879 tia
374 1855 449 1880 vero
462 1847 511 1880 est
531 1846 617 1889 quod
637 1848 752 1889 sagitta
762 1856 862 1889 quum
876 1848 977 1881 fertur
991 1847 1067 1881 stat.
1112 1846 1239 1880 Accidit
1250 1849 1358 1880 autem
1424 1835 1497 1878 rum
1515 1846 1610 1887 juxta
1628 1855 1697 1879 rem
1720 1847 1965 1888 procedentem,
1983 1847 2121 1881 alterum
2138 1848 2234 1889 Juxta
2253 1849 2480 1891 quiescentem

310 1905 374 1937 hoc
393 1914 435 1938 ex
453 1914 493 1939 eo
515 1905 601 1947 quod
622 1909 750 1948 tempus
770 1907 871 1940 sumit
897 1915 939 1940 ex
959 1907 1026 1940 suis
1045 1906 1173 1948 punctis
1194 1913 1354 1939 constare.
1423 1909 1523 1939 currit
1558 1905 1685 1948 aequale
1721 1906 1863 1948 spatium
1907 1906 1975 1948 pan·
2003 1906 2169 1941 celeritate
2198 1907 2315 1950 aequali
2337 1910 2483 1951 temporo

306 1964 373 1998 Sed
397 1964 459 1999 hoc
483 1973 546 1998 non
575 1973 745 2006 concesso,
771 1974 836 2000 non
863 1966 923 2000 erit
945 1965 1157 2009 syllogismus.
1176 1985 1217 1994 --
1237 1967 1358 2005 Quarta
1382 1918 1394 1993 Ῑ
1421 1965 1555 1999 transire
1574 1966 1695 1999 censet.
