2612 3814
320 298 394 357 Δ.
448 287 559 350 ΕΚ
609 286 787 350 ΤΩΝ
839 288 1035 349 ΠΕΡΙ
1092 286 1699 349 ΛΣΤΡΟΝΟΜΙΑΣ
1746 290 2480 358 ΣΥΓΓΡΑΜΜΑΤΩΝ.

1311 426 1488 436 -—-

886 533 1324 593 FRAGMENTA
1374 531 1915 595 ASTRONOMICA.
1949 596 1955 605 ,

1219 664 1606 687 -w—

372 801 397 826 1.
419 786 490 826 Ἐὸν
512 785 547 824 δὲ
564 784 729 837 σκορπίον
751 786 768 822 6
785 783 882 830 ἥλιος
900 782 1143 834 διαπορεύεται
1162 783 1196 819 ἐν
1215 781 1368 835 ἡμέραις

315 844 361 885 λ’.
382 845 444 885 Ἐν
466 844 502 883 δὲ
531 847 573 897 τῇ
595 844 625 882 δ’
647 842 764 896 ἡμέρᾳ
797 840 1010 893 Δημοκρίτῳ
1039 841 1201 883 πλειάδες
1228 839 1367 879 δύουσιν

315 904 389 954 ἅμα
411 906 479 950 ἠοῖ·
493 903 615 953 ἄνεμοι
633 901 805 954 χειμέριοι
819 902 865 945 ὡς
884 899 929 938 τὰ
948 898 1064 938 πολλὰ
1083 898 1143 937 καὶ
1162 899 1276 952 ψύχη,
1299 899 1366 948 ἤδη

313 962 372 1001 καὶ
399 963 537 1014 πάχνη·
558 962 713 999 ἐπιπνεῖν
744 959 857 1012 φιλεῖ·
892 959 1118 1012 φυλλορροεῖν
1144 958 1293 1011 ἄρχεται
1323 958 1367 997 τὰ

312 1020 436 1073 δένδρα
460 1021 629 1071 μάλιστα.
651 1018 714 1058 Ἐν
743 1017 779 1057 δὲ
798 1021 842 1071 τῇ
873 1016 918 1069 ιγ’
945 1017 1159 1071 Δημοκρίτῳ
1178 1017 1268 1071 λύρα
1290 1020 1367 1057 ἐπι-

313 1080 436 1119 efflet
459 1079 535 1130 ἅμα
564 1078 655 1131 ἡλίῳ
675 1077 855 1130 ἀνίσχοντι
876 1076 937 1116 καὶ
960 1076 1063 1130 ὁάὴρ
1080 1076 1256 1130 χειμέριος
1277 1077 1367 1129 γίνε-

310 1155 367 1178 ται
387 1140 434 1182 ὡς
450 1138 507 1177 ἐπὶ
524 1137 570 1177 τὰ
601 1137 729 1177 πολλοί.
753 1137 824 1177 Τὸν
856 1136 892 1175 δὲ
920 1135 1063 1183 τοξότην
1085 1139 1102 1174 6
1123 1136 1219 1184 ἥλιος
1241 1138 1365 1176 διαπο·

313 1197 447 1249 ρεύεται
467 1198 501 1235 ἐν
518 1196 664 1249 ἡμέραις
684 1195 752 1236 κθ’.
770 1196 833 1236 Ἐν
849 1196 885 1236 δὲ
903 1199 945 1249 τῇ
962 1196 1008 1239 ις’
1030 1195 1244 1248 Δημοκρίτῳ
1268 1195 1367 1240 ἀετὸς

310 1255 484 1295 ἐπιτέλλει
512 1255 588 1305 ἅμα
619 1254 708 1308 ἡλίῳ
728 1255 788 1293 καὶ
812 1253 1055 1306 ἕπισημαίνειν
1091 1254 1185 1307 φιλεῖ
1217 1254 1366 1307 βροντὴν

309 1315 370 1353 καὶ
391 1314 577 1367 ἀστραπὴν
598 1314 658 1352 καὶ
685 1313 786 1352 ὕδατι
805 1313 828 1361 ἢ
846 1313 1005 1367 ἀνέμῳῆ
1035 1312 1217 1366 ἀμφότερα
1239 1316 1286 1357 ὡς
1303 1313 1360 1352 ἐπὶ

308 1374 353 1412 τὰ
371 1373 503 1413 πολλά.
528 1373 598 1413 Τὸν
619 1372 655 1411 δὲ
689 1371 880 1424 αἰγόκερων
903 1374 920 1410 6
942 1371 1039 1419 ἥλιος
1060 1370 1306 1424 διαπορεύεται
1331 1374 1364 1410 ἐν
1385 1399 1387 1402 ⁴

307 1433 458 1486 ἡμέραις
478 1431 547 1473 κθ’.
561 1432 626 1472 Ἐν
644 1431 680 1471 δὲ
695 1434 739 1485 τῇ
761 1431 807 1483 ιβ’
836 1430 1049 1484 Δημοκρίτῳ
1070 1430 1164 1474 νότος
1181 1430 1262 1468 πνεῖ
1265 1460 1360 1471 ......

306 1508 354 1537 ως
373 1492 563 1532 ἐπιτέλλει.
586 1490 658 1532 Τὸν
679 1491 715 1530 δὲ
735 1491 902 1543 ὑδροχόον
917 1488 1162 1543 διαπορεύεται
1179 1491 1196 1527 6
1217 1487 1313 1535 ἥλιος
1330 1490 1362 1526 ἐν

306 1551 455 1605 ἡμέραις
467 1550 515 1591 λ’.
535 1550 598 1591 Ἔν
613 1549 675 1601 μὲν
690 1543 748 1589 οὖν
765 1552 807 1602 τῇ
826 1549 858 1601 β’
872 1548 1086 1602 Δημοκρίτῳ
1106 1546 1266 1602 [γίνεται]
1285 1563 1362 1600 χει-

306 1609 396 1661 μών.
415 1610 477 1649 Ἐν
503 1609 539 1648 δὲ
559 1613 602 1663 τῇ
624 1609 672 1654 ις’
692 1609 907 1662 Δημοκρίτῳ
928 1608 1071 1662 ζέφυρος
1095 1613 1193 1647 πνεῖν
1214 1608 1362 1660 ἄρχεται

305 1669 364 1708 καὶ
385 1667 582 1720 παραμένει
601 1668 736 1721 ἡμέρας
755 1667 787 1720 γ’
807 1667 867 1707 καὶ
882 1667 919 1719 μ’
943 1667 1013 1706 ἀπὸ
1032 1669 1186 1721 τροπῶν.
1205 1666 1296 1711 Τοὺς
1325 1667 1360 1705 δὲ

307 1726 428 1780 ἰχθύας
443 1729 461 1765 6
477 1726 576 1774 ἥλιος
596 1726 842 1779 διαπορεύεται
862 1729 898 1766 ἐν
922 1726 1073 1780 ἡμέραις
1095 1724 1145 1766 λ’.
1176 1725 1238 1765 Ἐν
1260 1725 1296 1764 δὲ
1317 1729 1360 1779 τῇ

284 1809 291 1817 ·
306 1787 333 1825 δ’
369 1786 583 1839 Δημοκρίτῳ
617 1785 775 1825 ποικίλαι
807 1785 942 1839 ἡμέραι
972 1786 1129 1838 γίνονται
1160 1785 1361 1830 ἇλκυονίδες

305 1844 536 1898 καλούμεναι.
559 1845 622 1885 Ἐν
650 1845 686 1884 δὲ
705 1848 748 1898 τῇ
772 1844 815 1884 ιδ’
841 1845 1056 1898 Δημοκρίτῳ
1073 1844 1198 1895 ἄνεμοι
1217 1843 1361 1883 πνέουσι

304 1905 458 1958 ψυχροί,
482 1907 513 1944 οἱ
539 1905 685 1959 ὀρνιθίαι
709 1904 938 1956 καλούμενοι,
969 1905 1103 1958 ἡμέρας
1135 1905 1293 1956 μάλιστα
1313 1903 1358 1943 θ’.

302 1965 375 2004 Τὸν
397 1964 433 2003 δὲ
449 1963 546 2018 κριὸν
565 1963 812 2017 διαπορεύεται
825 1967 843 2003 ὁ
862 1963 958 2011 ἥλιος
978 1965 1013 2002 ἐν
1034 1963 1183 2016 ἡμέραις
1205 1961 1277 2003 λα’.
1298 1962 1359 2002 Ἐν

303 2023 342 2062 δὲ
362 2027 406 2077 τῇ
439 2022 483 2075 ιγ’
512 2023 727 2076 Δημοκρίτῳ
744 2023 906 2067 πλειάδες
924 2022 1139 2076 κρύπτονται
1172 2021 1248 2073 ἅμα
1269 2021 1361 2075 ἡλίῳ

303 2082 498 2136 ἀνίσχοντι,
514 2081 575 2120 καὶ
587 2083 734 2136 ἀφανεῖς
750 2082 906 2135 γίνονται
925 2081 1054 2126 νύκτας
1072 2082 1123 2132 μ’.
1143 2084 1176 2122 Τ
1178 2081 1234 2125 οὺς
1253 2080 1289 2119 δὲ
1308 2081 1359 2119 δι-

303 2141 431 2192 δύμους
445 2143 462 2180 6
477 2141 576 2187 ἥλιος
598 2141 841 2194 διαπορεύεται
862 2142 897 2179 ἐν
915 2140 1066 2194 ἡμέραις
1084 2141 1158 2193 λβ’.
1180 2141 1242 2180 Ἐν
1257 2140 1292 2178 δὲ
1314 2142 1358 2192 τῇ

303 2199 326 2238 ι’
346 2200 562 2254 Δημοκρίτῳ
585 2199 678 2255 ὕδωρ
694 2200 843 2253 γίνεται.
861 2200 921 2240 Ἐν
940 2200 976 2239 δὲ
996 2203 1040 2254 τῇ
1068 2199 1359 2253 κθίΔημοκρίτῳ

342 2312 514 2354 Scorpium
527 2311 574 2345 501
594 2313 737 2354 permeat
750 2312 868 2345 diebus
885 2312 1028 2354 triginta.

342 2371 400 2404 Die
421 2371 536 2412 quarto
559 2371 742 2404 Democrito
759 2371 901 2413 pleiades
916 2371 1071 2404 occidunt
1094 2379 1223 2404 summo
1245 2379 1356 2403 mane:

305 2429 392 2462 venti
410 2428 534 2461 hiberni
559 2429 749 2471 plerumque
769 2433 802 2462 et
821 2430 937 2471 frigora
961 2433 994 2462 et
1022 2430 1134 2471 pruina
1150 2441 1159 2462 ι
1176 2429 1258 2462 solet
1277 2429 1356 2462 oriri

302 2488 398 2521 llatus
413 2501 420 2521 :
436 2488 509 2520 101111
527 2488 665 2529 abjicere
682 2489 823 2522 maxime
838 2489 998 2530 incipiunt
1016 2488 1158 2521 arbores.
1178 2489 1238 2522 Die
1251 2483 1355 2521 *tertio

299 2547 426 2580 decimo
452 2548 635 2580 Democrito
661 2548 729 2589 tyra
757 2548 902 2581 ascendit
921 2556 984 2580 una
1000 2556 1076 2580 cum
1099 2548 1168 2580 sole
1187 2548 1311 2580 oriente
1324 2550 1357 2580 et

299 2614 354 2638 aer
371 2605 406 2639 fit
419 2607 657 2647 tempestuosus
677 2607 879 2649 plerumque.
903 2607 1112 2649 Sagittarium
1127 2607 1175 2640 sol
1192 2607 1355 2648 percurrit

300 2665 414 2699 dicbus
428 2666 539 2707 viginti
553 2675 684 2699 novem.

342 2724 402 2758 Die
422 2728 514 2758 sexto
538 2725 662 2759 decimo
690 2727 875 2760 Democrito
894 2727 1001 2768 aquila
1027 2727 1132 2760 oritur
1157 2726 1253 2760 simul
1278 2735 1354 2759 cum

300 2784 370 2817 5010
381 2786 415 2817 01
433 2785 563 2826 insuper
576 2785 754 2826 significare
771 2786 853 2819 solet
871 2786 993 2819 tonitru
1013 2789 1044 2819 et
1058 2787 1165 2828 fulgur
1182 2795 1256 2819 cum
1270 2794 1355 2825 aqua

297 2846 354 2875 aut.
370 2845 467 2876 vento
479 2845 534 2876 aut
552 2847 722 2886 utramque
742 2855 808 2878 rem
830 2846 1030 2888 plerumque.
1052 2846 1285 2888 Capricornum
1299 2845 1353 2878 Sol

299 2903 445 2943 peragrat
464 2902 576 2936 diebus
591 2904 700 2945 viginti
727 2913 856 2938 novem.
880 2905 940 2938 Die
955 2905 1147 2938 duodecimo
1165 2904 1354 2938 Democrito

296 2961 406 2994 auster
423 2962 524 3002 spirat
528 2985 630 2994 ........
652 2962 766 3004 oritur,
790 2965 969 3005 Aquarium
991 2966 1134 3006 permeat
1160 2964 1214 2997 Sol
1235 2963 1352 2996 diebus

298 3019 437 3060 triginta.
462 3020 521 3052 Die
539 3021 681 3053 secundo
698 3023 883 3056 Democrito
905 3023 1010 3056 hiems
1029 3022 1169 3056 exsistit.
1185 3023 1243 3056 Die
1258 3024 1352 3056 sexto

299 3077 424 3111 decimo
457 3080 640 3112 Democrito
664 3081 830 3123 Zephyrus
854 3083 965 3124 incipit
998 3082 1075 3116 11510
1102 3085 1135 3115 et
1161 3084 1270 3115 manet
1295 3091 1352 3123 per

297 3138 367 3172 dies
383 3140 592 3182 quadraginta
607 3144 671 3175 tres
691 3151 710 3175 a
725 3144 1002 3177 conversionibus.
1018 3144 1129 3177 Pisces
1142 3143 1197 3177 sol
1215 3151 1349 3185 percur-

297 3197 339 3230 rit
357 3197 470 3231 diebus
499 3200 636 3240 triginta.
656 3202 714 3234 Die
739 3204 854 3243 quarto
885 3204 1069 3237 Democrito
1102 3203 1180 3236 varii
1202 3202 1352 3235 oriuntur

296 3256 382 3297 dies,
401 3258 456 3299 qui
483 3261 637 3292 vocantur
658 3261 726 3294 dies
754 3262 962 3303 halcyonum.
992 3263 1053 3296 Die
1078 3263 1195 3303 quarto
1222 3262 1355 3294 decimo

1431 782 1579 835 ἄρχεται
1598 781 1727 835 Ὠρίων
1750 783 1947 823 ἐπιτέλλειν
1964 786 2025 823 καὶ
2047 786 2141 838 φιλεῖ
2162 785 2408 837 ἐπισημαίνει-ι
2431 787 2487 824 ἐπ’

1431 857 1542 895 &isup-

1565 902 1579 953 (
1590 902 1782 955 Excerpta
1801 916 1850 941 ex
1869 902 2028 941 Gemini
2049 903 2235 944 Element.
2259 913 2475 944 astronom.

1430 975 1513 1013 cap.
1538 964 1582 1000 16
1600 976 1638 1013 p.
1659 963 1709 1000 66
1732 975 1843 1013 seqq.
1862 963 1904 1000 in
1925 962 2077 1002 Petavii
2097 962 2356 1015 Uranologio‚
2377 964 2490 1004 Lute-

1429 1023 1492 1061 tiae
1511 1023 1754 1061 Parisiorum
1775 1021 1912 1074 1630.)

1788 1141 2080 1206 Σεπτέμὲριος.

1483 1276 1525 1323 ιζ’
1545 1277 1620 1330 ὥρᾳ
1642 1276 1687 1316 ιδ’
1699 1279 1718 1316 6
1737 1276 1888 1330 ἔσχατος
1901 1280 1961 1316 τοῦ
1978 1279 2143 1329 ποταμοῦ
2159 1279 2244 1331 ἑῷος
2257 1276 2488 1328 ἐπισημαίνει

1427 1338 1659 1390 Δημοκρίτῳ.

1478 1395 1532 1435 κ6’
1549 1396 1624 1450 ὥρα
1647 1395 1692 1435 ιδ’
1706 1395 1922 1450 Δημοκρίτῳ
1942 1395 2052 1439 ὑετός.

1809 1526 2061 1591 ὀκτώὲριος.

1478 1653 1513 1701 η’
1532 1652 1664 1707 στάχυς
1691 1652 1883 1692 ἐπιτέλλων
1899 1651 2114 1708 Δημοκρίτῳ
2142 1649 2320 1704 χειμάζει.
2344 1652 2488 1705 Σπορου

1423 1710 1511 1765 ὥρα.

1803 1854 1805 1856 -
1829 1797 2075 1891 ,Νοέμὲριοᾳ

1478 1956 1513 2011 β’
1529 1956 1605 2012 ὥρα
1630 1956 1672 1996 ιδ’
1693 1959 1711 1995 6
1739 1957 1905 2011 λαμπρὸς
1925 1958 1988 2004 τῆς
2013 1955 2128 1996 νοτίου
2153 1957 2269 2009 χηλῆς
2288 1955 2482 1998 ἐπιτέλλει.

1424 2016 1640 2071 Δημοκρίτῳ
1655 2015 1752 2070 ψύχη
1772 2016 1834 2055 καὶ
1853 2015 1987 2069 πάχνη.

1482 2075 1530 2125 ιη’
1549 2079 1567 2115 6
1590 2076 1648 2115 ἐπὶ
1661 2079 1725 2123 τῆς
1740 2077 1896 2129 κεφαλῆς
1914 2079 1976 2115 τοῦ
1998 2074 2193 2128 ἡγουμένου
2214 2074 2359 2127 διδύμου
2378 2076 2485 2115 ἑσπέ-

1423 2153 1494 2191 ριος
1518 2136 1718 2176 ἀνατέλλει.
1742 2135 1958 2190 Δημοκρίτῳ
1980 2135 2117 2188 χειμὼν
2145 2135 2205 2174 καὶ
2228 2135 2320 2174 κατὰ
2342 2137 2407 2187 γῆν
2423 2135 2484 2175 καὶ

1421 2196 1515 2236 κατὰ
1537 2197 1738 2236 θάλασσαν.

1422 2310 1523 2351 ginta.
1546 2309 1700 2343 Geminos
1728 2309 1782 2342 Sol
1811 2309 1956 2351 permeat
1980 2308 2095 2342 diebus
2114 2308 2243 2350 triginta
2262 2307 2406 2341 duobus.
2424 2309 2485 2341 Die

1422 2369 1548 2402 decimo
1563 2368 1747 2401 Democrito
1764 2377 1847 2410 aqua
1863 2368 1998 2401 exsistit.
2013 2368 2073 2402 Die
2084 2368 2238 2401 vicesimo
2254 2377 2341 2401 nono
2362 2370 2482 2401 Demo-

1420 2429 1502 2462 crito
1520 2429 1620 2462 Orion
1642 2427 1755 2470 incipit
1773 2428 1864 2468 oriri,
1880 2431 1914 2461 et
1932 2428 2014 2461 solet
2033 2429 2106 2470 post
2123 2428 2232 2470 ipsum
2248 2427 2438 2471 significare.

1812 2529 2091 2588 September.

1461 2647 1607 2688 Septimo
1624 2646 1751 2680 decimo
1765 2647 1817 2680 die
1832 2647 1910 2679 hora
1926 2648 2003 2680 XIV
2015 2646 2128 2679 ultima
2142 2646 2260 2688 (510115)
2278 2645 2367 2679 fluvii
2383 2646 2491 2680 maue'

1418 2705 1576 2746 significat
1593 2706 1790 2739 Democrito.

1457 2765 1624 2799 Vicesimo
1645 2774 1732 2798 nono
1753 2765 1805 2798 die
1819 2765 1899 2797 11015
1912 2766 1989 2797 XIV
2001 2764 2185 2797 Democrito
2202 2764 2324 2806 pluvia.

1843 2864 2046 2909 October.

1456 2979 1580 3011 Octavo
1593 2976 1646 3010 (110
1666 2977 1755 3018 spica
1770 2977 1877 3009 oriens
1892 2975 2080 3009 Democrito
2094 2975 2317 3016 tempestatem
2337 2974 2477 3026 excitat.

1413 3037 1571 3071 sementis
1586 3038 1726 3079 tempus.

1804 3143 2070 3188 November.

1458 3263 1518 3297 Die
1549 3262 1690 3296 secundo
1710 3262 1789 3295 11015
1815 3263 1891 3295 xlv
1918 3261 2024 3294 lucida
2053 3261 2170 3303 (stella)
2195 3261 2345 3294 australis
2363 3260 2475 3295 0110105

296 3316 480 3348 Democrito
508 3317 612 3358 frigidi
636 3319 714 3352 llant
733 3321 832 3361 venti,
850 3322 906 3363 qui
923 3322 1074 3354 ornithiae
1099 3324 1268 3362 vocantur,
1294 3330 1350 3362 per
1415 3321 1530 3355 oritur.
1546 3322 1731 3355 Democrito
1752 3321 1864 3363 frigora
1881 3322 1913 3353 et
1931 3320 2058 3362 pruina.

296 3373 365 3407 dies
381 3375 522 3408 maxime
538 3384 666 3410 novem.
688 3379 827 3412 Arietem
845 3382 1016 3422 pertransit
1041 3381 1093 3414 Sot
1111 3380 1223 3413 diebus
1237 3389 1300 3412 uno
1317 3382 1350 3413 et

1460 3382 1519 3415 Die
1532 3384 1647 3414 octavo
1663 3380 1788 3414 decimo
1805 3380 1920 3422 (510115)
1936 3389 2010 3422 quae
2026 3380 2058 3412 in
2076 3380 2180 3421 capite
2196 3380 2245 3413 est
2258 3378 2471 3421 praecedentis

298 3433 435 3473 triginta.
455 3435 512 3467 Die
533 3437 627 3468 tertio
643 3437 768 3470 decimo
786 3440 968 3472 Democrito
987 3439 1126 3482 pleiades
1144 3440 1348 3472 occultantur
1413 3441 1630 3482 geminorum,
1654 3449 1787 3483 vespere
1817 3440 1934 3473 oritur.
1966 3440 2152 3472 Democrito
2180 3439 2357 3481 tempestas
2380 3438 2471 3472 terra

297 3493 392 3526 simul
406 3504 479 3527 cnm
494 3498 567 3529 Sole
583 3498 706 3531 oriente
722 3509 825 3541 neque
839 3503 993 3542 apparent
1013 3511 1066 3543 per
1083 3504 1192 3533 noctes
1203 3500 1344 3542 quadra-

1326 3563 1396 3596 368

1411 3501 1568 3542 man-ique.
