2612 3814
735 276 1023 317 CARMINUM
1054 277 1119 316 ET
1148 277 1422 318 DICTORUM
1455 279 1738 327 RELIQUIAE.

174 383 203 409 9.
235 367 370 412 Πάντες
389 366 457 420 γὰρ
477 364 579 418 γαίης
595 380 634 404 τε
654 363 715 404 καὶ
736 363 860 410 ὕδατος
885 364 1135 417 ἐκγενόμεσθα.

161 442 206 468 10.
237 429 290 474 Γῆ
306 427 366 466 καὶ
385 426 478 479 ὕδωρ
499 424 602 465 πάνθ’
619 423 708 464 ὅσσα
729 424 885 476 γίνονται
905 424 967 472 ἠδὲ
983 425 1146 478 φύονται.

164 501 210 527 ιι.
244 485 351 538 Πηγὴ
372 485 401 524 δ’
422 484 496 524 ἐστὶ
516 483 666 523 θάλασσ’
682 482 809 527 ὕδατος
815 513 904 524 ......

162 560 208 587 12.
239 545 350 593 Γαίης
370 543 433 596 μὲν
453 542 529 583 τόδε
548 547 671 596 πεῖρας
689 542 762 581 ἄνω
777 542 849 596 πὰρ
869 542 994 582 ποσσὶν
1023 544 1150 596 ὁρᾶται

227 603 581 659 αἷθέρι·προσπλάζον
596 633 607 654 ‚
629 602 674 640 τὰ
694 602 792 641 κάτω
808 603 838 640 δ’
858 603 891 647 ἐς
909 601 1052 656 ἄπειρον
1073 601 1201 643 ἱκάνει.

163 679 208 705 13.
237 663 310 703 Ἦν
324 665 354 702 τ’
374 657 410 702 ³1
417 679 466 717 ριν
487 660 676 710 καλέουσι,
693 661 794 715 νέφος
812 661 874 701 καὶ
892 665 997 701 τοῦτο
1017 661 1150 716 πέφυκε

226 721 422 776 πορφύρεον
440 721 501 760 καὶ
519 720 689 775 φοινίκεον
709 721 771 760 καὶ
789 720 928 774 χλωρὸν
948 719 1094 761 ἰδέσθαι.

163 796 206 823 ιι.
240 781 310 822 Καὶ
320 781 361 820 τὸ
376 780 439 832 μὲν
448 775 507 820 oliv
519 779 626 835 σαφὲς
634 779 726 825 οὔτις
741 780 829 834 ἀνὴρ
839 779 1032 832 γένετόὓδέ
1044 779 1203 824 τιςέσται

224 839 341 889 εἰδώς,
363 839 455 894 ἀμφὶ
473 841 558 879 θεῶν
579 855 617 879 τε
637 839 698 878 καὶ
719 838 812 879 ἅσσα
828 838 922 893 λέγω
941 839 1022 892 περὶ
1037 841 1180 878 πάντων
1193 853 1203 863 ·

225 901 255 938 εἷ
270 899 337 953 γὰρ
354 898 414 938 καὶ
437 898 480 937 τὰ
501 898 656 949 μάλιστα
671 897 774 951 τύχοι
790 896 1038 949 τετελεσμένον
1060 896 1185 945 εἰπών,

225 959 330 1002 αὐτὸς
355 958 450 1009 ὅμως
470 959 532 997 οὐκ
555 951 647 998 οἶδε’
667 957 764 1004 δόκος
784 959 813 997 δ’
836 957 894 997 ἐπὶ
913 963 1002 997 πᾶσι
1020 957 1200 997 τέτυκται.

160 1033 203 1057 15.
232 1021 358 1058 Ταῦτα
374 1018 580 1064 δεδόξασται
596 1016 660 1070 μὲν
677 1017 816 1058 ἐοικότα
830 1020 901 1062 τοῖς
921 1016 1094 1069 ἐτύμοισι.

161 1092 203 1118 ιο.
234 1076 344 1118 Οὔτοι
359 1078 420 1116 ἀπ’
438 1080 550 1130 ἀρχῆς
569 1076 685 1116 πάντα
705 1077 775 1116 θεοὶ
792 1077 926 1125 θνητοῖς
947 1076 1130 1122 ὑπέδειξαν
1143 1107 1154 1129 ,

227 1137 317 1176 ἀλλὰ
340 1137 458 1190 χρόνῳ
474 1140 655 1185 ζητοῦντες
676 1137 938 1190 ἐφευρίσκουσιν
959 1136 1118 1188 ἄμεινον.

200 1265 268 1306 Ἐκ
285 1266 392 1319 πυρός
407 1282 447 1319 γε
467 1266 511 1304 τὰ
528 1266 645 1306 πάντα
665 1265 726 1305 καὶ
746 1267 794 1310 εἷς
807 1269 878 1319 πῦρ
899 1265 1019 1305 πάντα
1035 1267 1198 1318 τελευτᾷ.

143 1364 278 1412 Itaque
295 1363 399 1400 hunc
427 1377 578 1401 versum
597 1371 640 1401 ut
671 1364 847 1414 spurium
884 1370 951 1400 aut
979 1364 1112 1400 saltem
1138 1377 1206 1400 su-

145 1428 318 1472 spectum
336 1423 447 1460 uncis
467 1423 620 1462 inclusi.

199 1493 238 1529 9.
262 1480 335 1517 Hic
351 1494 481 1518 versus
501 1482 548 1518 ab
565 1482 701 1519 iisdem
718 1483 858 1519 citatur
877 1482 1101 1519 auctoribus
1116 1482 1142 1520 1.
1164 1483 1205 1529 l.,

145 1551 167 1576 a
188 1541 303 1587 Sexto
335 1541 458 1578 altero
489 1542 606 1578 etiam
625 1542 714 1579 loco
742 1542 830 1579 adv.
853 1543 973 1579 Math.
996 1542 1071 1592 IX,
1105 1541 1176 1578 361
1193 1569 1204 1588 ,

146 1599 238 1636 item
259 1600 307 1636 ab
326 1600 526 1638 Eustathio
546 1601 595 1638 ad
608 1602 652 1639 Il.
669 1616 707 1648 η,
730 1615 781 1652 99
797 1615 838 1651 p.
859 1602 952 1641 668.
973 1603 1207 1651 Xenophani

148 1660 386 1709 suppositum
404 1673 481 1698 esse
495 1661 659 1698 credidit
671 1662 891 1699 Meinersius
903 1663 930 1702 l.
946 1675 978 1702 c.
997 1662 1073 1699 Sed
1087 1675 1207 1711 quum

148 1719 284 1756 Sextus
306 1720 522 1768 Empiricus
553 1719 750 1769 Pyrrhon.
783 1723 884 1771 Hyp.
917 1721 973 1768 II,
1005 1722 1054 1759 30
1075 1729 1206 1771 aperte

148 1778 252 1815 dicat
268 1779 552 1832 Xenophanem
574 1787 716 1817 terram
745 1788 783 1818 et
805 1794 944 1830 aquam
972 1794 1103 1818 rerum
1132 1782 1207 1820 ele·

149 1846 275 1876 menta
293 1840 480 1888 posuisse,
501 1839 542 1876 id
556 1840 663 1888 quod
675 1841 788 1877 simul
802 1854 890 1878 cum
902 1842 1078 1890 sequenti
1094 1854 1206 1878 versu

147 1900 326 1949 congruit
338 1927 348 1946 ,
367 1912 493 1948 neque
507 1912 662 1949 prorsus
675 1913 697 1937 a
714 1900 1046 1939 verisimilitudine
1063 1901 1206 1938 abhor-

146 1966 229 1994 reat
255 1958 532 2007 philosophum
559 1960 843 2009 Colophonium
866 1967 1040 2010 tempore
1059 1973 1206 2010 proce-

145 2015 260 2052 dente
279 2016 421 2064 placita
436 2029 504 2053 sua
522 2018 739 2055 immutasse
757 2025 794 2056 et
807 2020 916 2069 prius
930 2019 1097 2070 probata
1112 2020 1205 2068 reje-

145 2076 237 2112 cisse
256 2088 264 2111 :
281 2075 384 2111 hunc
400 2088 557 2125 quoque
570 2089 726 2115 versum
740 2079 883 2116 caeteris
897 2078 1108 2129 adjungere
1124 2092 1205 2115 non

143 2135 288 2185 gravati
306 2147 447 2172 sumus.

202 2207 264 2233 10.
287 2195 458 2232 Affertur
476 2195 538 2231 hic
559 2208 688 2233 versus
706 2209 728 2233 a
747 2190 946 2247 Simplicio
970 2197 1019 2235 ad
1039 2199 1200 2238 Aristot.

144 2251 258 2303 Phys.
290 2254 309 2292 I
331 2267 371 2304 p.
396 2239 486 2302 2533,
505 2256 546 2302 E,
570 2255 636 2294 fol.
655 2261 721 2303 41,
755 2269 793 2304 a,
816 2264 932 2307 atque
952 2270 973 2294 a
996 2259 1087 2297 Joh.
1111 2259 1206 2295 Phi-

144 2313 289 2364 lopono
308 2315 356 2352 ad
371 2316 548 2352 eumdem
566 2317 696 2353 locum
713 2317 782 2354 fol.
811 2330 845 2367 1,
865 2330 900 2354 a.
919 2318 1037 2367 Apud
1053 2320 1206 2368 Simpli-

145 2375 247 2411 cium
266 2388 341 2425 pro
360 2373 588 2425 Ἀναξιμένην
609 2389 655 2414 ex
678 2377 899 2426 Philopono
920 2379 1071 2428 corrige
1092 2378 1204 2417 Ξενο-

144 2433 269 2486 φάνην.
315 2438 490 2486 Uterque
517 2439 737 2475 Aristotelis
773 2439 962 2487 interpres
1000 2439 1041 2476 in
1078 2453 1122 2477 ea
1162 2453 1206 2477 re

134 2495 352 2544 ‘Porphyrii
376 2497 603 2534 auctoritate
638 2498 772 2536 utitur.
799 2498 913 2546 Quod
936 2499 1040 2548 apud
1073 2501 1205 2537 Philo-

145 2566 292 2603 ponum
312 2555 552 2593 claudicante
570 2564 695 2593 metro
715 2557 900 2606 scriptum
926 2565 981 2594 est
1002 2568 1012 2594 ε

200 2647 254 2692 Γῆ
272 2645 332 2685 καὶ
353 2644 446 2700 ὕδωρ
466 2647 575 2685 πάντ’
600 2649 671 2686 ἐσθ’
686 2646 750 2687 ὅσα
768 2647 913 2702 φύονται
929 2648 992 2697 ἠδὲ
1006 2649 1174 2701 γίνονται,

146 2728 311 2778 librariis
330 2722 511 2791 imputari
527 2744 718 2780 convenit.
874 2788 876 2790 q

207 2814 269 2838 11.
293 2803 449 2838 Exstant
466 2803 546 2839 haec
569 2803 811 2849 Xenophanis
838 2804 955 2841 verba
979 2805 1083 2854 apud
1117 2807 1203 2843 Sto-

147 2860 272 2897 baeum
306 2862 347 2897 in
385 2862 582 2913 Florilegii
617 2863 831 2912 appendice
870 2863 932 2903 ed.
963 2865 1076 2904 Gaisf.
1100 2873 1127 2902 t.
1153 2866 1205 2904 IV

178 2948 188 2959 .
212 2920 251 2960 6.

146 2933 172 2970 p
205 2993 268 3020 12.
302 2981 531 3018 Laudamur
559 2982 600 3018 hi
622 2995 751 3020 versus
778 2983 826 3020 ab
858 2984 1009 3022 Achille
1031 2986 1141 3022 Tatio
1166 2987 1206 3023 in

150 3039 310 3091 Isagoge
329 3040 380 3077 ad
400 3042 560 3078 Aratum
581 3042 684 3079 edita
700 3044 740 3079 in
758 3044 901 3080 Petavii
928 3046 1065 3082 Doctr.
1090 3047 1205 3082 Tem-

148 3109 238 3146 por.
257 3099 334 3138 vol.
356 3099 417 3138 111
436 3113 477 3149 p.
500 3101 564 3148 76.
586 3103 744 3139 Versum
763 3103 973 3139 secundum
1001 3105 1070 3154 qui
1089 3106 1205 3155 vulgo

148 3157 200 3194 sic
220 3158 360 3208 legitur
376 3171 384 3194 :

204 3243 277 3284 Καὶ
296 3247 347 3297 ῥεῖ
366 3246 591 3298 προσπλάζον
604 3279 615 3298 ,
631 3247 731 3288 κάτω
751 3248 780 3288 δ’
794 3250 842 3294 εἷς
859 3249 1002 3303 ἄπειρον
1017 3251 1186 3305 ἱκνεῖται,

151 3337 368 3375 emendavit
381 3340 615 3381 Karstenius.

2249 291 2321 325 ¹03

1291 374 1323 404 9.
1352 373 1499 413 Namque
1517 380 1536 404 e
1557 374 1640 404 terra
1653 373 1686 404 et
1702 380 1786 413 aqua
1806 382 1920 406 omnes
1941 374 2003 407 orti
2017 385 2139 409 sumus.

1272 433 1322 463 10.
1352 431 1450 463 Terra
1469 431 1502 463 et
1515 439 1602 471 aqua
1620 432 1698 463 sunt
1723 432 1832 463 omnia
1851 441 1927 473 quae
1948 433 2031 466 fiunt
2050 437 2082 467 et
2098 441 2287 470 nascuntur.

1271 493 1320 523 ll.
1351 491 1441 522 Mare
1463 489 1536 522 sons
1560 491 1612 522 est
1632 490 1738 523 omnis
1757 499 1864 532 aquae.

1271 551 1321 582 12.
1347 548 1483 582 Telluris
1491 548 1623 591 quidem
1633 549 1740 582 haecce
1747 549 1932 591 superficies
1943 551 2017 584 ante
2027 552 2123 593 pedes
2132 554 2331 596 conspicitur

1349 607 1462 640 aetheri
1475 607 1667 649 imminens,
1689 608 1855 641 inferiores
1871 610 1980 642 antem
1996 612 2105 652 partes
2123 611 2155 644 in
2169 612 2333 647 infinitum

1270 670 1318 700 13.
1349 668 1454 706 Quam
1471 667 1592 700 Iridem
1608 668 1742 707 vocant,
1756 676 1794 701 ea
1807 677 1937 709 quoque
1953 669 2056 702 nubes
2073 673 2121 703 est
2133 670 2146 714 [
2159 672 2330 713 pertinent.

1351 735 1511 768 purpurea
1524 729 1556 759 et
1573 726 1710 768 punicea
1732 728 1765 759 et
1785 727 1905 769 pallida
1928 730 2078 769 aspectu.

1269 788 1318 819 14.
1348 787 1414 818 Nec
1428 785 1489 818 suit
1501 785 1676 827 quisquam
1692 794 1798 828 neque
1814 785 1944 820 tuturus
1963 788 2012 820 est
2025 788 2081 830 qni
2097 790 2186 822 certo

1349 844 1430 878 sciat
1445 844 1527 885 haec,
1536 854 1610 886 quae
1624 845 1664 878 de
1676 845 1737 878 diis
1751 846 1784 878 et
1797 845 1838 878 de
1851 854 1960 879 rerum
1974 847 2187 881 universitate
2198 848 2330 890 loquor;

1348 913 1424 936 nam
1439 903 1636 945 licetaliquis
1646 912 1744 945 quam
1757 904 1899 937 maxime
1909 914 2024 938 verum
2034 907 2208 948 ratumque
2221 907 2308 941 dicat
2322 932 2332 949 ‚

1350 963 1381 996 id
1397 967 1504 996 tamen
1519 963 1681 1005 ipsehaud
1694 967 1784 996 certo
1798 964 1858 997 scit
1873 973 1881 993 =
1898 965 1991 1006 (sola)
2007 965 2117 1007 opinio
2133 966 2285 999 omnibus
2302 967 2334 1001 iu

1271 1027 1318 1055 15.
1348 1024 1428 1056 Haec
1443 1023 1523 1056 mihi
1543 1024 1610 1056 veri
1627 1023 1745 1055 similia
1765 1023 1834 1056 visa
1854 1025 1943 1057 sunt.
2093 1025 2215 1064 [rebus
2235 1026 2332 1059 valet.

1272 1083 1319 1114 16.
1350 1083 1421 1115 Non
1435 1082 1545 1114 statim
1558 1082 1600 1114 ab
1614 1081 1705 1114 initio
1716 1082 1826 1114 omnia
1837 1082 1881 1114 dii
1898 1081 2088 1115 mortalibus
2106 1083 2333 1124 ostenderunt,

1352 1140 1407 1173 sed
1418 1143 1559 1182 tempore
1568 1140 1758 1181 procedente
1768 1140 1826 1181 ipsi
1836 1141 1965 1173 meliora
1974 1141 2149 1182 quaerendo
2157 1150 2335 1183 repperere.

1274 1266 1393 1302 Diatr.
1409 1265 1585 1314 Euripid.
1608 1277 1649 1314 p.
1680 1263 1752 1314 195
1775 1272 1812 1301 et
1831 1266 1959 1303 Schol.
1978 1265 2131 1305 Villois.
2152 1266 2202 1303 ad
2220 1267 2332 1304 Iliad.

1272 1325 1296 1362 l.
1315 1325 1360 1371 1.,
1383 1324 1451 1360 ubi
1471 1325 1511 1360 in
1530 1324 1663 1372 priore
1677 1336 1786 1360 versu
1803 1337 1878 1372 pro
1897 1321 1957 1360 καὶ
1972 1325 2106 1362 vitiose
2121 1326 2262 1375 legitur
2279 1323 2330 1373 δέ,

1270 1397 1344 1433 pro
1365 1396 1445 1433 quo
1468 1383 1628 1419 fortasse
1645 1383 1953 1420 substituendum
1978 1382 2034 1429 δή.

1331 1447 1394 1487 14.
1416 1444 1497 1479 Hos
1515 1450 1702 1491 quattuor
1732 1455 1863 1480 versus
1893 1443 2005 1480 affert
2028 1444 2163 1480 Sextus
2185 1446 2332 1494 Empir.

1270 1502 1357 1540 adv.
1379 1502 1499 1538 Math.
1530 1501 1619 1547 VII,
1656 1505 1707 1550 49
1728 1509 1766 1538 et
1797 1514 1898 1550 110,
1935 1501 2042 1548 VIII,
2081 1502 2173 1541 326.
2210 1505 2334 1540 Porro

1270 1562 1367 1599 duos
1398 1560 1552 1611 priores
1573 1574 1705 1598 versus
1737 1562 1829 1598 citat
1856 1563 2053 1601 Plutarch.
2085 1563 2190 1602 Aud.
2219 1571 2328 1613 poet.

1267 1636 1309 1673 p.
1340 1621 1401 1668 15,
1420 1623 1450 1658 E
1480 1621 1582 1672 (vol.
1612 1623 1661 1660 VI
1681 1634 1721 1671 p.
1754 1621 1800 1659 61
1835 1623 2016 1672 Rcisk.-),
2041 1623 2191 1659 initium
2211 1636 2332 1672 usque

1269 1683 1319 1720 ad
1351 1680 1451 1725 εἰδώς
1469 1683 1586 1731 Diog.
1617 1683 1744 1720 Laert.
1782 1681 1859 1727 IX,
1891 1695 1957 1729 72,
1990 1695 2143 1719 versum
2177 1684 2332 1720 tertium

1269 1743 1438 1791 itemque
1460 1749 1640 1790 quartum
1673 1742 1782 1791 Orig.
1814 1740 2037 1791 philosoph.
2081 1755 2116 1780 c.
2137 1743 2227 1781 XIV
2262 1750 2289 1781 t.
2312 1743 2332 1781 I

1267 1815 1307 1851 p.
1333 1801 1409 1850 892
1431 1801 1491 1839 ed.
1523 1802 1712 1852 Delarue,
1742 1801 1910 1838 Galenus
1937 1802 1985 1840 de
2015 1802 2214 1840 Different.
2234 1804 2332 1851 puJS.

1269 1861 1344 1907 ΙΙΙ,
1373 1875 1387 1897 1
1413 1868 1441 1900 t.
1463 1862 1554 1898 VIII
1580 1873 1618 1909 p.
1641 1861 1690 1897 62
1710 1860 1798 1911 (ed.
1820 1861 1993 1898 Charter.
2012 1860 2042 1912 ),
2061 1862 2195 1897 ultima
2213 1863 2332 1898 verba

1270 1920 1358 1958 inde
1377 1933 1398 1957 a
1419 1918 1518 1963 δόκος
1540 1921 1676 1957 Sextus
1696 1921 1842 1970 Empir.
1864 1919 2058 1969 Pyrrhon.
2084 1922 2326 1970 Hypotypos.

1268 1979 1321 2025 11,
1360 1979 1430 2024 183
1471 1980 1628 2016 Proclus
1672 1979 1721 2016 ad
1752 1981 1933 2016 Timaeum
1966 1993 2005 2029 p.
2048 1979 2119 2026 78,
2162 1979 2334 2016 Stobaeus

1270 2040 1428 2089 Eclogg.
1448 2040 1518 2078 Ph.
1542 2040 1580 2075 11
1602 2052 1639 2088 p.
1668 2043 1712 2083 14
1735 2039 1795 2076 ed.
1817 2040 1935 2077 Heer.
1955 2041 2076 2077 Versu
2105 2039 2232 2088 primo
2255 2051 2329 2088 pro

1267 2095 1378 2148 γένετ’
1399 2098 1507 2147 quod
1524 2105 1578 2134 est
1591 2098 1695 2147 apud
1711 2098 1958 2134 Plutarchum
1975 2099 2109 2135 Sextus
2128 2105 2165 2134 et
2187 2099 2332 2148 Dioge-

1268 2170 1334 2194 nes
1352 2157 1496 2194 habent
1514 2154 1599 2196 ἴδεν.
1623 2159 1743 2195 Versu
1768 2157 1940 2194 secundo
1965 2155 2058 2194 ἅσσα
2086 2157 2191 2194 Sexti
2213 2158 2329 2194 lectio

1268 2224 1344 2263 est,
1377 2217 1574 2255 Plutarchi
1606 2215 1711 2254 ὅσσα.
1743 2218 1917 2254 Fortasse
1944 2217 2043 2253 hanc
2074 2218 2329 2266 Xenophanis

1266 2277 1491 2312 sententiam
1513 2277 1634 2325 tangit
1652 2277 1872 2312 Aristoteles
1892 2275 2001 2314 Poet.
2029 2288 2063 2314 οι.
2089 2275 2161 2325 25,
2183 2275 2250 2312 sed
2276 2276 2331 2312 ibi

1267 2336 1412 2371 incerta
1437 2342 1491 2371 est
1521 2334 1640 2373 codd.
1671 2335 1875 2383 scriptura.
1896 2336 2045 2372 Tertius
2073 2348 2201 2372 versus
2228 2335 2331 2384 apud

1267 2394 1453 2431 Galenum
1472 2393 1572 2429 male
1588 2394 1642 2429 sic
1663 2393 1865 2430 exhibetur
1887 2407 1895 2430 :

1320 2500 1392 2542 Ἢν
1408 2501 1476 2554 γὰρ
1490 2500 1550 2540 καὶ
1571 2500 1617 2540 τὰ
1635 2500 1789 2553 μέγιστα
1809 2501 1901 2556 τύχῃ
1916 2503 2150 2554 τετελεσμένα
2172 2504 2294 2543 εἰπών.

1268 2628 1455 2664 Caeterum
1480 2625 1727 2677 τετελεσμένον
1761 2628 2030 2677 accipiendum
2051 2637 2095 2667 ut
2117 2631 2157 2666 in
2187 2633 2329 2668 carmi-

1267 2687 1379 2722 nibus
1408 2686 1626 2722 Homericis
1658 2685 1704 2724 11.
1740 2699 1779 2735 α,
1812 2698 1905 2733 212,
1930 2684 1958 2733 ξ,
1985 2691 2074 2738 195,
2105 2688 2180 2728 Od.
2203 2703 2235 2735 ε,
2258 2703 2325 2740 90.

1269 2744 1328 2783 Cf.
1352 2745 1547 2794 Apollonii
1567 2747 1660 2782 Lex.
1684 2746 1798 2782 Hom.
1828 2758 1868 2794 p.
1898 2745 1975 2790 643
1997 2747 2060 2786 ed.
2083 2749 2185 2785 Toll.
2209 2751 2330 2786 Versu

1269 2811 1409 2852 quarto
1429 2805 1536 2841 nulla
1555 2803 1728 2841 lectionis
1747 2805 1908 2842 varietas
1934 2813 1988 2842 est
2008 2807 2079 2843 nisi
2100 2807 2209 2856 quod
2235 2811 2329 2859 Epi-

1267 2863 1430 2912 phanius
1451 2863 1545 2900 Adv.
1566 2863 1724 2900 haereses
1743 2863 1770 2902 l.
1786 2863 1848 2902 III
1862 2865 1938 2903 vol.
1962 2865 1981 2902 Ι
1998 2878 2037 2914 p.
2067 2867 2165 2914 1087
2185 2869 2327 2905 evitato

1268 2923 1428 2970 antiquo
1449 2922 1643 2959 vocabulo
1665 2920 1765 2966 δόκος
1795 2924 2021 2961 sententiam
2043 2925 2097 2961 ita
2118 2927 2210 2962 citat
2236 2939 2245 2963 :
2271 2926 2331 2964 δό-

1268 2994 1369 3026 κησις
1383 2978 1412 3018 δ’
1428 2978 1487 3017 ἐπὶ
1506 2985 1594 3019 πᾶσι
1607 2979 1784 3021 τέτυκται.

1329 3039 1390 3079 15.
1420 3041 1494 3077 Hic
1513 3041 1720 3078 versiculus
1740 3041 1921 3079 laudatur
1941 3055 1963 3080 a
1982 3043 2188 3081 Plutarcho
2215 3043 2327 3094 Sym-

1267 3112 1353 3150 pos.
1375 3098 1432 3136 IX
1452 3112 1489 3149 p.
1514 3099 1606 3150 746,
1629 3101 1672 3136 B.
1696 3101 1771 3137 Pro
1789 3099 1993 3146 δεδοξάσθαι
2013 3115 2101 3139 cum
2122 3104 2328 3141 Karstenio

1268 3158 1400 3208 scripsi
1427 3156 1649 3202 δεδόξασται.
1678 3159 1883 3197 Probabile
1904 3168 1960 3197 est
1982 3162 2263 3212 Xenophanem
2287 3165 2326 3200 in

1267 3216 1342 3254 fine
1364 3219 1541 3255 carminis
1554 3218 1634 3256 haec
1653 3219 1769 3257 verba
1787 3221 1973 3269 posuisse.

1327 3277 1390 3315 16.
1414 3278 1542 3314 Exstat
1556 3277 1620 3314 hic
1634 3278 1742 3315 locus
1754 3279 1858 3328 apud
1870 3280 2063 3317 Stobaeum
2078 3280 2118 3316 in
2140 3282 2322 3331 Florileg.

1269 3336 1326 3374 tit.
1348 3337 1502 3383 XXIX,
1520 3341 1565 3381 41
1589 3337 1652 3375 ed.
1671 3338 1784 3375 Gaisf.
1804 3345 1842 3375 et
1861 3339 1902 3375 in
1920 3341 2075 3390 Eclogg.
2092 3340 2258 3389 physicis
2277 3341 2295 3378 I
2312 3371 2321 3389 ‚

1269 3407 1309 3444 p.
1329 3399 1420 3439 224.
1441 3397 1518 3432 Pro
1545 3393 1730 3441 ὑπέδειξαν
1751 3397 1815 3433 alii
1850 3395 2028 3441 ἐπέδειξαν
2042 3427 2053 3445 ,
2085 3398 2147 3434 alii
2166 3396 2327 3450 παρέδει-

210 3440 272 3478 13.
298 3441 380 3479 Hoc
401 3442 654 3493 fragmentum
672 3446 829 3485 laudant
851 3450 1066 3487 Eustathius
1081 3450 1130 3487 ad
1153 3451 1201 3490 Il.
1256 3452 1355 3507 Ὶξαν;
1378 3462 1563 3505 praeterea
1577 3457 1617 3491 in
1640 3456 1788 3506 Eclogis
1803 3454 2028 3508 ἔφεύρισκον,
2048 3457 2149 3494 unde
2169 3458 2324 3494 Grotius

153 3496 266 3548 λ,27
294 3515 335 3551 p.
371 3503 462 3551 827,
495 3506 624 3545 Schol.
655 3507 843 3555 Leydens.
880 3522 942 3558 ap.
978 3511 1205 3551 Valckenar.

1269 3521 1392 3551 metro
1412 3516 1652 3551 consulturus
1672 3514 1792 3552 edidit
1809 3513 2011 3567 ἐφεύρισκόν
2031 3530 2064 3552 τι
2087 3513 2241 3566 ἄμεινον.
