2612 3814
276 298 350 333 284

276 369 399 408 λέσθαι
418 366 457 405 τὸ
475 365 534 412 ὄν,
555 364 650 414 ὅμως·
666 360 700 399 τί
719 356 846 398 κωλύει
868 355 911 395 τὰ
934 354 995 404 μὲν
1015 350 1184 404 γενόμεναι
1205 346 1324 387 αὐτῶν

234 428 260 468 b
279 422 390 478 εἶναι,
406 429 450 464 τὰ
463 425 494 463 δ’
513 424 607 462 ἀΐδια
620 452 631 470 ,
651 422 699 464 ὡς
714 417 775 458 καὶ
790 415 1037 468 Ἐμπεδοκλῆς
1055 410 1168 462 λέγεις
1186 406 1326 446 ἅπαντα

277 488 345 543 γὰρ
368 487 525 530 κάκεῖνος
548 488 658 524 ταῦτα
676 479 914 533 ὁμολογήσας,
942 476 995 516 ὅτι
1024 476 1063 515 ἐκ
1088 477 1149 513 τοῦ
1164 471 1214 525 μὴ
1234 470 1332 513 ὄντος

278 546 463 600 ἀμήγανόν
484 545 557 583 ἐστι
569 540 745 596 γενέσθαι,
763 538 804 579 τό
819 553 855 576 τε
872 536 909 577 ὃν
925 535 1126 582 ἐξόλλυσθαι
1141 530 1331 578 ἀνήνυστον

277 607 337 646 καὶ
358 591 552 659 ἆπρηκτον,
583 601 637 641 ἀεὶ
664 599 732 654 γὰρ
762 597 984 651 περιέσεσθαι
1014 593 1083 645 ὅπῃ
1105 590 1145 631 κέ
1177 605 1228 633 τις
1257 587 1331 627 αἰὲν

278 666 412 719 ἐρείδῃ,
433 663 527 715 ὅμως
545 664 614 701 τῶν
634 661 740 700 ὄντων
760 659 804 697 τὰ
821 656 883 708 μὲν
906 652 1001 693 ἀίδια
1025 647 1114 692 εἶναί
1137 666 1223 704 φησι
1237 650 1330 700 ,πῦρ
1358 680 1365 690 ,

485 718 2052 750 s

278 777 348 811 οὐδὲ
370 778 412 812 εἰς
431 775 467 807 τὸ
488 775 530 815 μή
549 774 583 805 ὃν
603 772 770 813 φθείρεται·
791 770 827 801 ἐκ
846 771 900 800 τοῦ
918 767 977 808 γὰρ
988 765 1127 806 οὐδαμοῦ
1148 763 1235 798 ὄντος
1249 760 1330 801 ἀμή-

277 824 375 868 χανόν
389 824 455 855 ἐστι
465 821 606 862 γενέσθαι
630 830 672 858 τι,
696 817 733 849 τό
754 827 787 848 τε
809 816 843 848 ὂν
863 814 1063 851 ἐξαπολέσθαι
1081 811 1253 848 ἀνήνυστον
1273 808 1331 862 καὶ

279 873 440 905 ἄπαυστον
457 868 528 909 (leg.
552 865 732 908 ἄπρηκτον).
761 862 911 904 Bergkius
931 861 967 894 ἔκ
984 871 1019 893 τε
1042 862 1098 892 τοῦ
1115 859 1158 899 μὴ
1183 857 1270 892 ὄντος
1285 858 1330 887 au

277 920 336 953 sibi
355 915 523 958 legendum
543 913 656 946 videri.
699 913 736 944 In
753 910 813 943 hac
834 910 942 942 autem
961 906 1179 941 enuntiatione
1197 903 1329 945 planum

278 969 326 1000 est
358 974 422 998 non
455 963 594 1002 integros
619 957 751 1001 reperiri
778 956 983 998 Empedoclis
1001 963 1130 994 versus,
1152 952 1208 984 sed
1226 953 1331 1003 part-cs

278 1011 435 1054 quasdam
452 1008 564 1045 solutae
580 1006 716 1039 orationi
727 1003 1001 1038 accommodatas.
1026 1000 1185 1041 Quocirca
1202 998 1243 1031 ab
1258 997 1331 1030 alus

278 1061 369 1092 aliter
389 1059 421 1090 et
441 1057 492 1089 hic
513 1056 604 1088 locus
625 1053 836 1087 Aristoteleus
855 1056 886 1085 et
905 1050 1008 1094 ipsius
1032 1046 1231 1091 Agrigentini
1247 1045 1331 1078 vatis

278 1104 426 1139 versiculi
455 1102 556 1136 reficti
589 1105 675 1134 sunt.
719 1100 803 1135 Illud
821 1109 898 1133 vero
924 1098 1056 1132 minime
1075 1097 1231 1135 dubium,
1252 1092 1330 1135 quin

277 1162 377 1195 quum
402 1151 634 1185 elementorum
658 1152 756 1190 atque
775 1147 856 1181 adeo
881 1147 985 1189 ipsius
1010 1145 1094 1179 entis
1115 1143 1330 1178 aeternitatem

276 1199 444 1234 ostendere
457 1197 596 1231 voluerit
608 1195 834 1238 Empedocles,
844 1203 902 1237 pro
912 1194 1061 1233 θήσεσθαι
1075 1191 1160 1225 aliud
1171 1191 1332 1233 flagitetur

276 1248 424 1289 verbum,
442 1246 530 1288 quod
546 1244 767 1287 perpetuitatis
785 1243 949 1276 notionem
969 1242 1140 1283 exprimat.
1185 1242 1333 1280 Namque

277 1296 310 1329 in
330 1295 381 1328 his
398 1292 644 1332 mutationibus,
661 1300 736 1333 quoe
754 1291 958 1324 continenter
980 1290 1072 1329 finnt,
1087 1296 1252 1330 nunquam
1276 1294 1331 1318 ac-

277 1342 386 1377 cidere
412 1342 523 1374 censet
543 1339 763 1381 Empedocles,
789 1340 826 1371 ut
854 1336 1032 1380 quidquam
1052 1345 1070 1369 e
1085 1336 1185 1369 nihilo
1211 1334 1333 1367 oriatur

277 1390 538 1432 velquocunque
554 1396 667 1430 urgeas
694 1386 872 1428 quidquam
897 1386 1019 1427 pereat.
1066 1383 1223 1425 Bergkius
1237 1383 1332 1424 igitur

278 1447 337 1481 pro
353 1438 502 1476 θήσεσθαι
531 1435 675 1478 reposuit
702 1434 866 1467 θεύσεσθαι
888 1442 927 1466 eo
948 1441 1043 1466 sensu
1064 1435 1234 1473 acceptum
1265 1440 1333 1472 quo

278 1484 486 1527 Empedocles
514 1490 668 1523 usurpare
698 1481 792 1514 solet.
836 1479 997 1514 Nimirum
1030 1478 1166 1511 verbum
1199 1479 1260 1509 θεῖν
1291 1479 1331 1509 ad

278 1533 510 1566 elementorum
534 1528 727 1562 mutationes
743 1527 924 1569 variasque,
949 1535 1029 1568 quas
1047 1525 1197 1563 induunt,
1213 1524 1333 1555 formas

278 1579 396 1620 saepius
417 1576 584 1611 transtulit
604 1575 827 1618 Empedocles.
859 1574 908 1608 Cf.
939 1583 971 1606 v.
1001 1577 1062 1614 96,
1084 1575 1155 1612 136,
1176 1573 1247 1604 149.
1292 1573 1334 1604 At

278 1627 342 1661 boc
368 1625 466 1658 verbo
492 1634 556 1658 non
586 1625 654 1657 tam
684 1624 754 1666 ipsa
781 1623 963 1665 perennitas
987 1623 1019 1655 et
1046 1621 1159 1654 mortis
1186 1620 1333 1653 vacuitas

276 1673 579 1713 designatur,quam
588 1671 741 1712 perpetua
756 1669 902 1703 mutatio.
927 1669 1070 1703 Sturzius
1081 1669 1185 1710 poetae
1200 1676 1332 1700 manum

277 1721 321 1753 ita
343 1720 403 1752 sibi
419 1719 507 1752 visus
523 1722 571 1752 est
588 1718 765 1752 restituisse
782 1730 790 1751 :

379 1795 415 1828 ἐκ
432 1797 487 1827 τοῦ
508 1795 550 1836 μή
566 1794 652 1831 ὄντος
668 1805 698 1826 τι
711 1793 874 1836 ἀμήχανόν
889 1793 956 1826 ἐστι
968 1793 1122 1834 γενέσθαι,

379 1842 416 1875 τό
427 1854 460 1875 τε
473 1842 507 1875 ὃν
527 1842 704 1880 ἐξόλλυσθαι
725 1842 895 1881 ἀνήνυστον
912 1842 967 1874 καὶ
987 1841 1165 1883 ἄπρηκτον·

380 1891 441 1922 αἰεὶ
457 1890 514 1933 γὰρ
530 1891 698 1928 στήσονται
710 1890 772 1932 ὅπῃ
791 1890 828 1922 κε’
843 1900 888 1926 τις
907 1888 974 1921 αἰὲν
990 1889 1101 1930 ἐρείδῃ.

277 1971 352 2004 quae
373 1961 483 1995 Simon
500 1960 688 1993 Karstenius
718 1969 752 2002 p.
783 1965 823 1994 96
848 1961 969 1993 intacta
995 1959 1136 2001 reliquit,
1159 1961 1219 1993 nisi
1247 1961 1333 2002 quod

278 2011 382 2053 primo
396 2018 530 2043 versu...
546 2010 581 2042 ἐκ
593 2021 627 2042 τε
644 2010 687 2051 μὴ
695 2009 782 2047 ὄντος
792 2013 824 2042 et
839 2009 983 2042 secundo
1000 2009 1036 2042 τό
1051 2009 1079 2042 τ’
1089 2009 1138 2041 ἐὸν
1155 2010 1334 2046 ἐξόλλυσθαι

277 2058 414 2100 scripsit.
461 2057 556 2096 Quod
571 2066 647 2090 vero
663 2058 728 2099 ait,
752 2059 915 2100 postrema
937 2058 1116 2100 significare
1137 2070 1144 2091 :
1169 2071 1185 2087 α
1210 2067 1336 2100 semper

277 2108 363 2141 enim
386 2106 518 2139 stabunt
534 2114 728 2148 quacunque
753 2106 876 2139 ratione
898 2106 971 2147 quis
990 2106 1114 2147 urgeat,
1130 2118 1146 2135 ω
1167 2106 1199 2139 id
1220 2115 1335 2147 parum

280 2153 415 2196 praesidii
431 2154 465 2186 in
488 2155 676 2186 Graecorum
703 2162 850 2186 sermone
871 2154 904 2186 et
930 2162 989 2186 usu
1025 2154 1193 2195 poetarum
1225 2153 1333 2186 habet.

278 2205 360 2237 Nam
375 2202 520 2236 stabunt
547 2210 566 2234 a
585 2202 706 2234 Graecis
724 2202 787 2234 dici
808 2202 974 2241 ἑστήξουσι
991 2202 1043 2234 vel
1069 2202 1262 2242 ἑστήξονται,
1280 2202 1334 2234 sed

281 2252 447 2291 στήσονται
464 2259 535 2284 esse
550 2251 738 2283 consistent
763 2250 812 2283 vel
831 2251 979 2292 ενὶοεηι,
1002 2259 1053 2283 res
1078 2253 1126 2283 est
1150 2249 1332 2282 notissima.

280 2299 380 2331 Porro
403 2297 624 2340 improbamus
650 2301 823 2339 utramque
845 2296 1092 2338 wyttenbachii
1114 2297 1335 2338 conjecturam

280 2354 299 2378 a
314 2347 483 2379 Karstenio
503 2355 535 2387 p.
552 2348 607 2379 191
625 2347 834 2378 memoratam
852 2347 937 2378 εΚαὶ
954 2345 990 2378 τὸ
1005 2345 1035 2386 γ’
1051 2345 1086 2378 ὂν
1104 2345 1283 2382 ἐξόλλυσθαι
1303 2347 1335 2378 et

281 2393 345 2425 αἰὲν
365 2393 424 2436 γάρ
436 2404 484 2426 τοι
502 2393 619 2426 θεύσετ’
639 2393 806 2431 velo-flers?
831 2393 894 2434 ὅπῃ
910 2392 997 2434 quod
1016 2392 1172 2434 exponit:
1194 2393 1335 2426 θεύσεται

282 2439 332 2472 vel
348 2440 473 2478 θήσεταί
494 2451 551 2478 τις.
596 2442 703 2481 Longe
720 2440 836 2473 melius
849 2449 952 2481 nuper
968 2440 1055 2474 Frid.
1073 2439 1337 2473 Panzerbieterus

286 2486 319 2518 in
338 2486 552 2528 disputatione
565 2495 639 2528 quoe
656 2487 843 2520 inscribitur
858 2489 1027 2529 Beitraeqe
1041 2496 1108 2520 zur
1124 2487 1246 2521 Kritih
1261 2488 1336 2521 und

283 2532 491 2575 Erklaxrunq
502 2533 561 2566 des
570 2534 789 2574 Empedocles
803 2534 984 2576 (Meiningae
998 2536 1089 2575 ¹844)
1102 2544 1134 2576 p.
1148 2537 1184 2568 15
1210 2535 1335 2578 antiqui

284 2580 365 2613 vatis
379 2581 501 2614 dictum
513 2582 556 2614 ita
571 2582 603 2614 in
619 2582 778 2624 integrum
795 2583 964 2616 restituere
984 2585 1121 2616 conatus
1132 2585 1182 2616 est
1198 2595 1208 2617 ε

387 2650 423 2682 ἐκ
439 2650 494 2691 μὲν
507 2650 565 2693 γὰρ
578 2651 620 2692 μή
635 2651 736 2688 ἐόντος
755 2651 916 2694 ἀμήχανόν
935 2652 1002 2685 ἐστι
1010 2653 1167 2695 γενέσθαι,

386 2697 439 2728 καὶ
453 2697 481 2729 δ’
498 2697 547 2730 ἐὸν
564 2698 742 2735 ἐξόλλυσθαι
755 2699 925 2737 ἆνήνυστον
943 2700 998 2732 καὶ
1019 2700 1197 2742 ἄπρηκτον·

386 2744 446 2775 αἰεὶ
464 2744 524 2786 γὰρ
543 2748 581 2787 τῇ
598 2745 628 2786 γ’
648 2745 753 2786 ἔσται,
773 2746 834 2788 ὅπῃ
854 2747 891 2779 κέ
907 2758 952 2784 τις
969 2747 1034 2779 αἰὲν
1054 2747 1166 2790 ἐρείδῃ.

283 2810 402 2843 Ultima
419 2811 546 2844 munire
563 2812 664 2845 tentat
683 2813 780 2846 simili
793 2813 864 2846 loco
880 2814 988 2847 Iliadis
1001 2816 1079 2856 XII,
1102 2818 1153 2848 48.

391 2880 477 2923 ὅππῃ
499 2881 527 2913 τ’
545 2882 649 2925 ἰθύσῃ,
665 2886 703 2924 τῇ
721 2884 749 2915 τ’
761 2883 880 2917 εἰκουσι
901 2885 1006 2928 στίχες
1025 2886 1158 2930 ἀνδρῶν.

286 2954 326 2988 At
345 2960 438 2985 versu
452 2951 499 2984 sic
511 2952 681 2987 emendato
699 2955 859 2988 sententia
869 2957 1107 2997 angustioribus
1119 2967 1217 2999 qnam
1236 2959 1337 3000 ipsius

285 3002 399 3035 natura
418 2999 480 3032 sert
504 2999 622 3032 finibus
641 2999 924 3036 circumscribitur.
968 3006 1079 3046 Neque
1104 3006 1191 3038 enim
1213 3005 1247 3038 id
1272 3006 1338 3046 agit

285 3046 505 3089 Empedocles,
521 3048 559 3080 ut
578 3047 693 3082 doceat
714 3058 908 3093 quocunque
921 3051 1079 3094 pellamus
1098 3061 1167 3093 ens,
1189 3053 1233 3086 ibi
1256 3052 1336 3092 sore,

287 3095 344 3129 sed
359 3094 396 3126 ut
410 3093 620 3137 demonstret,
636 3096 767 3129 omnino
790 3097 867 3130 illud
885 3098 1032 3132 futurum
1055 3109 1126 3133 esse
1145 3109 1336 3142 semperque

285 3142 463 3196 victurum,
482 3150 676 3185 quocunque
689 3145 893 3186 propellatur.
937 3147 1010 3180 Sola
1031 3147 1128 3189 igitur
1139 3148 1332 3181 immortali-

287 3192 338 3224 tas
357 3188 411 3242 h.¹⁰
433 3189 617 3243 spectanda.
661 3193 767 3230 Quare
792 3193 992 3235 Spaldingius
1022 3196 1108 3236 apud
1127 3196 1334 3229 Aristotelem

288 3233 417 3288 rescribi
427 3234 522 3274 jussit
535 3246 543 3268 z
557 3238 617 3271 Ἀεὶ
630 3238 701 3280 γάρ,
715 3239 820 3281 φησίν,
842 3240 965 3273 ἔσεσθαι
979 3241 1042 3284 ὅπῃ
1061 3243 1099 3275 κέ
1114 3254 1158 3280 τις
1171 3243 1238 3275 αἰὲν
1258 3243 1336 3286 ἐρεί-

288 3286 339 3324 δῃ,
361 3291 415 3316 cui
430 3283 643 3317 emendationi
655 3294 719 3318 non
734 3286 929 3328 adversarer,
944 3289 1004 3322 nisi
1021 3290 1062 3322 ad
1083 3299 1213 3323 versum
1227 3299 1266 3323 ex
1287 3290 1337 3322 bis

290 3330 422 3364 vocibus
433 3331 691 3372 componendum
704 3332 821 3375 aliquid
835 3334 969 3369 deesset.
1013 3336 1091 3370 Mihi
1111 3337 1197 3379 apud
1210 3337 1337 3370 Aristo·

289 3380 385 3412 telem
401 3377 605 3412 scribendum
628 3379 754 3413 videtur
772 3393 780 3413 2
801 3381 848 3413 ὅτι
866 3382 902 3414 ἐκ
915 3386 971 3415 τοῦ
991 3384 1039 3426 μὴ’
1059 3384 1146 3422 ὄντος
1173 3384 1338 3426 ἀμήχανόν

288 3427 355 3470 ἐστι
369 3428 524 3469 γενέσθαι,
544 3427 580 3460 τό
597 3437 631 3460 τε
652 3427 687 3459 ὃν
707 3427 882 3465 ἐξόλλυσθαι
902 3430 1072 3470 ἀνήνυστον
1090 3432 1144 3464 καὶ
1165 3432 1337 3475 ἄπρηκτον,

220 3480 224 3483 “
289 3474 336 3508 ἀεὶ
356 3475 415 3516 γὰρ
426 3475 621 3516 περιέσεσθαι
636 3474 699 3514 ὅπη
715 3476 750 3508 κέ
762 3487 806 3513 τις
819 3477 883 3509 αἰὲν
899 3478 1009 3520 ε’ρείδῃ.
1053 3479 1133 3513 Inde
1147 3479 1207 3512 hos
1226 3487 1338 3512 versus

290 3529 446 3563 compono
461 3521 539 3562 (vid.
555 3522 740 3564 Empedocl.
756 3531 818 3557 vss.
839 3525 990 3567 toz-104)
1007 3536 1016 3558 ε

1090 258 1427 305 ARISTOTELIS
1454 255 1606 298 LIBER

1394 346 1454 387 καὶ
1475 345 1568 398 ὕδωρ
1587 343 1646 383 καὶ
1674 345 1739 396 γ’ἧν
1766 341 1827 382 καὶ
1845 341 1931 398 ἀέρα
1946 373 1958 393 ,
1979 340 2025 382 τὰ
2045 341 2078 381 δ’
2095 340 2187 382 ἄλλα
2207 339 2387 393 γίγνεσθαί
2414 356 2454 381 τι
2474 353 2494 382 ⁸
2551 318 2554 320 v
2590 325 2593 335 ⁴

1369 516 1371 521 ,
1393 522 1570 568 διάλλαξίς
1586 537 1624 562 τε
1646 520 1818 575 μιγέντων
1835 519 1910 560 ἔστί
1922 535 1931 544 ·
1949 517 2050 573 φύσις
2067 519 2095 558 δ’
2119 517 2178 558 ἐπὶ
2196 518 2268 563 τοῖς
2286 517 2457 569 ὀνομάζε-

1394 406 1454 446 καὶ
1484 403 1665 457 γεγονέναι
1697 402 1737 441 ἐκ
1759 401 1907 441 τούτων.
1966 399 2127 451 Οὐδεμία
2160 398 2229 453 γὰρ
2260 399 2386 453 ἑτέρα,
2408 401 2457 445 ὣς

1391 465 1523 513 οἴεται,
1546 460 1679 516 γένεσίς
1702 462 1777 502 ἐστι
1805 462 1876 505 τοῖς
1903 453 2015 508 οὖσιν,
2037 458 2129 498 ἀλλὰ
2162 458 2269 510 μόνον
2299 457 2391 510 μῖξίς
2416 473 2457 499 τε

1391 600 1452 623 ται
1479 581 1707 636 ἀνθρώποισι.
1763 579 1840 626 Τὴν
1861 578 1897 619 δὲ
1923 578 2059 631 γένεσιν
2087 578 2128 616 οὗ
2154 579 2356 630 προσοῦσαν
2386 581 2458 622 τοῖς
2557 617 2560 618 ⁷

1395 643 1518 688 ἀϊδίοις
1532 642 1592 681 καὶ
1609 641 1649 679 τὸ
1668 639 1706 679 ὂν
1722 641 1760 679 οὗ
1775 639 1956 690 γίγνεσθαι
1969 638 2088 689 λέγει,
2104 637 2184 676 ἐπεὶ
2200 635 2304 676 τοῦτό
2317 651 2357 689 γε
2376 634 2458 676 ἀδύ-
2479 648 2515 676 to
2556 640 2561 662 s

1497 756 1533 788 ἐκ
1551 757 1606 786 τοῦ
1621 754 1679 795 γὰρ
1705 754 1748 794 μή
1769 751 1871 788 ἐόντος
1891 750 2055 794 ἀμήχανόν
2070 750 2137 783 ἐστι
2152 750 2296 792 γενέσθαι
2302 774 2313 792 ,

1497 802 1533 835 τό
1546 800 1574 833 τ’
1590 800 1641 833 ἐὸν
1661 798 1840 836 ἐξόλλυσθαι
1853 798 2026 837 ἁνήνυστον
2044 798 2098 830 καὶ
2111 797 2270 839 ἄπρηκτον
2280 806 2289 814 ·

1496 850 1558 882 αἰεὶ
1576 848 1634 891 γὰρ
1649 846 1809 890 περιέσται
1829 847 1892 888 ὅπῃ
1905 845 1941 878 κέ
1956 856 2000 882 τις
2020 844 2088 877 αἰὲν
2103 843 2215 888 ἑρείδῃ.

1392 921 1441 953 De
1471 916 1614 951 secundo
1634 924 1729 949 versu
1755 914 1864 947 confer
1884 921 1959 956 quae
1991 911 2184 946 Karstenius
2209 911 2303 944 dixit.
2348 912 2460 954 Neque

1391 976 1470 1000 vero
1491 966 1664 1008 quisquam
1683 962 1853 995 mirabitur
1875 970 1933 1004 pro
1950 962 2101 1000 θήσεσθαι
2118 968 2136 992 a
2153 959 2247 993 nobis
2262 958 2339 1001 poni
2356 960 2459 1000 περιέ·

1393 1017 1517 1055 σεσθαι,
1531 1013 1588 1055 qui
1604 1010 1789 1045 meminerit
1816 1018 1882 1052 quo
1897 1009 2067 1051 scriptum
2084 1006 2278 1050 compendio
2297 1006 2331 1039 iu
2343 1005 2461 1040 codici·

1394 1062 1455 1095 bus
1472 1069 1569 1094 manu
1592 1058 1734 1092 exaratis
1751 1056 1914 1090 interdum
1939 1057 2010 1099 περὶ
2025 1055 2222 1096 designetur.
2267 1052 2354 1087 lllud
2371 1054 2461 1088 enim

1393 1108 1480 1152 quod
1499 1106 1684 1149 Ducangius
1699 1104 1846 1146 Append.
1871 1104 1966 1138 Gloss
1995 1105 2053 1137 Gr.
2077 1111 2110 1145 p.
2135 1105 2167 1136 7.
2191 1101 2270 1135 citat
2292 1104 2339 1143 ιε,
2358 1109 2459 1144 quam

1393 1157 1489 1191 facile
1504 1165 1581 1189 cum
1596 1156 1624 1189 Θ
1637 1152 1833 1188 commutari
1851 1151 2005 1194 potuerit,
2019 1151 2092 1184 luce
2104 1149 2225 1183 clarius
2237 1149 2299 1183 est.
2463 1167 2466 1170 -

1436 1205 1469 1238 b.
1490 1210 1521 1238 6.
1543 1203 1687 1244 Οὐδεμία
1701 1202 1760 1243 γὰρ
1771 1202 1860 1243 ἑτέρα
1881 1203 1923 1238 ὡς
1941 1200 2040 1234 οίεται
2055 1199 2175 1241 γένεσίς
2188 1198 2256 1232 ἐστι
2272 1199 2340 1235 τοῖς
2356 1195 2461 1239 οὖσιν,

1394 1253 1472 1285 ἀλλὰ
1491 1253 1585 1293 μόνον
1603 1251 1681 1293 μῖξίς
1694 1262 1728 1282 τε
1747 1248 1900 1286 διάλλαξίς
1915 1259 1950 1281 τε
1968 1248 2121 1289 μιγέντων
2139 1246 2238 1280 ἐστίν·
2252 1246 2344 1289 φύσις
2358 1244 2387 1279 δ’
2406 1244 2460 1279 ἐπὶ

1393 1303 1457 1338 τοῖς
1470 1300 1656 1342 ὀνομάζεται
1675 1297 1884 1340 ἀνθρώποισιν
1895 1305 1903 1313 ·
1921 1297 1977 1334 τήν
1991 1295 2024 1328 δὲ
2043 1295 2166 1336 γένεσιν
2181 1295 2377 1335 προσιοῦσαν
2393 1296 2460 1331 τοῖς

1394 1347 1504 1385 ἀϊδίοις
1530 1348 1584 1379 καὶ
1600 1349 1646 1388 τῷ
1664 1345 1711 1377 ὅτι
1743 1344 1904 1385 γίγνεσθαι
1932 1343 2034 1383 λέγει,
2055 1342 2124 1375 ἐπεὶ
2143 1340 2237 1374 τοῦτό
2257 1351 2294 1382 γε
2308 1340 2462 1374 ἀδύνατον

1394 1395 1487 1437 ᾤετο.
1531 1395 1580 1427 Ita
1600 1392 1764 1426 Bekkerus
1782 1391 1839 1433 qui
1850 1392 1994 1424 extrema
2007 1398 2025 1422 e
2042 1389 2125 1423 cod.
2141 1388 2228 1430 Lips.
2246 1388 2389 1422 correxit
2400 1396 2462 1422 nec

1394 1444 1503 1475 tamen
1524 1441 1605 1474 vidit
1618 1444 1664 1483 τῷ
1686 1439 1734 1472 ὅτι
1757 1439 1898 1480 γίνεσθαι
1922 1436 2057 1477 intelligi
2078 1445 2145 1469 non
2171 1444 2264 1477 posse
2285 1437 2320 1469 et
2336 1435 2460 1478 γένεσιν

1394 1491 1590 1532 προσιοῦσαν
1606 1490 1670 1524 τοῖς
1685 1486 1796 1523 ἀϊδίοις
1815 1494 1931 1527 parum
1959 1484 2131 1526 perspicue
2156 1483 2280 1516 dictum
2296 1491 2376 1516 esse.
2417 1483 2462 1517 At

1394 1537 1558 1579 exemplar
1576 1535 1740 1578 Lipsiense
1761 1535 1817 1573 τὴν
1835 1534 1870 1566 δὲ
1883 1533 2008 1574 γένεσιν
2024 1533 2052 1565 εἰ
2067 1531 2144 1574 πρὸς
2160 1530 2270 1564 οὐσίαν
2286 1531 2319 1564 et
2330 1532 2378 1573 τῷ
2393 1530 2461 1564 ὄπι

1394 1585 1555 1626 γίγνεσθαι
1577 1582 1775 1625 suppeditat.
1818 1580 1942 1614 Idcirco
1960 1578 2114 1620 Bergkius
2132 1578 2242 1612 locum
2264 1576 2315 1610 sic
2340 1577 2462 1611 consti·

1394 1633 1459 1665 tuit
1476 1642 1485 1664 z
1509 1633 1564 1671 τὴν
1586 1631 1620 1664 δὲ
1638 1630 1759 1672 γένεσιν
1781 1628 1857 1672 πρὸς
1883 1626 1955 1661 οὖσι
1972 1630 2038 1665 τοῖς
2056 1626 2168 1664 ἀϊδίοις
2182 1625 2238 1658 καὶ
2262 1628 2310 1668 τῷ
2328 1623 2394 1658 ὄντι
2409 1624 2462 1667 γί·

1394 1681 1502 1714 νεσθαι
1514 1680 1596 1720 λέγει
1614 1679 1672 1712 aut
1683 1679 1740 1717 τήν
1753 1677 1787 1710 δὲ
1801 1677 1934 1718 γένεσιν,
1955 1676 1983 1708 εἰ
1997 1675 2074 1717 πρὸς
2093 1673 2165 1707 οὖσι
2187 1675 2252 1711 τοῖς
2272 1673 2384 1711 ἀϊδίοις
2405 1674 2462 1706 καὶ

1395 1731 1441 1770 τῷ
1463 1727 1528 1759 ὄντι
1538 1726 1696 1767 γίγνεται,
1710 1724 1792 1766 λέγει
1813 1732 1852 1756 eo
1874 1731 1991 1763 sensu,
2013 1722 2051 1754 ut.
2069 1720 2283 1763 Empedocloe
2307 1719 2392 1754 hanc
2406 1729 2463 1763 ap·

1396 1775 1495 1817 pellet
1507 1774 1746 1816 generationem
1761 1780 1863 1812 quum
1879 1770 1956 1803 novi
1974 1768 2097 1811 aliquid
2117 1767 2250 1802 accedat
2265 1767 2307 1801 ad
2332 1776 2371 1802 ea
2387 1776 2464 1811 quae
2532 1774 2535 1775 ⁷

1396 1825 1484 1864 sunt,
1496 1832 1598 1865 quum
1618 1830 1731 1855 revera
1747 1819 1870 1862 aliquid
1888 1819 2052 1852 nascatur.
2096 1817 2194 1857 Quod
2205 1825 2320 1851 vereor
2333 1817 2372 1850 ut
2386 1825 2464 1859 pos·

1397 1872 1440 1904 sit
1458 1870 1598 1913 probari.
1644 1869 1727 1903 lllud
1749 1870 1955 1910 προσιοῦσαν,
1975 1869 2088 1898 utrum
2106 1873 2124 1898 e
2137 1863 2234 1899 codd.
2251 1873 2294 1898 an
2312 1873 2332 1898 e
2349 1864 2483 1902 veleri-A

1398 1919 1460 1951 bus
1472 1917 1671 1951 editionibus
1689 1916 1818 1957 (legitur
1833 1914 1921 1948 enim
1937 1913 1971 1946 in
1986 1913 2126 1946 Paciana
2141 1911 2291 1954 aliisque)
2309 1911 2465 1946 sumserit

1401 1965 1578 2006 Bekkerus,
1605 1973 1670 1998 non
1698 1964 1813 2005 liquet.
1857 1960 1953 1999 Quod
1974 1969 2052 1993 vero
2079 1959 2284 2002 Spaldingius
2309 1959 2367 1999 ait,
2387 1967 2466 2002 quae

1397 2012 1557 2046 sententia
1573 2011 1633 2044 sub
1649 2011 1754 2053 poetae
1767 2009 1951 2052 philosophi
1966 2008 2074 2041 verbis
2092 2008 2274 2045 ἐπαυξάνειν
2283 2007 2321 2040 τὸ
2332 2010 2409 2048 πᾶν,
2423 2006 2465 2041 de

1397 2060 1516 2102 quibus
1529 2059 1637 2092 statim
1655 2059 1838 2100 loquemur,
1858 2056 2005 2098 subjecta
2022 2055 2077 2095 sit,
2096 2054 2232 2088 eandem
2253 2063 2322 2088 esse
2343 2055 2463 2089 verbo·

1398 2116 1470 2140 rum
1490 2106 1592 2139 nostri
1619 2105 1800 2148 philosophi
1817 2105 1838 2143 ἡ
1862 2105 1982 2145 γένεσις
2008 2101 2156 2146 πρόσεισι
2177 2106 2241 2141 τοῖς
2262 2103 2373 2140 ἀϊδίοις
2399 2111 2411 2135 ε
2430 2103 2463 2136 id

1398 2156 1565 2197 propterea
1579 2161 1707 2195 nequeo
1716 2151 1867 2195 probare,
1878 2151 1955 2193 quia
1969 2150 2024 2183 vix
2038 2150 2143 2183 ullum
2154 2150 2340 2192 huiusmodi
2353 2159 2464 2184 exem·

1399 2204 1490 2245 plum
1507 2201 1592 2244 apud
1622 2202 1748 2234 veteres
1773 2199 1944 2241 reperitur.
1990 2198 2103 2238 Neque
2118 2196 2205 2230 enim
2229 2196 2364 2231 laudare
2386 2196 2465 2232 licet

1398 2253 1499 2292 locos,
1526 2250 1630 2292 qualis
1654 2250 1703 2282 est
1727 2246 1912 2281 Platonicus
1939 2245 1971 2278 in
1994 2244 2158 2278 Phaedone
2180 2252 2212 2286 p.
2238 2246 2296 2277 102
2322 2246 2361 2285 E,
2388 2244 2463 2277 ὅταν

1397 2301 1484 2340 αὐτῷ
1501 2298 1537 2339 (i.
1553 2307 1582 2330 e.
1608 2300 1655 2338 τῷ
1672 2295 1807 2338 μεγέθει)
1830 2293 1946 2336 προσίῃ
1963 2292 1999 2324 τὸ
2015 2291 2166 2331 ἐναντίον,
2181 2291 2218 2324 τὸ
2240 2292 2385 2334 σμικρόν,
2407 2291 2464 2325 ubi

1398 2347 1476 2379 nihil
1499 2345 1604 2378 simile
1625 2344 1784 2388 invenias.
1830 2343 1942 2380 Quum
1969 2341 2080 2372 autem
2106 2338 2290 2372 Felicianus
2321 2339 2427 2373 vertat
2451 2347 2461 2372 :

1401 2394 1670 2428 Gener-ationem
1689 2393 1807 2424 autem
1826 2389 1967 2422 aeternis
1990 2396 2059 2420 non
2076 2389 2200 2426 inesse,
2218 2395 2328 2430 neque
2342 2395 2385 2420 ea
2406 2394 2465 2428 qe·

1404 2443 1527 2475 iterari
1542 2440 1642 2481 dicit,
1662 2436 1977 2482 quodimpossibile
1991 2435 2029 2468 id
2045 2443 2191 2477 prorsus
2209 2436 2266 2475 sit,
2290 2434 2468 2476 suspiceris

1398 2489 1520 2522 eumin
1536 2487 1647 2521 codice
1657 2495 1717 2519 suo
1728 2485 1842 2527 legisse
1859 2487 2054 2527 προσοῦσαν.
2099 2483 2220 2515 Totum
2236 2485 2346 2515 autem
2355 2482 2464 2516 locum

1396 2537 1442 2569 ita
1457 2532 1619 2569 emendo':
1634 2532 1776 2574 Οὐδεμία
1793 2532 1852 2574 γὰρ
1871 2531 1972 2574 ἑτέρα,
1987 2531 2030 2567 ὡς
2047 2529 2158 2569 οἴεται,
2175 2530 2297 2570 γένεσίς
2311 2530 2380 2563 ἐστι
2400 2532 2466 2567 τοῖς

1397 2583 1499 2624 οὖσιν,

1502 2651 1581 2684 ἀλλὰ
1597 2651 1692 2692 μόνον
1711 2649 1788 2693 μῖξίς
1797 2660 1831 2682 τε
1846 2646 1999 2684 διάλλαξίς
2011 2658 2045 2679 τε
2062 2647 2214 2688 μιγέντων

1503 2699 1591 2732 ἐστί·
1611 2699 1701 2740 φύσις
1716 2696 1744 2730 δ’
1764 2697 1815 2729 ἐπὶ
1838 2699 1902 2732 τοῖς
1916 2694 2098 2735 ὀνομάζεται
2116 2694 2317 2736 ἀνθρώποισι.

1397 2771 1452 2810 τήν
1475 2769 1508 2802 δὲ
1530 2769 1652 2807 γένεσιν
1677 2767 1714 2799 οὐ
1735 2768 1917 2808 προσοῦσαν
1935 2767 1998 2800 τοῖς
2017 2763 2128 2797 ἀϊδίοις
2144 2763 2199 2794 καὶ
2215 2763 2251 2794 τὸ
2264 2763 2300 2795 ὃν
2311 2763 2350 2795 οὐ
2360 2762 2464 2804 γίγνε-

1398 2819 1469 2849 σθαι
1480 2817 1572 2855 λέγει,
1586 2814 1653 2847 ἐπεὶ
1664 2813 1755 2845 τοῦτό
1765 2824 1785 2854 γ
1795 2812 1961 2844 εὰδύνοιτον
1979 2811 2071 2852 ᾤετο.
2116 2810 2209 2842 Prior
2222 2819 2331 2842 versus
2342 2809 2375 2842 in
2388 2810 2464 2843 cod.

1399 2863 1484 2904 Lips.
1502 2870 1566 2894 non
1585 2861 1674 2893 recte
1690 2859 1841 2892 scribitur
1859 2859 1937 2891 ἀλλὰ
1951 2858 2045 2900 μόνον
2063 2857 2141 2897 μῖξίς
2158 2868 2192 2888 τε
2205 2858 2260 2888 καὶ
2279 2857 2308 2889 δ.
2354 2859 2391 2891 lu
2407 2866 2464 2900 po-

1398 2910 1531 2944 steriore
1544 2908 1708 2942 invenitur
1727 2907 1794 2939 ἐστὶ
1817 2915 1882 2939 non
1901 2906 1998 2944 ἐστὶν,
2018 2905 2096 2936 item
2113 2904 2304 2946 ἀνθρώποισι
2319 2913 2384 2938 non
2405 2905 2463 2938 ἀν-

1399 2959 1582 3002 θρώποισιν.
1626 2955 1689 2989 Sed
1709 2955 1826 2987 salsum
1847 2955 1898 2986 est
1919 2952 2006 2994 quod
2021 2951 2167 2984 Olearius
2182 2951 2315 2984 tradidit
2329 2953 2427 2994 atque
2444 2961 2464 2985 a

1399 3004 1606 3039 Fiillebornio
1623 3005 1656 3036 et
1681 3001 1866 3043 Spaldingio
1890 3000 2062 3038 creditum,
2083 2998 2242 3039 scriptum
2269 3008 2341 3032 esse
2359 2999 2391 3032 in
2407 3000 2466 3034 illo

1401 3053 1483 3086 libro
1498 3051 1672 3094 ὀνομάζει-’ς
1686 3058 1761 3082 nam
1772 3049 1888 3082 Beckio
1899 3049 1984 3081 teste
1995 3055 2093 3088 supra
2107 3046 2264 3087 scriptum
2279 3046 2398 3087 legitur
2415 3059 2479 3081 az.-

1401 3102 1501 3139 Φύσις
1515 3100 1579 3133 hoc
1591 3099 1662 3132 loco
1674 3098 1753 3131 nihil
1764 3099 1813 3130 est
1830 3096 1891 3129 nisi
1905 3097 2023 3137 γένεσις
2037 3102 2075 3127 ac
2088 3103 2256 3135 perperam
2267 3103 2286 3127 a
2298 3095 2461 3129 Feliciano

1401 3149 1559 3191 accipitur
1585 3156 1645 3189 pro
1675 3148 1822 3180 natura.
1866 3143 2032 3178 Plutarch.
2068 3142 2143 3174 adv·
2175 3143 2286 3181 Colot.
2318 3153 2351 3185 p.
2385 3146 2466 3178 1113

1401 3198 1494 3239 (tom.
1509 3198 1550 3229 X.
1565 3204 1597 3237 p.
1614 3196 1686 3228 579.
1700 3193 1752 3227 ed.
1767 3192 1890 3232 Reisk.)
1903 3204 1912 3225 :
1928 3191 1998 3232 περὶ
2008 3194 2061 3229 τῆς
2072 3190 2103 3227 ἐξ
2117 3189 2177 3221 οὐκ
2187 3190 2285 3222 ὄντων
2297 3191 2462 3233 γενέσεως,

1398 3246 1437 3284 ἢν
1453 3244 1543 3286 φύσιν
1560 3241 1639 3279 τινὲς
1666 3242 1810 3274 καλοῦσι.
1855 3238 1991 3271 Aristot.
2012 3237 2112 3278 Phys.
2142 3245 2174 3277 p.
2202 3241 2254 3270 26.
2269 3246 2302 3270 v.
2324 3241 2362 3272 18
2381 3250 2390 3271 ε
2408 3238 2462 3272 eds

1399 3291 1488 3333 sylb.
1506 3303 1515 3324 ε
1532 3291 1572 3323 Ἦ
1589 3289 1680 3332 φύσις
1708 3290 1729 3328 ἡ
1751 3287 1902 3329 λεγομένη
1927 3287 1970 3322 ὡς
1978 3285 2097 3326 γένεσις
2116 3283 2187 3321 ὁδός
2201 3284 2285 3318 ἐστιν
2298 3285 2342 3323 εἰς
2354 3285 2460 3326 φύσιν.

1398 3339 1552 3379 Jungitur
1570 3339 1748 3378 utrumque
1764 3334 1961 3368 vocabulum
1980 3332 2063 3373 apud
2086 3332 2236 3377 ocellum
2262 3341 2334 3374 cap.
2354 3334 2400 3373 ΙΙ,
2416 3335 2436 3366 3
2452 3346 2462 3366 :

1402 3389 1454 3420 Ἐν
1470 3387 1497 3427 ᾦ
1515 3386 1549 3418 δὲ
1563 3385 1648 3427 μέρει
1669 3387 1725 3416 τοῦ
1751 3383 1875 3423 κόσμου
1902 3382 1992 3424 φύσις
2008 3391 2041 3412 τε
2063 3379 2117 3411 καὶ
2141 3381 2260 3420 γένεσις
2274 3381 2386 3422 ἔχουσι
2406 3380 2463 3420 τὴν

1399 3433 1595 3473 δυναστείαν,
1617 3431 1686 3475 τρία
1707 3432 1756 3464 δεῖ
1772 3434 1874 3463 ταῦτα
1897 3431 2034 3461 ὑπεῖναι.
2079 3427 2243 3460 Caelerum
2259 3428 2334 3460 vide
2355 3427 2464 3462 Beckii

1400 3480 1474 3513 adn.
1488 3480 1528 3512 ad
1550 3478 1758 3521 Pseudoplut.
1772 3477 1813 3512 de
1828 3477 1942 3519 philos.
1964 3475 2052 3508 decr.
2069 3476 2098 3515 1,
2119 3475 2174 3515 30,
2199 3475 2256 3508 ubi
2275 3475 2375 3508 iidem
2391 3483 2464 3509 ver·

1401 3535 1458 3560 sus
1470 3527 1662 3559 asseruntur.
