2612 3814
350 263 394 295 63⁴
1225 244 1640 286 COMMENTARIUS

346 342 463 394 ὥσπερ
480 339 547 393 γὰρ
565 338 624 378 καὶ
644 337 783 390 μεγάλα
799 335 868 376 ὄντ’
886 335 1055 375 ἀδύνατον
1073 335 1314 383 διεσπασμένα
1331 332 1402 372 σώ·

347 403 464 448 ζεσθαι
478 399 538 438 καὶ
557 397 703 451 ἔμψυχα
719 389 826 444 εἶναι,
842 394 1002 446 καθάπερ
1016 394 1263 444 Ἐμπεδοκλῆς
1279 399 1398 445 γεννᾷ,

349 459 406 499 ἰπὶ
435 461 496 506 τῆς
515 457 700 511 φιλότητος
732 455 855 508 λέγων,
887 449 911 505 ᾗ
938 453 1067 493 πολλαὶ
1095 453 1169 491 κτλ.
1198 446 1259 490 εἶθ’
1292 451 1402 496 οὕτως

358 516 575 572 συμφύεσθαί
597 531 719 570 φησιν·
740 515 830 553 item
852 513 939 560 alii,
955 521 998 551 ut
1016 511 1244 563 Simplicius
1264 511 1311 549 de
1333 513 1403 549 An.

359 580 382 619 f.
416 592 465 626 70
495 590 539 628 a3
559 577 599 615 in
626 578 752 625 Categ.
774 574 800 614 f.
831 573 880 612 85
905 572 952 620 b3
981 572 1226 624 Philoponus
1254 571 1302 608 de
1328 571 1402 608 An.

354 638 410 677 lit.
434 637 481 683 Q.
512 650 550 688 p.
579 636 644 683 153
673 634 830 672 Tzctzes
862 632 903 670 in
931 630 1126 682 Lycophr.
1159 642 1283 669 vei-ss.
1314 630 1403 678 507,

354 710 444 746 711.
470 695 703 734 Refer-untur
734 693 814 730 liaec
846 703 932 729 cum
963 689 1216 740 sequentibus
1242 688 1290 726 ad
1318 689 1405 726 ani·

354 756 541 794 mantium
561 763 706 793 ortum.
724 753 899 790 Primum
918 750 1070 798 singula
1083 748 1257 787 membra
1270 756 1406 786 exorta

354 828 438 854 esse
465 815 594 865 lingit,
615 812 756 851 deinde
788 810 848 849 his
870 808 1057 847 membris
1082 808 1157 846 huc
1176 816 1292 858 atque
1312 807 1406 845 illuc

355 874 514 926 perlatis
531 881 567 910 ct
589 873 690 910 inter
713 883 754 909 se
775 869 906 907 mixtis
927 881 1092 919 corpora
1111 867 1307 906 exstitisse
1327 865 1404 905 sibi

354 932 556 984 persuasit.
579 929 686 969 llaud
703 929 785 967 scio
806 941 853 966 an
874 935 1134 965 commentum
1159 925 1264 964 istud
1289 938 1406 977 repe-

356 991 512 1030 tendum
534 990 583 1029 sit
600 991 646 1027 ab
667 1002 713 1027 eo
743 987 850 1039 quod
882 987 923 1025 in
956 985 1134 1024 bestiolis
1165 984 1402 1037 quibusdam

355 1048 691 1094 animadvertitur,
729 1060 896 1098 quarum
926 1059 1072 1084 mancae
1103 1046 1233 1098 primo
1264 1047 1408 1097 imper-

355 1108 538 1159 fectaeque
570 1107 702 1145 formae
730 1106 915 1158 paulatim
938 1104 1206 1144 absolvuntur.
1227 1104 1288 1142 Cf.
1311 1105 1406 1142 Dio-

353 1168 436 1208 dor.
467 1167 498 1217 1,
533 1181 600 1214 103
626 1165 778 1204 Lucret.
806 1164 852 1212 V,
877 1163 1133 1213 835;Vi1·gil.
1164 1163 1310 1212 Georg.
1338 1162 1403 1210 IV,

352 1228 431 1266 308
465 1239 575 1276 seqq.
603 1224 768 1262 Ovidius
796 1223 950 1263 Metam.
973 1222 1009 1268 1,
1034 1228 1109 1267 422
1143 1235 1250 1273 seqq.
1274 1221 1406 1259 Lectio

351 1286 492 1326 variat.
503 1284 598 1323 Nam
610 1283 712 1335 apud
723 1283 970 1322 Aristotelem
987 1282 1036 1320 de
1048 1282 1158 1320 Coelo
1174 1282 1201 1319 l.
1216 1295 1251 1321 c.
1264 1281 1407 1331 legitur

352 1346 398 1389 ὡς
417 1342 563 1390 πολλαὶ,
584 1342 631 1381 (10
653 1342 793 1381 Anima
813 1335 837 1392 ᾗ
866 1342 1022 1390 πολλῶν,
1048 1340 1096 1378 (10
1129 1340 1298 1378 Α11111131.
1330 1338 1406 1377 Ge-

354 1412 475 1446 nerat,
488 1398 510 1453 ᾗ
522 1401 662 1448 πολλαὶ,
675 1401 778 1453 apud
786 1400 1032 1450 Simplicium
1044 1399 1091 1437 de
1105 1399 1215 1437 Coelo
1226 1397 1248 1445 ἢ
1258 1398 1402 1446 πολλαὶ,

353 1463 455 1516 apud
470 1462 733 1513 philoponum
751 1461 903 1507 πολλῶν,
918 1459 1021 1511 apud
1037 1458 1070 1496 T
1073 1467 1217 1497 zetzem
1236 1458 1407 1508 denique

351 1531 518 1574 utroque
534 1522 620 1560 loco
649 1522 694 1564 ὡς
716 1521 867 1559 πολλῶν.
888 1520 964 1558 Sed
985 1520 1123 1558 πολλῶν
1153 1519 1403 1570 depravatum

351 1594 436 1621 esse
457 1586 583 1633 patet;
606 1580 799 1631 siquidem
829 1579 951 1617 multa
979 1578 1107 1630 capita
1131 1591 1218 1629 quae
1244 1577 1408 1616 nullius·

351 1640 442 1679 dum
461 1639 641 1691 corporis
655 1647 783 1678 essent
801 1638 843 1677 in
859 1638 984 1676 lucem
1000 1637 1196 1689 prodiisse
1215 1636 1406 1689 Empedo-

351 1699 429 1738 cles
450 1698 515 1738 ait.

403 1758 484 1797 Vss.
508 1758 699 1808 308-309.
719 1755 847 1809 γυμνοὶ
879 1757 909 1795 δ’
940 1755 1130 1802 ἐπλάζοντο
1159 1753 1255 1809 κτλ]
1289 1755 1404 1794 Gais-

352 1816 503 1855 tordius
511 1816 655 1855 omittit
667 1816 709 1864 δ’,
718 1816 826 1867 quod
837 1815 1011 1865 agnoscit
1026 1814 1257 1853 Brandisius
1271 1814 1403 1854 Sehol.

351 1877 470 1916 Arist.
491 1876 520 1916 l.
544 1890 577 1916 c.
597 1884 636 1914 et
661 1876 747 1915 cod.
769 1875 890 1913 Taur.
913 1875 983 1913 ubi
1005 1884 1133 1913 tamen
1153 1883 1195 1913 ut
1212 1875 1254 1912 in
1273 1874 1402 1915 Oxon.

351 1943 398 1975 A.
414 1935 556 1974 vitiose
571 1934 790 1985 ἐμπλάζοντο
801 1934 988 1986 scriptum
1003 1943 1071 1972 est.
1092 1933 1217 1972 Porro
1235 1927 1277 1971 οἷ’
1297 1934 1406 1972 ἐπλα-

349 2001 433 2034 νᾶτο
452 1993 722 2042 Gaisfordius‚
748 1994 973 2045 Peyronus‚
1002 1993 1255 2039 Brandisius,
1293 1993 1406 2044 cujus

352 2053 439 2092 loco
473 2052 749 2100 Taurinensis,
785 2065 900 2103 quem
939 2051 1170 2091 Karstenius
1211 2052 1403 2103 sequitur,

347 2105 408 2151 οἶα
440 2114 598 2151 πλανᾶτο
632 2111 804 2151 exhibet.
839 2111 897 2150 Cf.
928 2110 1102 2150 Lucretii
1133 2124 1270 2150 versus
1302 2112 1406 2151 infra

351 2172 534 2224 appositi.

404 2231 490 2270 Vss.
511 2232 704 2270 310-312.
723 2228 834 2283 αὐτὰρ
854 2228 929 2268 ἐπεὶ
944 2228 1038 2269 κατὰ
1059 2231 1175 2281 μεῖζον
1194 2228 1286 2285 κτλ.]
1303 2230 1405 2269 Sim-

352 2291 493 2342 plicius
512 2290 540 2331 1.
561 2305 595 2329 c.
612 2304 621 2328 t
645 2289 678 2327 ἐν
699 2288 811 2342 ταύτῃ
830 2282 889 2328 οὖν
907 2291 950 2342 τῇ
967 2287 1186 2327 καταστάσει
1204 2290 1405 2340 μουνομελῆ

352 2349 404 2389 ἔτι
423 2349 468 2388 τὰ
488 2354 570 2401 γυῖα
586 2348 655 2388 ἀπὸ
673 2351 734 2396 τῆς
749 2352 808 2387 τοῦ
825 2347 958 2392 νείκους
975 2348 1183 2401 διακρίσεως
1196 2347 1279 2387 ὄντα
1298 2350 1407 2388 ε’πλα-

348 2416 454 2456 νᾶτο,
473 2412 534 2458 τῆς
553 2408 637 2461 πρὸς
657 2408 794 2457 ἄλληλα
816 2407 941 2460 μίξεως
960 2407 1146 2462 ἐφιέμενα·
1167 2407 1280 2462 αὐτὰρ
1307 2409 1405 2460 ἐπεὶ,

353 2469 460 2522 φησί,
476 2470 556 2508 κτλ.
572 2467 629 2506 ὅτε
643 2471 704 2506 τοῦ
721 2466 853 2511 νείκους
870 2467 1055 2521 ἐπεκράτει
1075 2466 1196 2507 λοιπὸν
1211 2470 1233 2515 ἡ
1251 2467 1406 2520 φιλότης,

353 2528 464 2569 ταῦτά
487 2544 527 2567 τε
557 2529 634 2567 κτλ.
661 2527 718 2566 ἐπὶ
749 2531 812 2575 τῆς
841 2526 1023 2582 φιλότητος
1044 2521 1103 2566 οἶν
1123 2529 1141 2566 ὃ
1161 2527 1408 2579 Ἐμπεδοκλῆς

351 2588 467 2627 ἐκεῖνα
487 2579 594 2635 εἶπεν,
614 2588 682 2639 οὐχ
700 2589 746 2631 ὡς
763 2586 1016 2639 ἐπικρατούσης
1035 2587 1103 2635 ἤδη
1122 2589 1182 2634 τῆς
1208 2587 1408 2641 φιλότητος,

356 2649 435 2687 ἀλλ’
456 2649 503 2691 ὣς
535 2645 729 2698 μελλούσης
764 2646 975 2700 ἐπικρατεῖν,
996 2645 1047 2685 ἔτι
1068 2644 1104 2685 δὲ
1122 2645 1167 2685 τὰ
1187 2646 1320 2698 ἄμικτα
1348 2652 1409 2685 καὶ

356 2706 523 2758 μονόγυια
551 2704 738 2752 δηλούσης.
763 2704 865 2756 Ergo
897 2705 1074 2757 dispersa
1093 2706 1207 2759 prius
1232 2706 1409 2746 membra

354 2778 425 2817 per
444 2764 667 2803 Amicitiam
688 2765 928 2803 coaluerunt.
947 2764 1074 2803 Verba
1101 2764 1171 2819 ὅπῃ
1201 2765 1407 2819 συνέκυρσεν

354 2822 489 2861 ἕκαστα
511 2822 642 2861 laudat
666 2822 893 2874 Simplicius
918 2823 1032 2861 etiam
1053 2823 1171 2875 Phys.
1194 2825 1220 2865 f.
1246 2826 1294 2873 73
1318 2825 1345 2863 b
1372 2835 1410 2864 et

361 2887 408 2929 74
427 2881 454 2920 b
471 2881 553 2934 (ubi
587 2895 662 2934 pro
688 2880 821 2920 ἕκαστα
841 2883 1040 2921 invenitur
1061 2882 1212 2934 ἅπαντα)
1233 2884 1409 2936 probans

357 2938 582 2991 Empedocli
612 2941 733 2978 multa
753 2941 850 2980 forte
869 2950 906 2979 et
933 2956 1023 2980 casu
1057 2943 1165 2993 gigni
1198 2944 1406 2995 placuisse.

357 2997 418 3037 Cf.
439 3011 519 3037 vss.
552 2999 628 3036 260
660 3007 698 3037 et
730 3013 820 3048 272.
841 2999 1030 3038 Caeterum
1066 3015 1139 3053 pro
1165 3002 1410 3042 membrana-

359 3069 445 3094 rum
466 3057 662 3109 scriptura
678 3058 818 3105 διηνεκῆ
838 3072 925 3097 011111
943 3059 1124 3111 Peyrono
1149 3069 1188 3099 et
1204 3061 1411 3102 Karstenio

358 3116 511 3163 διηνεκες
542 3116 715 3154 exaravi.
738 3117 784 3156 In
811 3116 846 3155 Τ
849 3118 1048 3157 aurinensi
1082 3119 1124 3156 B.
1150 3120 1403 3161 librariorum

355 3187 492 3213 errore
525 3183 649 3213 exstat
680 3174 872 3228 ἐξεγένετος
915 3177 956 3214 111
991 3178 1127 3216 eodem
1170 3178 1412 3220 desideratur

358 3233 510 3282 δαίμονι.

413 3291 495 3332 Vss.
518 3293 706 3333 313-316.
728 3293 843 3334 πολλὰ
868 3294 930 3345 μὲν
950 3294 1073 3350 γυίοις]
1095 3297 1209 3336 affert
1238 3298 1412 3340 AElianus

360 3352 460 3391 Hist.
489 3352 659 3391 Animal.
688 3353 796 3401 XVI,
831 3367 883 3405 29
906 3369 915 3392 :
938 3354 1186 3407 Ἐμπεδοκλῆς
1219 3359 1237 3395 ὁ
1269 3359 1413 3410 φυσικός

359 3426 445 3463 φησι
464 3410 544 3463 περὶ
578 3409 674 3457 ζώων
704 3412 875 3460 ἰδιότητος
904 3412 1015 3465 λέγων
1044 3414 1104 3453 καὶ
1137 3417 1248 3455 ἐκεῖνο
1280 3417 1410 3468 δήπου,

356 3469 515 3521 γίνεσθαί
534 3486 610 3510 τινα
632 3474 775 3525 συμφυῆ
795 3472 855 3511 καὶ
875 3472 996 3527 κράσει
1011 3478 1147 3528 μορφῆς
1165 3475 1228 3526 μὲν
1247 3476 1410 3532 διάφορα,

1461 332 1582 371 ἑνώσει
1611 332 1647 371 δὲ
1674 331 1840 383 σώματος
1872 331 2139 384 συμπλακέντα.
2172 333 2195 372 ἃ
2228 332 2265 372 δὲ
2284 331 2380 385 λέγει
2411 332 2525 372 ταῦτα’

1462 394 1549 432 ἐστι.
1577 392 1803 431 Infinitivos
1821 391 1968 445 φύεσθαι
1986 401 2025 431 et
2045 392 2287 437 ἐξανατέλλειν
2313 405 2414 445 quos
2434 405 2527 432 ver·

1463 451 1573 491 sibus
1592 451 1658 490 Em
1664 451 1862 504 pedocleis
1877 451 2046 491 inseruit
2060 452 2250 500 AEHanus,
2266 460 2393 504 poetae
2406 449 2530 490 verba

1463 527 1543 551 suae
1563 511 1735 551 orationi
1753 519 1955 563 aptatums
1965 539 1977 559 ,
1996 525 2084 550 cum
2101 511 2309 550 Karstenio
2326 510 2367 549 in
2382 508 2529 564 ἐφύοντο

1464 580 1503 609 01
1534 569 1756 616 ἐξανέτελλον
1790 570 1955 609 mutavi.
1994 570 2170 621 Scaliger
2198 571 2359 609 inverso
2386 569 2531 608 ordine

1464 629 1685 683 ἀμφίστερνα
1709 628 1770 668 καὶ
1792 628 2061 682 ἀμφιπρόσωπα
2089 630 2236 682 posuit.
2258 627 2531 674 Ἐξανατίλλιιν

1463 688 1598 727 eadem
1627 697 1817 740 potestate
1848 689 1995 728 dicitur
2023 702 2083 729 vs.
2107 690 2199 730 321.
2223 688 2318 727 Pars
2352 688 2531 741 quaedam

1465 748 1661 787 librorum
1682 748 1823 787 AEliani
1853 748 1954 787 male
1988 747 2219 803 ἀνδρόπρωνα
2238 757 2276 787 01
2295 746 2529 796 ἐξανατείνειν

1465 806 1594 846 habet.
1631 809 1732 848 Ante
1765 809 1915 860 βουγενῆ
1951 807 2184 861 ἀνδρόπρωρα
2212 806 2531 846 subaudiendum

1464 866 1507 904 τὰ
1531 865 1608 917 μὲν,
1622 867 1686 906 cui
1704 869 1941 919 respondeat
1956 880 2126 918 sequens
2141 867 2185 906 τὰ
2202 867 2232 906 δ’
2245 864 2422 919 ἔμπαλιν,
2435 867 2530 906 110111

1466 935 1554 965 ante
1590 926 1792 979 μεμιγμένα
1825 940 1963 966 rursus
2006 926 2309 978 intelligendum
2349 925 2442 966 ἄλλα
2475 924 2530 967 δέ.

1466 986 1575 1024 Istud
1598 988 1746 1039 βουγενῆ
1769 985 2002 1040 ἀνδρόπρωρα
2023 986 2264 1025 celebratum
2290 986 2334 1025 in
2353 985 2532 1038 antiquo-

1468 1059 1553 1084 rum
1581 1046 1754 1098 scriptis.
1783 1046 1845 1087 Cf.
1876 1047 2040 1086 Aristot.
2070 1046 2193 1098 Phys.
2225 1045 2279 1094 11,
2314 1046 2338 1083 8
2369 1044 2534 1098 ejusque

1467 1105 1701 1157 interpretes
1720 1106 1769 1144 ad
1786 1105 1827 1145 h.
1850 1106 1879 1145 l.
1901 1105 2142 1144 'l'hemistius
2163 1106 2188 1145 f.
2205 1119 2253 1154 27
2273 1117 2332 1156 sq.
2348 1104 2531 1157 simplic.

1469 1164 1493 1203 f.
1517 1165 1567 1202 86
1589 1166 1613 1202 11
1635 1164 1884 1217 Philoponus
1905 1165 1966 1204 lit.
1992 1164 2040 1205 11.
2063 1179 2107 1218 p.
2133 1165 2280 1217 13-163
2300 1163 2535 1205 Plutarchus

1467 1223 1556 1263 adv.
1576 1223 1704 1263 Colot.
1730 1237 1771 1276 p.
1807 1223 2240 1276 11233'1'he0phylact.
2272 1237 2336 1276 ep.
2363 1228 2428 1269 44.
2458 1221 2537 1262 He-

1467 1282 1626 1333 sychius
1649 1298 1657 1320 :
1682 1281 1946 1336 ἀνδρόπρωρος,
1981 1282 2295 1338 ἀνδροπρόσωπον.
2320 1281 2420 1321 Vide
2447 1295 2536 1335 quae

1468 1342 1525 1381 ibi
1545 1356 1567 1381 a
1587 1343 1689 1382 viris
1708 1343 1836 1382 doctis
1861 1352 1995 1382 notata
2012 1352 2104 1382 sunt
2129 1353 2166 1382 et
2189 1357 2277 1395 quae
2305 1342 2354 1381 ad
2375 1355 2414 1383 v.
2441 1341 2536 1382 ἀντί·

1467 1417 1607 1454 πρωρον
1646 1402 1794 1441 eruditi
1839 1402 2118 1444 observarunt.
2177 1402 2433 1442 Contrarium
2476 1410 2536 1442 est

1467 1460 1568 1498 illud
1601 1460 1810 1514 Sophoclis
1845 1461 1991 1502 Trach.
2029 1475 2075 1500 12
2119 1461 2268 1516 ἀνδρείῳ
2310 1461 2408 1500 κύτει
2450 1458 2534 1514 βού·

1468 1536 1620 1575 πρωρος.

1521 1581 1587 1621 Vs.
1611 1581 1702 1623 315.
1725 1580 1931 1634 μεμιγμένα
1947 1584 1992 1637 τῇ
2009 1581 2074 1634 μὲν
2092 1583 2186 1634 κτλ.]
2203 1583 2266 1622 ἀπ’
2282 1584 2418 1638 ἀνδρῶν
2431 1594 2537 1626 recte
2591 1598 2606 1610 ²

1469 1641 1576 1680 dedit
1589 1641 1797 1680 Jacobsius
1818 1655 1890 1693 pro
1903 1642 2012 1692 vulg.
2029 1643 2090 1681 ὑπ’
2110 1643 2260 1696 ἀνδρῶν.
2280 1643 2416 1697 Neque
2430 1646 2535 1685 enim

1466 1715 1492 1737 α
1520 1705 1612 1738 viris
1636 1711 1818 1753 generata
1846 1701 2059 1740 dicendum
2093 1710 2199 1750 erat,
2231 1703 2299 1742 sed
2318 1718 2340 1742 e
2358 1707 2538 1744 virilibus

1467 1763 1644 1798 membris
1662 1765 1881 1812 composita.
1901 1761 1979 1799 Pro
1995 1761 2195 1800 librorum
2215 1763 2416 1815 scriptura
2433 1779 2535 1804 σκιε-

1469 1822 1538 1871 ροῖς
1558 1819 1790 1859 Karstenius
1814 1819 1986 1872 conjecit
2014 1821 2187 1874 χλιεροῖς,
2208 1821 2536 1875 Panzerbieterus

1468 1880 1612 1932 διεροῖς,
1638 1880 1827 1930 Bergkius
1857 1878 2058 1933 στιὸαροῒς,
2079 1882 2144 1919 hic
2173 1894 2316 1932 parum
2347 1891 2451 1935 apte.
2484 1883 2532 1923 In
2570 1928 2580 1939 ·

1467 1939 1743 1990 androgynum
1779 1938 1981 1990 imprimis
2011 1940 2226 1978 convenire
2257 1941 2417 1980 videtur
2445 1957 2535 1995 τρυ-

1468 2002 1605 2052 φεροῖς,
1642 2001 1827 2037 mollibus.
1862 1998 2092 2051 Empedocli
2129 2001 2388 2051 congruentia
2418 2001 2539 2042 tradit

1466 2058 1672 2097 Lucretius
1692 2057 1764 2098 lib.
1785 2057 1832 2107 V,
1857 2058 1933 2096 835
1952 2071 2041 2109 sqq.
2070 2072 2079 2096 :

1508 2175 1677 2216 multaque
1689 2174 1761 2207 tum
1778 2173 1875 2207 tellus
1891 2173 1991 2206 ctiam
2009 2174 2160 2214 portenta
2176 2181 2287 2207 creare

1509 2226 1624 2255 conata
1639 2225 1689 2255 est
1706 2222 1788 2255 mira
1805 2221 1888 2254 facie
1908 2220 2129 2262 membrisque
2145 2222 2258 2254 coorta
2276 2234 2284 2254 :
2342 2221 2537 2265 [remotum

1508 2270 1731 2311 androgynum
1756 2270 1837 2302 inter
1869 2273 2044 2310 utrumque
2065 2272 2098 2301 et
2117 2271 2294 2310 utrumque
2315 2272 2349 2301 et
2374 2270 2544 2313 utrimque.

1508 2319 1588 2351 orba
1605 2317 1724 2358 pedum
1742 2317 1877 2358 partim,
1895 2325 2052 2349 manuum
2070 2315 2200 2348 viduata
2218 2316 2362 2349 vicissim
2374 2340 2384 2356 ,
2509 2328 2511 2330 ·

1510 2369 1600 2399 muta
1616 2366 1685 2399 sine
1701 2374 1757 2398 ore
1773 2365 1869 2398 etiam
1879 2388 1889 2405 ,
1907 2365 1977 2397 sine
1996 2364 2091 2397 vultu
2108 2372 2194 2397 caeca
2208 2366 2347 2406 reperta.

1523 2471 1588 2510 Vs.
1621 2472 1713 2520 317.
1747 2470 1897 2509 εἱλίποδ’
1929 2467 2152 2524 ἀκριτόγυια]
2179 2469 2416 2509 Plutarchus
2443 2469 2534 2511 adv.

1468 2531 1594 2569 Colot.
1614 2545 1656 2583 p.
1691 2531 1790 2568 1123
1814 2530 1910 2581 (vol.
1932 2528 1966 2567 X
1989 2543 2027 2581 p.
2048 2530 2146 2581 617)
2166 2541 2175 2569 :
2196 2528 2452 2580 ταῦτα’μέντοι
2472 2525 2553 2568 καὶ(

1467 2588 1584 2629 πολλὰ
1603 2587 1736 2628 τούτων
1760 2586 1866 2641 ἕτερα
1890 2585 2134 2641 τραγικώτερα
2154 2593 2226 2633 τοῖς
2245 2587 2535 2640 Ἐμπεδοκλείοις

1469 2648 1606 2690 ἐοικότα
1626 2648 1860 2702 τεράσμασιν,
1882 2641 1930 2687 ὧν
1953 2649 2213 2698 καταγελῶσιν,
2234 2647 2395 2687 εἷλίποδα
2414 2647 2533 2703 κριτό-

1468 2725 1551 2763 χεια
1571 2709 1632 2748 καὶ
1655 2711 1809 2762 βουγενῆ
1832 2708 2068 2762 ἀνδρόπρωρα
2088 2709 2167 2746 κτλ.
2188 2707 2368 2747 Reiskius
2389 2707 2535 2760 Empe—

1469 2770 1620 2808 doclem
1642 2769 1849 2821 scripsisse
1869 2768 2038 2818 conjecit
2058 2766 2232 2819 κριοειδὲα
2248 2767 2310 2806 vel
2333 2766 2534 2820 κριόχηλα,

1470 2829 1538 2867 sed
1574 2827 1669 2880 κριός
1697 2828 1865 2879 primam
1897 2827 2094 2879 producit.
2127 2825 2285 2865 Rectius
2306 2825 2534 2880 ἀκριτόχειρα

1470 2889 1533 2926 vel
1570 2887 1790 2940 ἀκριτόχηλα
1835 2886 2138 2939 Empedocleum
2181 2884 2418 2924 vocabulum
2451 2898 2536 2925 esse

1472 2947 1699 2986 Karstenius
1719 2946 1942 2998 suspicatus
1961 2955 2034 2986 est.
2057 2944 2156 2984 Mihi
2184 2945 2294 2984 nulla
2311 2945 2443 2984 littera
2467 2944 2537 2984 ad-

1471 3007 1554 3045 dita
1573 3003 1779 3059 ἀκριτόγυια
1813 3005 1991 3043 membris
2017 3007 2228 3043 indiscretis
2262 3003 2534 3056 reponendum

1471 3066 1641 3104 videtur.
1664 3064 1794 3111 Quum
1814 3077 1910 3103 vero
1930 3063 2100 3108 εἱλίποδες
2121 3064 2146 3102 1.
2167 3077 2202 3104 e.
2214 3064 2436 3114 flexipedes
2454 3075 2536 3104 non

1471 3126 1588 3164 modo
1606 3125 1731 3163 boves
1751 3137 1774 3163 a
1795 3124 1996 3163 veteribus
2021 3125 2220 3170 dicantur,
2250 3123 2319 3162 sed
2348 3122 2534 3162 mulieres

1472 3187 1588 3223 etiam
1625 3184 1675 3223 ab
1715 3183 1909 3236 Eupolide
1948 3183 2053 3236 apud
2085 3185 2316 3223 Athenaeum
2355 3181 2430 3223 lib.
2462 3181 2533 3220 VH

1471 3260 1510 3297 p.
1529 3246 1620 3284 286.
1635 3245 1679 3292 B,
1700 3252 1908 3296 propterea
1922 3245 2027 3295 quod
2046 3245 2149 3284 lente
2165 3252 2202 3283 et
2213 3242 2326 3295 quasi
2341 3242 2455 3281 flexis
2467 3253 2534 3294 pe·

1473 3304 1589 3343 dibus
1607 3303 1815 3351 incedant,
1836 3303 1912 3342 hoc
1932 3317 2090 3355 quoque
2110 3316 2247 3343 versus
2275 3302 2534 3352 fragmentum

1472 3363 1694 3415 superiori,
1720 3362 1762 3403 in
1786 3376 1866 3413 quo
1886 3362 1934 3401 de
1955 3363 2197 3414 androgynis
2217 3362 2362 3412 agitur,
2382 3359 2534 3411 adjun-

1472 3421 1639 3471 gendum
1660 3422 1899 3461 existimavi.
1922 3422 2005 3460 Huc
2022 3422 2170 3460 accedit
2198 3421 2303 3472 quod
2328 3418 2535 3473 ἀκριτόγυια
2607 3460 2612 3470 1

1473 3482 1526 3518 sic
1547 3480 1716 3530 intelligi
1738 3480 1846 3527 licet,
1864 3488 1907 3518 ut
1932 3485 2014 3532 γυῖα
2041 3481 2089 3519 de
2123 3479 2386 3519 muliebribus
2411 3479 2537 3517 inter·
2602 3483 2612 3520 ..⁵
