2612 3814
229 307 305 340 506

227 517 257 542 19

227 1877 276 1906 2⁴2.

228 2115 278 2144 23-

227 2351 278 2380 24.

228 2531 278 2559 2⁵.

277 2931 329 2961 19.
345 2927 395 2960 Ad
411 2928 534 2961 calceos
548 2928 757 2970 subligandos
767 2929 919 2963 dextrum
934 2931 1049 2973 pedem
1063 2933 1153 2974 prius
1169 2933 1295 2973 asserto,
2587 2902 2612 2933 ἦ

308 395 391 434 cap.
419 387 467 427 [ρὰ
495 395 504 419 2
534 379 686 433 παρῄνει
714 376 838 430 μηδενὶ
862 377 949 430 πρὸς
970 375 1170 431 ῥᾳστώνην,
1192 373 1283 413 ἀλλὰ

306 441 393 492 πρὸς
414 439 540 494 ἀρετὴν
563 438 624 478 καὶ
645 437 767 482 πόνους
786 437 1037 488 συμὸάλλειν.)

262 534 269 542 .
303 502 365 544 Εἷς
387 499 450 551 μὲν
473 498 644 547 ὑπόδησιν
668 498 727 537 τὸν
748 496 857 543 δεξιὸν
878 496 970 536 πόδα
990 495 1196 548 προπᾶρεχε
1210 525 1218 541 ,
1239 494 1285 538 εἷς

305 557 340 597 δὲ
361 559 593 612 ποδόνιπτρον
614 556 672 596 τὸν
690 555 880 608 εὐώνυμον.

359 617 621 671 (Jamblichus
658 617 819 655 Adhort.
847 615 895 653 ad
926 614 1070 665 philos.
1101 626 1186 664 cap.
1223 627 1284 650 21.

304 679 411 717 Idem
450 678 520 717 vit.
554 677 721 728 Pythag.
757 689 840 727 cap.
881 675 927 712 18
970 686 1056 725 pag.
1107 674 1179 720 178
1221 671 1283 711 ed.

306 738 464 788 Kiessl.)

223 811 247 835 2·
264 826 271 834 .
306 796 393 848 Περὶ
414 793 663 846 Πυθαγορείων
681 792 763 831 ἄνευ
781 791 895 845 φωτὸς
916 789 966 842 μὴ
985 791 1096 830 λάλει.

360 853 620 908 (Jamblichus
639 852 803 891 Adhort.
823 851 871 889 ad
886 850 1033 902 philos.
1053 863 1138 902 cap.
1163 862 1228 895 21;
1246 848 1287 887 id

303 923 375 962 est,
389 914 457 965 qui
471 913 519 951 de
533 912 870 963 Pythagoreorum
885 910 1084 961 mysteriis
1095 908 1286 960 loquitur,

305 974 447 1012 mentis
468 971 617 1011 lumine
638 969 816 1021 indiget.)

225 1048 241 1073 2
263 1064 272 1072 .
303 1032 514 1082 Ἀποδημῶν
545 1033 608 1077 τῆς
634 1030 744 1074 οἰκίας
777 1028 827 1080 μὴ
860 1027 1085 1082 ἐπιστρέφου.
1110 1027 1288 1081 Ἐριννύες

303 1091 370 1144 γὰρ
388 1091 635 1143 μετέρχονται.

360 1148 813 1202 (Ja1nb1ichus.Adho1·t.
844 1148 892 1186 ad
925 1147 1072 1200 philos.
1107 1160 1193 1199 cap.
1219 1161 1286 1186 21.

303 1210 496 1249 Similiter
517 1209 753 1248 Plutarchus
775 1208 823 1247 de
843 1208 955 1248 educ.
979 1206 1048 1248 lib.
1067 1221 1101 1247 c.
1125 1221 1170 1255 17
1202 1221 1211 1245 ε
1238 1206 1287 1257 μὴ

303 1269 575 1326 ἐπιστρέφεσθαι
608 1269 669 1308 ἐπὶ
695 1267 774 1314 τοὺς
803 1268 903 1322 ὅρους
923 1267 1108 1316 ἐλθόντας,
1129 1267 1289 1306 τουτέστι

307 1330 500 1380 μέλλοντας
540 1327 775 1376 ἀποθνήσκειν
811 1329 872 1367 καὶ
906 1327 965 1366 τὸν
999 1326 1078 1380 δ’ρον
1115 1331 1177 1366 τοῦ
1213 1327 1290 1380 βίου

303 1388 453 1436 πλησίον
473 1387 557 1427 ὄντα
577 1389 731 1440 ὁρῶντας
753 1386 866 1441 φέρειν
885 1387 1038 1431 εὐκόλως
1052 1386 1114 1426 καὶ
1138 1386 1188 1438 μὴ
1207 1389 1290 1425 ἀθυ-

305 1453 398 1498 μεῖν.
426 1448 623 1499 Diogenes
641 1447 767 1486 Laert.
786 1446 900 1498 VIII,
923 1461 967 1495 17
994 1445 1079 1485 ςδιὰ
1102 1445 1139 1486 δὲ
1156 1451 1217 1486 τοῦ
1242 1448 1289 1491 εἷς

306 1507 511 1558 ἀποδημίαν
543 1506 730 1559 βαδίζοντα
763 1504 812 1556 μὴ
834 1505 1109 1559 ἐπιστρέφεσθαι
1140 1506 1291 1559 παρῄνει

304 1567 374 1611 τοῖς
403 1565 728 1616 ἀπαλλαττομένοις
765 1567 827 1603 τοῦ
855 1564 932 1616 βίου
957 1564 1007 1616 μὴ
1031 1565 1291 1615 ἐπιθυμητικῶς

309 1627 402 1680 ἔχειν
421 1629 482 1664 τοῦ
500 1628 574 1677 ζῇν,
593 1624 682 1677 μηδὲ
702 1623 768 1663 ὑπὸ
789 1626 858 1663 τῶν
879 1625 1029 1663 ἐνταῦθα
1048 1625 1293 1672 ἡδονῶνέπά-

305 1688 443 1738 γεσθαι.
474 1685 673 1724 I‘ostrema
695 1683 941 1722 Jamblichus
971 1684 1253 1736 interpretatur
1279 1699 1288 1723 ε

308 1743 478 1796 μετάνοια
502 1744 570 1796 γὰρ
587 1744 627 1782 ἐκ
647 1742 771 1782 τούτου
792 1742 907 1791 πολλή
925 1758 979 1782 σοι
1001 1743 1199 1796 παρέψεται
1217 1775 1226 1784 .
1248 1776 1257 1785 .
1279 1774 1290 1784 .

305 1803 371 1852 τὴν
389 1802 425 1842 δὲ
443 1803 631 1854 μετάνοιαν
651 1802 812 1856 Ἐριννὺν
831 1802 1118 1856 μετωνόμασεν.)

308 1862 404 1916 Πρὸς
425 1862 524 1910 ἥλιον
545 1862 787 1916 τετραμμένος
809 1862 859 1914 μὴ
877 1862 986 1914 οὔρει.

363 1922 622 1975 (Jamblichus
655 1922 822 1963 Adhort.
857 1923 905 1961 ad
935 1923 1081 1975 philos.
1105 1937 1190 1975 cap.
1224 1938 1290 1972 21,

309 1983 377 2035 qui
397 1983 563 2035 exponit
585 1995 594 2021 :
620 1981 670 2032 μὴ
687 1982 824 2036 ζῳῶδές
843 1998 877 2020 τι
896 1981 989 2021 ποίει
1019 1982 1080 2022 καὶ
1109 1986 1294 2036 βοσκημα-

308 2042 447 2094 τῶδες.)

311 2099 433 2153 Δαδίῳ
452 2102 563 2138 Θῶκον
587 2098 636 2150 μὴ
659 2099 860 2150 ἀπόμασσε.
959 2146 964 2151 .

368 2159 624 2209 (Jamblichus
660 2159 826 2198 Adhort.
858 2160 906 2198 ad
942 2160 1085 2212 philos.
1116 2175 1204 2214 cap.
1228 2177 1292 2202 21.

311 2218 388 2258 Sed
417 2219 613 2269 Diogenes
633 2219 811 2259 Laertius
834 2219 905 2259 lib.
927 2219 1041 2272 VIII,
1065 2235 1110 2270 17
1134 2235 1143 2259 :
1167 2222 1295 2276 ἐλαόίῳ

309 2283 413 2319 θᾶκον
436 2279 486 2331 μὴ
506 2278 776 2332 ὀμόργνυσθαι.)
1052 2324 1055 2326 ,

309 2339 540 2393 Ἀλεκτρυόνα
564 2338 670 2393 τρέφε
692 2338 770 2391 μέν,
792 2339 842 2390 μὴ
870 2342 930 2379 θῦε
951 2339 1006 2380 δέ·
1030 2339 1124 2394 μήνῃ
1145 2340 1213 2395 γὰρ
1234 2341 1295 2380 καὶ

309 2399 399 2453 ἡλίῳ
419 2398 646 2452 καθιέρωται.

366 2458 624 2511 (Jamblichus
644 2459 810 2499 Adhort.
832 2459 879 2498 ad
906 2459 1052 2512 philos.
1072 2474 1158 2512 cap.
1183 2461 1264 2513 αι.)

310 2517 556 2572 Γαμψώνυχον
576 2519 686 2570 μηδὲν
706 2519 926 2573 παράτρεφε.

367 2578 626 2628 (Jamblichus
651 2579 819 2619 Adhort.
852 2581 900 2619 ad
929 2580 1076 2632 philos.
1108 2594 1193 2633 cap.
1223 2595 1291 2629 213

311 2637 430 2675 Mich.
457 2638 684 2689 Apostolius
719 2638 914 2687 Proverb.
938 2639 1098 2679 Centur.
1120 2639 1164 2687 V,
1198 2641 1249 2690 93
1284 2655 1292 2678 ε

312 2694 556 2749 γαμψώνυχας
570 2696 620 2746 μὴ
637 2696 776 2750 τρέφειν
791 2698 867 2736 ἀντὶ
887 2701 946 2737 τοῦ
962 2697 1127 2751 ἅρπαγας
1141 2698 1293 2752 φεύγειν.

315 2753 381 2792 Sic
412 2755 528 2792 etiam
562 2755 750 2794 Dacerius
778 2756 930 2808 accepit
951 2757 993 2795 in
1012 2756 1118 2796 hunc
1137 2757 1296 2795 modum

317 2813 581 2865 interpretans
613 2828 622 2852 :
653 2832 669 2848 «
687 2815 742 2853 Ne
773 2816 942 2855 souffrez
969 2830 1038 2869 pas
1065 2818 1163 2857 dans
1183 2827 1296 2857 votre

233 2986 274 3019 ad
289 2987 464 3020 lavandum
483 2988 663 3021 sinistrum.

276 3050 328 3079 20.
340 3034 394 3079 ⁴De
411 3047 619 3089 Pythagoreis
632 3048 700 3081 sine
717 3049 838 3082 lumine
854 3058 895 3083 ne
910 3050 1063 3092 loquitor.

278 3109 330 3140 21.
355 3108 491 3148 Peregre
514 3107 626 3140 abiens
653 3116 695 3141 ne
721 3109 891 3142 revertitor
922 3119 930 3141 :
958 3118 1033 3142 nam
1053 3110 1161 3144 Furiae
1191 3111 1300 3144 subse-

236 3166 396 3205 quantur.

234 3234 240 3240 ·
279 3230 331 3259 22.
356 3225 405 3260 Ad
423 3226 523 3260 solem
543 3236 720 3261 conversus
736 3238 775 3261 ne
796 3229 920 3270 meiito.

279 3290 331 3319 23.
355 3287 474 3319 Facula
491 3287 601 3321 sedem
619 3298 659 3321 ne
671 3289 856 3330 abstergito.

281 3348 332 3380 24.
357 3347 485 3380 Gallum
516 3347 594 3380 alito
620 3348 771 3396 quidem,
788 3350 824 3382 at
840 3358 879 3381 ne
903 3349 1096 3383 immolato:
1115 3359 1193 3383 nam
1213 3351 1301 3384 lunae

240 3407 273 3438 et
287 3405 346 3438 soli
362 3408 570 3440 consecratus
586 3408 644 3439 est.

241 3523 329 3555 alito.

286 3583 336 3612 26.
360 3581 398 3613 In
415 3580 467 3613 via
486 3590 526 3615 ne
545 3581 694 3616 scindite.

1348 506 1395 532 20.

1349 743 1396 769 27.

1356 1939 1405 1966 2⁹.

1358 2058 1407 2084 ³0.

1359 2236 1409 2263 31.

1358 2355 1408 2383 82.

1359 2476 1409 2502 33.

889 290 1362 333 PYTHAGOREORUM
1394 289 1460 328 ET
1488 287 1732 328 ALIORUM

1428 373 1578 410 maison
1599 364 1667 409 des
1687 383 1782 421 gens
1801 369 1870 422 qui
1891 381 1941 409 ne
1959 369 2050 409 sent
2069 381 2139 421 pas
2164 368 2320 416 fideles,
2342 367 2411 408 des

1428 432 1602 470 voleurs.
1633 432 1666 481 υ)

1427 490 1490 531 Ἐν
1512 490 1582 542 ὁδῷ
1600 489 1650 541 μὴ
1667 488 1781 541 σχίζε.

1484 549 1742 601 (Jamblichus
1768 547 1931 590 Adhort.
1953 548 2002 587 ad
2021 547 2166 601 philos.
2184 560 2270 599 cap.
2297 561 2362 595 αι,
2379 549 2409 587 i.

1429 622 1466 649 e.
1502 609 1585 647 noli
1625 609 1667 647 in
1699 607 1960 661 philosophiae
1988 607 2118 647 studio
2151 606 2414 645 minutissima

1431 681 1598 720 quaeque
1618 668 1880 721 perquirere.)

1428 728 1625 768 Δακτύλιον
1647 726 1698 777 μὴ
1720 726 1834 781 φόρει.

1487 787 1751 840 (Jamblichus
1780 786 1946 826 Adhort.
1978 785 2026 825 ad
2052 785 2198 838 philos.
2227 798 2314 838 cap.
2348 799 2414 835 αι,

1431 850 1500 900 qui
1529 848 1640 887 addit
1675 861 1685 886 ε
1720 846 1926 901 φιλοσόφει,
1957 845 2079 900 φησίν,
2108 847 2155 890 ὡς
2181 845 2416 894 ἀληθῶς,καὶ

1431 908 1562 961 χώριζε
1578 910 1642 947 τοῦ
1659 906 1906 961 περικειμένου
1923 907 2056 955 δεσμοῦ
2067 904 2131 954 τὴν
2143 905 2274 959 ψυχήν·
2285 905 2417 956 μελέτη

1430 968 1500 1022 γὰρ
1517 968 1668 1010 θανάτου
1691 966 1751 1006 καὶ
1766 966 1950 1020 χωρισμὸς
1979 967 2097 1018 ψυχῆς
2117 964 2189 1005 ἀπὸ
2209 965 2374 1017 σώματος
2396 969 2418 1013 ἡ

1433 1027 1634 1082 φιλοσοφία.
1664 1029 1714 1066 At
1744 1026 1975 1066 Plutarchus
2005 1025 2054 1064 de
2083 1025 2195 1064 educ.
2222 1024 2291 1066 lib.
2313 1040 2346 1065 c.
2372 1040 2417 1075 ¹7

1432 1101 1473 1140 p.
1499 1095 1548 1137 47
1573 1103 1581 1126 :
1606 1086 1656 1139 μὴ
1679 1093 1796 1141 φορεῖν
1829 1085 1949 1126 στενὸν
1979 1083 2178 1135 δακτύλιον,
2197 1084 2251 1125 ὅτι
2282 1085 2335 1124 δεῖ
2360 1084 2420 1124 τὸν

1434 1148 1508 1200 βίον
1526 1148 1705 1200 ἐλεύθερον
1719 1146 1951 1196 ἐπιτηδεύειν,
1963 1144 2024 1184 καὶ
2039 1145 2165 1196 μηδενὶ
2177 1146 2297 1201 δεσμῷ
2313 1161 2422 1201 προσ·
2456 1166 2459 1171 v

1434 1208 1557 1249 ἅπτειν
1578 1207 1713 1261 αὐτόν.)

1392 1299 1400 1308 .
1434 1269 1530 1309 Θεοῦ
1550 1268 1660 1307 τύπον
1680 1266 1730 1318 μὴ
1751 1266 1922 1320 ἑπίγλυφε
1940 1265 2133 1320 δακτυλίῳ.

1489 1327 1749 1382 (Jamblichus
1781 1326 1946 1365 Adhort.
1968 1326 2017 1365 ad
2049 1326 2197 1379 philos.
2219 1339 2306 1378 cap.
2331 1340 2376 1365 αι
2404 1340 2415 1367 t

1433 1387 1591 1427 τουτέστι
1632 1386 1814 1440 φιλοσόφει
1850 1386 1910 1424 καὶ
1944 1385 2156 1437 ἀσωμάτους
2189 1385 2259 1439 πρὸ
2290 1385 2420 1431 παντὸς

1435 1450 1521 1498 ἡγοῦ
1543 1446 1640 1489 θεοὺς
1674 1446 1848 1500 ὑπάρχειν
1869 1476 1879 1486 .
1905 1476 1914 1485 .
1936 1474 1947 1485 .
1971 1443 2021 1497 μὴ
2047 1444 2167 1496 νόμιζε
2201 1443 2237 1484 δὲ
2270 1451 2422 1500 μορφαῖς

1437 1506 1562 1551 αὐτοὺς
1598 1508 1819 1558 κεχρῆσθαι,
1853 1504 1934 1545 ὅσαι
1969 1504 2036 1544 εἶσὶ
2075 1504 2296 1557 σωματικαί·
2330 1506 2421 1558 μηδὲ

1433 1566 1695 1619 προσδέχεσθαι
1730 1564 1925 1603 ὑποστάσει
1957 1565 2084 1618 ὑλικῇ,
2117 1563 2178 1603 καὶ
2209 1557 2280 1604 οἷον
2300 1565 2422 1620 δεσμῷ

1437 1627 1548 1678 ὑλικῷ
1569 1623 1730 1674 σώματι,
1750 1622 1870 1675 ὥσπερ
1892 1622 1937 1662 τὰ
1953 1623 2046 1663 ἄλλα
2066 1626 2153 1675 ζῷα.
2174 1624 2423 1677 Porphyrius

1435 1686 1509 1725 vit.
1525 1685 1693 1737 Pythag.
1711 1697 1796 1736 cap.
1816 1684 1864 1728 43
1889 1698 1898 1722 ε
1920 1685 2007 1723 θεῶν
2028 1699 2066 1722 τε
2084 1683 2221 1728 εἰκόνας
2238 1685 2273 1722 ἐν
2293 1685 2423 1725 δακτυ·

1434 1745 1526 1796 λίοις,
1545 1743 1595 1796 μὴ
1614 1749 1747 1798 φορεῖν,
1765 1742 1925 1782 τουτέστι
1945 1742 2008 1791 τὴν
2031 1743 2112 1797 περὶ
2129 1746 2215 1783 θεῶν
2239 1742 2340 1790 δόξαν
2361 1745 2423 1784 καὶ

1437 1804 1542 1857 λόγον
1564 1803 1614 1856 μὴ
1635 1803 1826 1857 πρόχειρον
1847 1801 1937 1854 μηδὲ
1956 1803 2105 1857 φανερὸν
2139 1802 2246 1857 ἔχειν,
2267 1803 2352 1856 μηδ’
2373 1806 2424 1850 εἷς

1438 1864 1589 1910 πολλοὺς
1611 1863 1760 1918 φέρειν.)

1439 1923 1547 1978 Παρὰ
1568 1924 1697 1977 λύχνον
1719 1923 1769 1975 μὴ
1788 1922 2006 1977 ἐσοπτρίζου.

1493 1983 1751 2034 (Jamblichus
1772 1983 1940 2025 Adhort.
1961 1982 2010 2021 ad
2030 1981 2178 2035 philos.
2204 1995 2290 2035 cap.
2309 1982 2392 2034 αι.)

1442 2044 1534 2094 Περὶ
1562 2045 1649 2082 θεῶν
1670 2042 1781 2094 μηδὲν
1809 2042 2015 2094 θαυμαστὸν
2047 2043 2212 2094 ἀπίστει,
2233 2041 2323 2094 μηδὲ
2343 2042 2425 2098 περὶ

1439 2103 1541 2142 θείων
1563 2102 1766 2154 δογμάτων.

1494 2162 1756 2216 (Jamblichus
1776 2163 1943 2203 Adhort.
1964 2163 2012 2202 ad
2035 2163 2181 2215 philos.
2205 2176 2292 2216 cap.
2317 2162 2396 2214 21.)

1441 2221 1602 2276 Ἀσχέτῳ
1621 2221 1750 2274 γέλωτι
1772 2221 1822 2273 μὴ
1841 2222 2000 2275 ἔχεσθαι.

1497 2281 1761 2332 (Jamblichus
1778 2282 1943 2321 Adhort.
1961 2283 2008 2321 ad
2026 2282 2171 2335 philos.
2192 2295 2276 2335 cap.
2293 2281 2374 2335 οἵ.)

1443 2342 1551 2395 Παρὰ
1572 2341 1676 2396 θυσία
1695 2340 1745 2394 μὴ
1762 2341 1940 2394 ὂνυχίζου.

1496 2401 1760 2455 (Jambiichus
1779 2402 1944 2440 Adhort.
1966 2402 2014 2441 ad
2030 2402 2174 2454 philos.
2192 2415 2280 2456 cap.
2298 2404 2378 2454 21.)

1442 2461 1672 2515 Στρωμάτων
1697 2460 1889 2507 ἐξαναστὰς
1918 2461 2099 2501 συνέλισσε
2134 2462 2244 2511 αὐτά,
2275 2462 2337 2500 καὶ
2368 2461 2426 2501 τὸν

1440 2522 1551 2561 τύπον
1572 2521 1777 2571 συστόρνυε.

1494 2580 1752 2634 (Jamblichus
1787 2582 1952 2621 Adhort.
1983 2581 2031 2620 ad
2061 2581 2208 2633 philos.
2243 2595 2329 2634 cap.
2358 2596 2423 2622 αι.

1440 2640 1516 2679 Sed
1546 2641 1742 2691 Diogenes
1776 2640 1955 2680 Laertius
1981 2640 2096 2689 VIII,
2131 2655 2175 2690 17
2206 2640 2354 2680 habet:
2383 2640 2427 2679 τὰ

1442 2699 1639 2753 στρώματα
1660 2700 1714 2738 ἀεὶ
1738 2700 1972 2752 συνδεδεμένα
1994 2700 2121 2755 ἔχειν.)

1442 2759 1663 2812 Ἐγκέφαλον
1688 2761 1738 2811 μὴ
1756 2759 1866 2800 ἔσθιε.

1498 2819 1757 2872 (Jamblichus
1779 2819 1942 2858 Adhort.
1964 2819 2012 2857 ad
2033 2818 2177 2871 philos.
2197 2831 2284 2870 cap.
2305 2815 2385 2867 αι.)

1405 2937 1457 2967 27.
1482 2934 1648 2967 Annulum
1666 2943 1706 2966 ne
1721 2935 1857 2975 gestato.

1402 2997 1455 3027 28.
1481 2994 1539 3041 Dei
1559 2993 1732 3035 imaginem
1750 2993 1872 3025 annulo
1891 3002 1931 3025 ne
1948 2992 2130 3033 insculpito.

1405 3058 1458 3086 29.
1482 3052 1531 3086 Ad
1546 3053 1710 3086 lucernam
1727 3052 1895 3094 speculum
1912 3060 1954 3085 ne
1965 3051 2127 3093 inspicite.

1403 3115 1455 3146 3ο.
1479 3114 1591 3153 Neque
1605 3112 1645 3146 de
1659 3112 1720 3146 diis
1733 3121 1838 3153 neque
1850 3111 1892 3145 de
1904 3111 2052 3144 doctrina
2065 3119 2155 3143 sacra
2169 3110 2349 3153 quidquam
2361 3113 2428 3144 tam

1360 3171 1551 3205 admirabile
1566 3171 1696 3214 dicitur,
1711 3173 1749 3205 ut
1760 3171 1788 3204 ei
1802 3170 1884 3203 fides
1900 3171 1942 3204 sit
1955 3170 2155 3212 deroganda.

1404 3235 1457 3264 31.
1480 3231 1647 3265 caehinno
1666 3240 1706 3264 ne
1725 3230 1904 3271 indulgeto.

1405 3295 1456 3324 32.
1480 3293 1569 3324 Inter
1585 3290 1830 3324 sacrificandum
1851 3298 1975 3331 ungues
1990 3298 2031 3323 ne
2049 3288 2229 3331 praecidito.

1405 3351 1649 3392 33.‚stragu12,
1680 3349 1736 3383 ubi
1765 3350 1966 3390 surrexeris,
1996 3349 2183 3382 convolvito
2211 3348 2426 3390 corporisque

1363 3409 1537 3450 vestigium
1555 3409 1801 3451 complicatione
1825 3408 1943 3442 deleto.
1972 3409 2028 3442 vel
2045 3420 2056 3441 :
2074 3409 2222 3450 Stragula
2244 3417 2374 3450 semper
2393 3408 2426 3440 in

283 3467 338 3497 25.
363 3465 412 3497 Ne
441 3464 518 3506 quid
556 3474 690 3507 eorum,
727 3475 802 3508 quae
839 3475 961 3500 curvos
998 3476 1121 3509 ungues
1142 3467 1300 3511 (habent,
1364 3477 1467 3501 unum
1484 3469 1578 3511 quasi
1595 3469 1783 3502 fasciculum
1803 3468 1951 3510 coiligata
1976 3471 2010 3502 et
2026 3470 2184 3511 tanquam
2204 3469 2264 3501 iter
2285 3468 2427 3500 facturos

1364 3529 1539 3561 convasata
1555 3537 1616 3562 nos
1636 3528 1756 3561 habere
1771 3527 1877 3561 decet.

1405 3591 1459 3622 34.
1481 3588 1658 3622 cerebrum
1680 3597 1718 3622 ne
1736 3587 1834 3622 edito.
