2612 3814
274 247 338 292 xvj

258 330 463 383 propagati
482 329 692 381 repetenda
708 339 729 369 e
744 327 933 380 Simplicii
949 329 1121 380 quodam
1134 328 1220 367 loco
1240 326 1308 365 ubi

258 398 528 448 sagacissimus
541 395 607 434 ille
620 395 838 434 Aristotelis
849 396 1038 445 interpres
1057 394 1156 432 duos
1174 403 1309 431 versus

258 463 308 502 ab
324 462 584 513 Agrigentino
598 465 687 499 vate
705 461 749 500 in
767 460 957 510 principio
973 460 1101 510 operis
1115 459 1163 497 de
1178 468 1308 496 rerum

259 532 399 567 natura
417 528 562 577 positos
593 527 634 564 in
664 525 831 565 alienam
862 525 1099 564 sententiam
1129 523 1305 561 detorsit.

258 591 375 640 Quod
407 602 459 630 ne
491 592 553 629 cui
582 590 744 628 dubium
777 589 971 634 videatur,
1003 589 1088 638 ipsa
1120 586 1308 637 Simplicii

258 655 378 694 verba
398 653 575 693 afferam.
597 653 664 692 Ait
695 655 812 703 igitur
830 652 881 691 ad
899 651 1020 703 Phys.
1049 663 1086 701 p.
1119 655 1194 689 272
1226 649 1269 688 Β.
1295 663 1305 688 :

258 721 359 758 τοῦτο
378 717 415 757 δὲ
438 716 550 757 ἔοικεν
571 716 818 765 Ἐμπεδοκλῆς
838 715 880 754 ἂν
900 716 1031 766 εἰπεῖν,
1047 715 1105 754 ὅτε
1125 713 1238 765 λέγει,
1254 713 1307 751 ὅτι

257 781 297 821 τὸ
315 781 456 835 κρατεῖν
475 781 535 820 καὶ
554 785 660 820 κινεῖν
678 781 713 818 ἓν
729 779 827 834 μέρει
846 778 910 827 τὴν
927 778 1044 832 φιλίαν
1058 778 1119 817 καὶ
1139 777 1178 816 τὸ
1197 778 1307 821 νεῖκος

259 846 294 892 ἐξ
314 846 470 898 ἀνάγκης
487 845 641 898 ὑπάρχει
659 845 730 889 τοῖς
748 843 955 898 πράγμασιν
970 859 979 868 ·
1001 844 1030 882 εἰ
1045 843 1080 881 δὲ
1102 843 1161 882 καὶ
1186 845 1304 890 τοῦτο,

259 911 320 950 καὶ
339 910 379 949 τὸ
405 912 550 963 ἠρεμεῖν
571 912 605 948 ἐν
637 911 688 963 τῷ
709 907 841 960 μεταξὺ
860 908 999 962 χρόνῳ·
1017 909 1087 946 τῶν
1110 907 1179 960 γὰρ
1199 908 1304 945 ἐναν-

258 975 341 1015 τίων
361 975 531 1024 κινήσεων
550 973 683 1028 ἠρεμία
702 972 834 1025 μεταξύ
853 976 960 1014 ἐστιν.
983 973 1146 1024 Εὔδημος
1181 973 1218 1012 δὲ
1242 970 1304 1020 τὴν

258 1040 442 1089 ἀκινησίαν
458 1042 494 1079 ἐν
514 1042 557 1093 τῇ
579 1043 641 1087 τῆς
656 1040 771 1093 φιλίας
784 1039 990 1094 ἐπικρατείᾳ
1010 1039 1102 1078 κατὰ
1122 1039 1180 1078 τὸν
1199 1043 1321 1082 σφαῖ·,

258 1121 314 1158 ρον
334 1105 540 1158 ἐκδέχεται,
568 1105 710 1144 ἐπειδὰν
744 1104 885 1143 ἅπαντα
911 1106 1103 1157 συγκριθῇ,

309 1190 377 1232 ἔνθ’
396 1190 467 1231 οὔτ’
486 1191 617 1239 ἠελίοιο
636 1191 799 1231 διείδεται
816 1190 910 1230 ὠκέα
929 1193 1011 1243 γυῖα
1025 1220 1035 1239 ,

257 1290 352 1342 ἀλλ’,
369 1289 415 1335 ὥς
430 1305 534 1344 φησιν
554 1291 596 1337 (ὁ
612 1288 899 1342 Ἐμπεδοκλῆς),

308 1377 416 1420 οὕτως
435 1376 602 1431 ἁρμονίης
622 1376 894 1429 πυκινῷκρόφῳ
910 1373 1113 1427 ἐστήρικται

308 1445 452 1496 σφαῒρος
471 1440 682 1494 κυκλοτερὴς
700 1440 803 1493 μονίῃ
828 1438 992 1494 περιηγέι·
1010 1439 1137 1490 γαίων.

254 1528 451 1582 ἀρξαμένου
478 1529 514 1568 δὲ
533 1531 638 1568 πάλιν
662 1532 722 1568 τοῦ
738 1527 869 1572 νείκους
891 1528 1114 1581 ἐπικρατεῖν,
1132 1528 1210 1566 τότε
1227 1526 1306 1567 πά-

252 1594 308 1632 λιν
326 1593 459 1642 κίνησις
486 1594 521 1632 ἔν
541 1595 591 1647 τῷ
618 1592 755 1647 σφαίρῳ
774 1590 929 1644 γίνεται·

304 1679 422 1718 πάντα
443 1678 511 1731 γὰρ
531 1678 640 1726 ἑξείης
658 1679 863 1730 πελεμίζετο
887 1677 970 1730 γυῖα
991 1680 1092 1716 θεοῖο.

253 1766 470 1821 (Hactenus
492 1767 734 1818 Eudemus.)
759 1765 846 1806 τίδὲ
867 1764 1022 1819 διαφέρει
1047 1767 1107 1804 τοῦ
1130 1783 1144 1799 «ι
1163 1766 1215 1804 δτι
1236 1763 1299 1803 πέ-

250 1846 357 1884 φυκεν
370 1830 500 1875 οὕτως·
514 1830 553 1870 τὸ
568 1848 583 1866 α
599 1829 634 1875 ἐξ
655 1829 808 1882 ἀνάγκης
827 1847 843 1865 ι
853 1830 982 1881 λέγειν,
1001 1829 1116 1868 αἰτίαν
1128 1828 1179 1881 μὴ
1195 1844 1302 1882 προσ-

250 1893 409 1945 τιθέντα;
426 1899 537 1934 ταῦτα
563 1893 599 1934 δὲ
628 1894 871 1947 Ἐμπεδοκλῆς
900 1893 991 1934 ἔοικε
1010 1893 1124 1947 λέγειν
1148 1895 1184 1933 ἐν
1204 1896 1271 1947 τῷ·

305 1994 340 2033 ἓν
366 1991 402 2032 δὲ
422 1992 520 2046 μέρει
537 1992 723 2046 κρατέουσι
738 1992 1007 2045 περιπλομένοιο
1033 1991 1197 2046 χρόνοιο,

250 2091 311 2131 καὶ
329 2090 380 2130 ὅτ’
402 2091 557 2144 ἀνάγκην
574 2094 642 2130 τῶν
662 2090 850 2142 γινομένων
871 2091 1045 2130 αἰτιᾶται·

301 2179 394 2220 ἔστιν
411 2179 565 2230 ἀνάγκης
583 2182 728 2232 χρῆμα,
746 2181 831 2218 θεῶν
853 2178 1020 2232 ψήφισμα
1039 2177 1203 2227 παλαιόν,

303 2244 434 2294 ἀΐδιον,
453 2243 644 2283 πλατέεσσι
663 2243 1007 2298 κατεσφρηγισμένον
1028 2243 1153 2297 ὅρκοις.

251 2342 307 2382 διὰ
326 2341 394 2396 γὰρ
416 2341 479 2390 τὴν
497 2341 651 2394 ἀνάγκην
668 2341 729 2380 καὶ
744 2341 823 2386 τοὺς
839 2342 960 2395 ὅρκους
977 2341 1120 2386 τούτους
1137 2341 1300 2395 ἑκάτερον

251 2406 349 2459 παρὰ
370 2406 472 2460 μέρος
495 2407 692 2459 ἐπικρατεῖν
711 2421 812 2460 φησι.
829 2405 925 2459 λέγει
941 2405 977 2445 δὲ
998 2405 1059 2444 καὶ
1078 2409 1190 2446 ταῦτα
1207 2406 1299 2457 Ἐμ-

253 2472 428 2518 πεδοκλῆς
450 2471 507 2510 ἐπὶ
527 2472 589 2518 τῆς
611 2474 671 2510 τοῦ
693 2471 824 2516 νείκους
843 2470 1086 2524 ἐπικρατείας·

306 2568 416 2623 αὐτὰρ
437 2570 513 2608 ἐπεὶ
535 2569 624 2621 μέγα
639 2575 748 2613 νεῖκος
762 2569 811 2608 ε’νὶ
829 2569 1009 2622 μελέεσσιν
1030 2570 1174 2623 ἐθρέφθη
1188 2600 1199 2618 ,

306 2637 340 2679 ἐς
352 2635 458 2686 τιμάς
477 2635 508 2673 τ’
529 2634 692 2686 ἀνόρουσε
707 2634 936 2685 τελειομένοιο
953 2634 1108 2688 χρόνοιο,

306 2700 342 2745 ὅς
362 2715 440 2754 σφιν
461 2699 645 2750 ἀμοιὸαἷος
657 2699 802 2744 πλατέος
820 2700 1063 2753 παρελήλαται
1081 2700 1203 2754 ὅρκου,

254 2796 367 2833 ταῦτα
386 2787 468 2845 οὗν,
490 2792 575 2847 φησὶ
602 2793 646 2847 (ὁ
668 2792 949 2847 Ἀριστοτέλης),
973 2794 1080 2848 χωρὶς
1102 2795 1215 2841 αἰτίας
1232 2797 1296 2836 λε-

253 2857 386 2911 γόμενα
407 2857 505 2897 οὐδὲν
527 2858 614 2896 ἄλλο
629 2857 740 2908 λέγειν
763 2857 878 2907 ἐστίν,
898 2858 921 2906 ἢ
941 2877 957 2894 α
978 2859 1128 2914 πέφυκεν
1150 2861 1254 2902 οὕτω.
1278 2879 1294 2895 ¹·

255 2923 445 2963 Postremi
474 2928 555 2963 tres
589 2935 687 2974 quos
729 2925 823 2963 citat
852 2936 985 2964 versus
1017 2926 1067 2965 ab
1095 2926 1298 2967 Aristotele

254 2999 409 3039 quoque
434 2988 604 3039 Metaph.
625 2989 679 3038 11,
700 2994 724 3028 4
752 2989 974 3042 laudantur,
1001 2992 1075 3030 nisi
1100 2992 1205 3042 quod
1235 2993 1297 3031 ille

255 3050 332 3089 ἀλλ’
360 3047 417 3089 ὅτε
442 3050 484 3098 δὴ
517 3050 607 3103 μέγα
634 3055 743 3096 νεῖκος
763 3052 889 3092 habet.
913 3053 1088 3102 Quorum
1113 3066 1295 3094 versuum

254 3126 414 3155 sensum
433 3115 539 3154 hunc
562 3126 644 3155 esse
661 3121 768 3166 patet
794 3129 804 3155 z
831 3130 850 3154 α
869 3118 936 3156 sed
966 3118 1031 3156 ubi
1051 3129 1193 3168 magna
1212 3119 1298 3158 dis-

255 3180 385 3219 cordia
402 3180 547 3219 divinis
563 3182 603 3218 in
623 3181 807 3220 membris
826 3182 990 3220 increvit
1005 3183 1297 3235 potentiamque

255 3244 452 3283 affectavit
474 3249 611 3283 exacto
637 3248 830 3296 tempore,
853 3245 956 3295 quod
984 3247 1076 3296 ipsis
1099 3258 1166 3297 per
1194 3248 1297 3287 vices

256 3312 360 3347 certo
379 3307 523 3347 foedere
542 3309 691 3348 transit.
710 3321 730 3345 ι)
754 3306 804 3360 (ι)
821 3308 924 3349 Vera
939 3313 1032 3349 sunt
1044 3321 1131 3360 quae
1146 3309 1295 3350 Aristo-

301 3456 333 3531 Ut
354 3453 436 3488 Vide
455 3462 529 3496 quae
542 3454 573 3487 in
594 3455 812 3489 commentar.
830 3454 870 3488 de
893 3464 960 3488 vss.
987 3458 1126 3489 175·180
1140 3456 1302 3498 disputata

260 3507 320 3531 sun
336 3521 346 3531 .

1130 244 1200 284 DE
1229 236 1555 281 EMPEDOCLE.

1370 324 1466 364 teles
1486 322 1620 373 adjicit
1650 332 1661 360 ξ
1681 319 1743 360 καὶ
1764 318 1841 371 ἅμα
1867 318 1904 359 δὲ
1925 321 2033 367 αὐτῆς
2053 321 2114 367 τῆς
2143 319 2346 372 μεταὸολῆς
2370 321 2428 361 αἵ-

1371 403 1443 427 τιον
1471 386 1566 426 οὗθὲν
1585 386 1699 438 λέγει,
1720 385 1798 425 ἀλλ’
1818 384 1841 433 ἢ
1859 384 1914 424 ὅτι
1941 383 2034 424 οὕτω
2068 385 2244 439 πέφυκεν·
2265 387 2343 425 ἀλλ’
2369 385 2428 426 ὅτε

1371 451 1413 500 δὴ
1439 451 1530 505 μέγα
1550 456 1660 496 νεῖκος
1679 467 1714 492 κ.
1735 466 1772 490 τ.
1791 451 1827 491 λ.
1845 451 1893 495 ὡς
1906 453 2098 502 ἀναγκαῖον
2111 450 2176 502 μὲν
2190 449 2228 490 ὃν
2245 450 2428 502 μεταὸἀλ·

1371 519 1466 569 λειν,
1487 516 1603 556 αἰτίαν
1623 515 1659 555 δὲ
1675 518 1739 564 τῆς
1759 515 1915 568 ἀνάγκης
1940 515 2107 567 οὐδεμίαν
2128 517 2243 564 δηλοῖ.
2266 517 2429 569 Spectat

1369 585 1488 633 igitur
1504 580 1654 625 πλατέος
1670 578 1775 633 ὅρκου
1794 584 1901 621 certo
1916 581 2198 632 jurejurando,
2215 584 2240 621 i.
2261 593 2295 622 e.
2315 586 2430 623 ‘certo

1368 648 1533 701 foedere,
1551 650 1657 687 certa
1672 647 1774 698 leqe,
1793 647 1845 686 ad
1854 649 2134 687 necessitatem.
2151 647 2229 687 Sed
2246 650 2430 699 quamvis

1369 714 1431 753 vel
1461 715 1635 753 maxime
1670 711 1924 762 Empedocles
1953 714 2072 751 variis
2112 714 2400 753 mutationibus
2412 743 2424 761 ,

1369 789 1455 829 quae
1473 779 1514 816 in
1531 776 1605 816 hoc
1619 775 1844 826 aspectabili
1858 775 2004 815 mundo
2019 775 2123 815 flunt
2133 805 2145 827 ,
2155 779 2429 819 necessitatem

1369 842 1605 893 praefecerit,
1640 840 1834 890 simulque
1856 841 1898 878 in
1928 839 2043 879 rebus
2077 840 2221 880 divinis
2250 842 2428 893 ejusdem

1368 909 1450 948 deae
1461 908 1674 958 potentiam
1688 905 1893 945 celebrarit
1902 933 1913 951 ‚
1931 905 2023 944 inde
2036 916 2116 944 non
2130 908 2309 956 sequitur
2323 905 2428 971 phy·

1369 976 1489 1014 sicam
1510 977 1635 1024 poetoe
1654 972 1874 1011 doctrinam
1893 971 1951 1009 ita
1969 970 2019 1009 ad
2040 971 2193 1021 reliqua
2215 973 2301 1022 ejus
2321 971 2428 1023 dog-
2495 998 2498 1001 -

1369 1044 1475 1079 mata
1493 1037 1698 1077 transferri
1720 1039 1922 1086 oportere,
1935 1039 1979 1073 ut
1999 1045 2086 1085 quae
2106 1035 2155 1074 de
2174 1037 2299 1086 geniis
2314 1046 2360 1075 ac
2378 1036 2428 1075 de

1369 1105 1504 1144 divina
1522 1107 1662 1142 natura
1685 1101 1865 1141 versibus
1883 1105 2112 1152 persecutus
2128 1105 2186 1140 est
2207 1112 2284 1152 per-
2296 1102 2428 1141 inver-

1368 1171 1539 1219 sionem,
1571 1179 1691 1219 quam
1713 1164 1928 1220 ἀλληγορίαν
1961 1166 2085 1206 Graeci
2117 1170 2287 1218 vocant,
2319 1166 2428 1206 dieta

1369 1237 1649 1274 existimemus.
1670 1232 1870 1284 Siquidem
1883 1244 1929 1272 ea
1945 1236 2004 1272 est
2021 1233 2268 1284 Empedoclis
2283 1234 2322 1272 in
2337 1243 2429 1284 poe-

1368 1302 1456 1339 ticis
1474 1300 1670 1339 coloribus
1688 1299 1895 1350 diligentia
1907 1328 1919 1349 ,
1943 1301 1987 1338 ut
2013 1298 2149 1337 divina
2168 1302 2208 1338 et
2226 1298 2400 1338 humana
2413 1328 2425 1346 ,

1367 1371 1412 1405 ut
1432 1366 1637 1405 mutabilia
1657 1369 1696 1404 et
1714 1366 1898 1415 perennia
1914 1393 1925 1411 ,
1945 1367 1991 1403 ut
2010 1363 2183 1415 denique
2202 1375 2334 1404 rerum
2348 1374 2428 1404 na-

1367 1434 1464 1469 turae
1485 1429 1770 1469 vicissitudines
1789 1432 1829 1467 et
1844 1429 2010 1468 deorum
2029 1429 2288 1468 aeternitatem
2305 1426 2428 1479 probe

1368 1495 1599 1546 distinguat.
1620 1495 1710 1534 Jam
1723 1505 1816 1533 vero
1834 1494 1929 1544 quid
1946 1495 2098 1533 intersit
2111 1494 2214 1533 inter
2229 1492 2317 1533 illos
2336 1505 2425 1533 ver-

1368 1571 1454 1609 sus,
1473 1571 1572 1610 quos
1595 1560 1734 1599 ultimo
1753 1560 1839 1598 loco
1869 1559 2001 1599 attulit
2035 1558 2282 1610 Simplicius,
2304 1562 2424 1611 atque

1366 1635 1432 1664 eos
1452 1626 1519 1675 qui
1548 1625 1725 1674 proxime
1744 1623 1972 1674 praecedunt
1990 1623 2206 1662 videamus.

1421 1688 1654 1728 Plutarchus
1676 1686 1732 1740 (2)
1755 1692 1890 1727 auctor
1912 1691 1996 1736 est,
2017 1685 2294 1739 Empedoclem
2310 1688 2426 1728 initio

1366 1755 1490 1804 operis
1507 1754 1564 1792 sic
1584 1754 1759 1803 posuisse
1781 1764 1792 1791 τ

1417 1851 1512 1891 ἔστιν
1533 1851 1703 1903 Ἀνάγκης
1719 1853 1845 1905 χρῆμα
1859 1882 1870 1903 ,
1889 1854 1975 1891 θεῶν
1995 1850 2164 1907 ψήφισμα
2184 1850 2338 1892 παλαιόν
2350 1882 2362 1902 ,

1417 1915 1546 1963 ἀΐδιον,
1568 1914 1760 1956 πλατέεσσι
1776 1915 2123 1969 κατεσφρηγισμένον
2140 1915 2256 1970 ὅρκοις
2267 1946 2280 1965 ‚

1417 1975 1495 2020 εὖτέ
1523 1996 1574 2025 τις
1593 1980 1820 2034 ἀμπλακίῃσι
1842 1979 1936 2034 φόνῳ
1951 1980 2038 2034 φίλα
2057 1983 2139 2033 γυῖα
2156 1980 2287 2035 μιήνῃ,

1417 2043 1530 2088 αὕτως
1544 2044 1568 2092 ἢ
1587 2044 1749 2099 ἐπίορκον
1762 2044 1972 2099 ἁμαρτήσας
1991 2044 2176 2097 ἐπομόσσῃ

1419 2109 1576 2161 (δαίμων
1597 2107 1667 2147 οἵτε
1689 2109 1778 2162 βίοιο
1796 2109 1989 2162 λελόγχασι
2010 2107 2252 2162 μακραίωνος)

1415 2174 1489 2227 τρίς
1513 2191 1573 2223 μιν
1594 2174 1720 2228 μυρίας
1743 2169 1838 2228 ὧρας
1858 2175 1927 2214 ἀπὸ
1948 2174 2118 2229 μακάρων
2137 2174 2362 2226 ἀλάλησθαι,

1416 2238 1614 2291 γεινόμενον
1634 2239 1784 2278 παντοῖα
1806 2237 1864 2278 διὰ
1883 2238 2010 2292 χρόνου
2027 2237 2122 2277 εἴδεα
2142 2240 2295 2289 θνητῶν,

1416 2302 1591 2355 ἀργαλέας
1614 2303 1744 2356 βιότοιο
1765 2303 2059 2355 μεταλλάσσοντα
2079 2303 2286 2356 κελεύθους,

1416 2369 1462 2412 ὡς
1483 2367 1543 2406 καὶ
1563 2366 1634 2420 ἐγὼ
1653 2371 1714 2406 νῦν
1735 2369 1810 2420 εἶμι
1830 2367 1942 2422 φυγὰς
1961 2368 2076 2408 θεόθεν
2096 2368 2156 2407 καὶ
2171 2367 2305 2418 ἀλήτης

1415 2430 1522 2470 νείκεϊ
1541 2432 1743 2486 μαινομένῳ
1762 2432 1921 2478 πίσυνος.

1362 2538 1470 2577 Inest
1490 2542 1620 2578 autem
1650 2541 1691 2578 in
1711 2539 1775 2578 his
1801 2539 1998 2590 versibus,
2018 2540 2050 2578 si
2066 2549 2198 2578 eorum
2219 2549 2308 2590 quae
2325 2549 2418 2591 poe·

1361 2605 1445 2642 ticoe
1465 2605 1652 2643 orationis
1685 2603 1904 2643 luminibus
1937 2604 2124 2644 distincta
2151 2608 2271 2652 sunt,
2309 2615 2417 2644 sum·

1363 2678 1465 2707 mam
1487 2670 1621 2718 paucis
1643 2669 1851 2719 complecti
1880 2668 2142 2711 velimus,haec
2165 2668 2245 2708 fere
2259 2672 2417 2709 senten-

1360 2733 1428 2770 tia.
1479 2731 1717 2771 Necessitate
1746 2736 1868 2783 atque
1913 2732 2013 2771 adeo
2046 2733 2220 2782 antiquis
2253 2731 2415 2771 deorum

1359 2796 1538 2842 decretis,
1592 2807 1679 2847 quae
1709 2807 1857 2847 magno
1890 2796 2148 2846 jurejurando
2182 2794 2416 2835 confirmata

1363 2862 1463 2912 sint,
1486 2861 1663 2901 accidere
1683 2863 1739 2901 ait
1760 2861 2038 2912 philosophus,
2058 2865 2102 2900 ut
2123 2861 2156 2900 si
2176 2861 2263 2911 quis
2281 2861 2416 2912 genius

1360 2936 1427 2974 per
1446 2925 1571 2964 scelus
1589 2925 1694 2965 caede
1712 2936 1754 2964 se
1768 2924 1972 2975 polluerit,
1990 2925 2023 2963 is
2042 2926 2203 2975 triginta
2219 2934 2413 2963 annorum

1359 2989 1480 3028 millia
1492 2989 1663 3040 procula
1677 2988 1880 3028 beatorum
1895 2988 1986 3027 sede
2000 2987 2155 3028 oberret
2170 2999 2216 3028 ac
2231 2987 2415 3038 deinceps

1358 3054 1497 3103 saepius
1526 3052 1724 3092 nascendo
1754 3050 1877 3093 omnis
1897 3053 2048 3103 generis
2077 3052 2299 3092 mortalium
2319 3062 2414 3092 cor-

1359 3129 1497 3168 porum
1517 3118 1663 3158 formas
1683 3118 1836 3157 induat.
1869 3117 2016 3156 Eadem
2036 3120 2184 3157 ratione
2211 3129 2252 3157 sc
2282 3119 2414 3168 ipsum

1359 3186 1493 3221 narrat
1516 3194 1537 3222 e
1563 3182 1726 3222 deorum
1745 3181 1940 3222 domicilio
1959 3182 2166 3232 expulsum
2199 3192 2244 3221 ac
2262 3180 2412 3221 discor-

1359 3247 1433 3286 diae
1466 3246 1608 3286 furenti
1648 3244 1758 3300 (quae
1792 3248 1831 3285 in
1863 3245 1938 3284 hoc
1977 3245 2127 3285 mundo
2164 3244 2410 3295 dominatur)

1359 3314 1441 3363 jam
1480 3311 1697 3351 obnoxium
1734 3312 1881 3363 vagari.
1914 3311 2017 3351 Hinc
2051 3310 2199 3361 liquido
2231 3313 2411 3357 constat,

1409 3459 1457 3497 1⁹.)
1481 3458 1673 3491 Plutarchus
1694 3457 1734 3491 de
1748 3457 1847 3491 Exsil.
1869 3467 1900 3499 p.
1920 3459 1993 3490 607.
2010 3457 2062 3490 Cf.
2080 3459 2266 3490 comment.
2285 3455 2326 3490 ad
2346 3463 2412 3490 vsa.

1367 3507 1454 3539 ι-ίο.
1472 3505 1597 3539 inserui
1613 3507 1722 3539 autem
1740 3513 1851 3538 versus
1862 3505 1903 3537 ab
1926 3505 2102 3547 Hippolyto
2121 3506 2278 3537 servatos.
