2612 3814
312 235 388 268 ⁴¹8

309 317 509 370 ὑπεραίρειν
548 315 611 365 τὴν
634 315 730 362 ἀξίαν
759 315 850 367 μήτε
882 317 1136 357 ἀπολείπεσθαι
1161 316 1292 365 ταύτης
1329 319 1364 357 ἰν

310 381 386 420 ταῖς
425 375 503 428 περὶ
530 376 645 414 αὐτῶν
669 374 838 427 ἐννοίαις,
869 374 961 414 ἀλλὰ
992 381 1095 416 τοῦτο
1125 376 1252 421 αὐτοὺς
1274 369 1365 416 εἶναι

313 434 492 485 τίθεσθαι,
511 433 529 473 ὃ
550 433 738 487 γεγόνασι,
760 434 821 473 καὶ
849 433 982 481 ταύτην
1005 433 1098 488 ἔχειν
1118 433 1182 483 τὴν
1202 433 1298 479 τάξιν
1321 434 1366 482 ἢν

314 493 512 546 εἰλήχασιν,
540 493 599 532 ἐπὶ
617 492 675 532 τὸν
712 492 923 546 δημιουργὸν
956 493 1071 533 αὐτῶν
1092 492 1168 532 θεὸν
1196 491 1363 546 ἀναφέρει

313 554 353 593 τὸ
378 552 505 602 σέόας,
526 551 562 592 ὃν
583 552 644 592 καὶ
663 553 738 592 θεὸν
759 556 846 593 θεῶν
874 553 1002 606 κυρίως
1033 553 1076 592 ἂν
1105 552 1199 592 εἴποι
1232 568 1284 597 τις
1305 552 1366 591 καὶ

314 613 390 652 θεὸν
413 611 545 652 ὕπατον
565 612 625 651 καὶ
652 612 810 665 ἄριστον.
887 612 966 660 Τὴν
984 611 1020 650 δὲ
1050 611 1158 656 ὄντως
1187 610 1286 657 ἀξίαν
1306 615 1365 650 τοῦ

309 674 525 723 κοσμοποιοῧ
557 671 615 711 καὶ
649 671 879 724 ἀριστοτέχνα
904 675 982 711 θεοῦ
1003 670 1118 722 μόνως
1149 669 1190 708 ἃν
1211 669 1366 723 ἐξεύροι-

311 747 391 783 μεν,
418 732 447 770 εἰ
467 730 527 770 καὶ
547 734 633 770 θεῶν
653 730 762 770 αἴτιον
791 730 895 769 αὐτὸν
924 730 985 769 καὶ
1006 729 1187 782 ἀτρέπτων
1216 732 1364 782 λογικῶν

310 791 439 831 οὐσιῶν
456 790 605 839 ποιητὴν
637 790 830 841 θησόμεθα.
890 789 1044 834 Τούτους
1060 789 1128 842 γὰρ
1152 792 1212 827 νῦν
1234 789 1365 829 ἀθανά-

305 865 384 896 τους
416 850 513 896 θεοὺς
540 849 723 898 ὠνόμασεν
753 852 771 888 ὁ
791 849 893 900 λόγος
918 848 996 893 τοὺς
1019 849 1074 888 ἀεὶ
1102 849 1162 888 καὶ
1193 848 1362 894 ὡσαύτως

306 914 468 955 νοοῦντας
487 910 545 949 τὸν
568 909 778 962 δημιουργὸν
799 908 895 958 θεόν,
916 908 976 947 καὶ
995 909 1049 948 ἀεὶ
1066 908 1154 962 πρὸς
1172 909 1212 948 τὸ
1228 908 1361 948 ἐκείνου

306 969 434 1019 ἀγαθὸν
460 968 754 1020 συντεταμένους,
773 969 832 1007 καὶ
851 970 913 1007 ἀπ’
929 967 1060 1007 ἐκείνου
1078 967 1116 1007 τὸ
1135 961 1224 1007 εἶναι
1241 968 1301 1007 καὶ
1320 968 1361 1008 τὸ

305 1023 344 1068 εῧ
369 1023 457 1068 εἶναι
490 1027 688 1081 ἀμερίστως
714 1027 775 1067 καὶ
811 1028 992 1081 ἀτρέπτως
1019 1027 1292 1079 λαμδάνοντας,
1312 1030 1361 1074 ὡς

305 1090 367 1135 τῆς
389 1089 642 1141 δημιουργικῆς
663 1085 777 1131 αἰτίας
796 1085 921 1131 αὐτοὺς
940 1086 1042 1132 ὄντας
1060 1087 1196 1133 εἰκόνας
1217 1090 1363 1132 ἀπαθεῖς

305 1146 367 1186 καὶ
391 1146 619 1190 ἀκακύντους.
680 1145 817 1199 Πρέπει
840 1145 909 1199 γὰρ
939 1148 990 1199 τῶ
1019 1149 1087 1202 θεῷ
1118 1146 1180 1186 καὶ
1199 1146 1364 1192 τοιαύτας

305 1207 508 1252 ὑποστῆσαι
543 1208 669 1245 ἑαυτοῦ
699 1206 854 1256 εἰκόνας,
885 1204 945 1244 καὶ
980 1204 1029 1256 μὴ
1059 1205 1178 1251 πάσας
1208 1206 1362 1260 τρεπτὰς

305 1263 366 1303 καὶ
381 1265 549 1316 ἐμπαθεῖς
568 1267 612 1318 τῇ
634 1267 679 1310 εἷς
699 1264 828 1304 κακίαν
846 1267 1024 1319 ὑποφορᾷ,
1044 1259 1116 1305 οἶαί
1140 1266 1226 1304 εἰσιν
1249 1267 1284 1305 αἱ
1306 1267 1365 1304 ἀν-

306 1322 478 1375 θρώπιναι
488 1323 601 1377 ψυχαί
612 1354 621 1370 ,
636 1325 705 1362 τῶν
719 1326 870 1375 λογικῶν
885 1323 1022 1377 φύσεων
1037 1324 1076 1364 τὸ
1089 1323 1239 1378 ἔσχατον
1259 1318 1362 1363 οὖσαι

305 1381 424 1434 γένος,
447 1380 566 1435 ὥσπερ
588 1377 633 1421 αὖ
653 1383 845 1436 ἀκρότατον
873 1377 915 1431 ἦν
937 1386 997 1422 νῦν
1025 1383 1066 1423 τὸ
1089 1386 1157 1422 τῶν
1180 1384 1364 1423 ἀθανάτων

305 1443 392 1481 θεῶν
418 1442 604 1494 λεγόμενον
624 1442 731 1494 γένος.
791 1443 862 1482 Καὶ
877 1442 1016 1494 μήποτε
1036 1442 1123 1496 πρὸς
1141 1443 1362 1482 ἀντιδιαστο-

304 1500 370 1550 λὴν
391 1504 460 1540 τῶν
483 1502 712 1555 ἀνθρωπίνων
731 1503 854 1555 ψυχῶν
873 1500 1040 1541 ἀθάνατοι
1057 1501 1128 1540 θεοὶ
1148 1495 1241 1541 οὗτοι
1261 1501 1365 1549 ἐκλή-

303 1564 438 1613 θησαν,
477 1564 524 1605 ὡς
553 1559 603 1612 μὴ
645 1560 924 1608 ἀποθνήσκοντες
962 1559 1027 1608 τὴν
1052 1560 1148 1599 θείαν
1186 1560 1353 1610 εὐζωίαν,

304 1619 394 1671 μηδὲ
420 1623 455 1660 ἐν
478 1619 568 1673 λήθῃ
600 1620 686 1659 ποτὲ
716 1619 917 1672 γιγνόμενοι
938 1619 1030 1671 μήτε
1059 1622 1121 1667 τῆς
1149 1621 1283 1658 ἑαυτῶν
1305 1621 1367 1658 οὖ-

303 1680 382 1724 σίας
409 1679 502 1730 μήτε
525 1682 587 1727 τῆς
609 1683 672 1718 τοῦ
692 1679 825 1732 πατρὸς
840 1680 1071 1731 ἀγαθότητος.
1166 1678 1314 1723 Τούτοις
1332 1678 1368 1717 δὲ

303 1744 324 1787 ἡ
346 1738 548 1792 ἀνθρωπίνη
571 1738 668 1793 ψυχὴ
689 1745 760 1783 τοῖς
780 1739 927 1778 πάθεσιν
958 1738 1163 1786 ὑπόκειται,
1192 1738 1277 1776 ποτὲ
1300 1737 1362 1787 μὲν

303 1883 382 1907 esse
402 1871 508 1919 quod
528 1878 636 1916 sunt,
659 1878 697 1907 et
713 1883 801 1907 eum
829 1871 1005 1908 ordinem
1028 1872 1204 1908 obtinere
1217 1897 1228 1917 ,
1250 1883 1364 1918 quem

302 1930 427 1968 sortiti
457 1937 568 1978 sunt,
597 1931 743 1967 cultum
773 1931 898 1980 ipsum
941 1930 990 1967 ad
1019 1943 1154 1967 eorum
1187 1929 1366 1979 opificem

305 1989 420 2026 deum
450 1989 696 2026 referentium
725 1997 802 2039 est,
836 2002 950 2039 quem
985 1997 1022 2027 et
1056 1989 1172 2026 deum
1204 1990 1365 2026 deorum

303 2050 457 2098 proprie
484 2051 567 2098 quis
598 2049 702 2086 dIcat
732 2062 775 2086 ac
809 2049 970 2086 deorum
991 2063 1182 2086 summum
1202 2057 1239 2086 et
1265 2050 1366 2098 opti-

303 2121 423 2145 mum.
443 2106 699 2144 Praecellentis
720 2116 846 2145 autem
876 2108 1011 2144 mundi
1034 2106 1191 2144 artificis
1213 2106 1274 2144 dei
1294 2120 1366 2143 ve-

305 2179 389 2204 ram
412 2167 636 2217 dignitatem
653 2168 706 2204 ita
720 2168 844 2204 solum
861 2167 1191 2216 deprehendemus
1206 2196 1216 2215 ,
1232 2167 1263 2202 si
1280 2179 1366 2203 eum

304 2234 343 2263 et
371 2226 535 2263 deorum
573 2238 725 2263 causam
753 2233 790 2263 et
826 2231 1052 2263 naturarum
1073 2226 1366 2276 intelligentium

305 2293 421 2335 atque
452 2285 751 2322 immutabilium
778 2292 990 2323 creatorem
1028 2298 1106 2322 esse
1141 2292 1363 2322 statuamus.

304 2345 398 2381 Illos
419 2346 521 2382 enim
554 2345 787 2381 immortales
814 2344 906 2382 deos
935 2357 1091 2382 carmen
1112 2357 1214 2381 nunc
1235 2345 1366 2394 appel-

304 2404 379 2451 lat,
412 2405 478 2453 qui
495 2416 646 2452 semper
664 2411 778 2452 atque
798 2403 935 2440 eodem
954 2403 1072 2440 modo
1100 2405 1283 2440 creatoris
1306 2403 1367 2440 dei

305 2464 563 2513 cognitionem
580 2464 749 2500 retinent
759 2475 987 2512 semperque
1005 2464 1045 2499 in
1060 2462 1140 2511 ejus
1152 2463 1367 2501 bonitatem

309 2524 447 2559 intenti
475 2530 562 2559 sunt
585 2530 700 2571 atque
735 2523 783 2559 ab
806 2535 852 2559 eo
875 2530 913 2559 et
941 2524 1060 2559 vitam
1088 2530 1126 2559 et
1147 2523 1366 2560 felicitatem

309 2582 613 2631 inseparabiliter
627 2589 664 2618 et
677 2581 969 2618 immutabiliter
986 2582 1183 2632 accipiunt
1195 2609 1205 2628 ,
1222 2582 1367 2631 quippe

308 2641 376 2689 qui
409 2641 481 2689 ipsi
503 2641 577 2675 sint
609 2639 759 2689 opificis
794 2652 916 2677 causae
935 2641 1119 2690 imagines
1134 2668 1144 2687 ,
1163 2640 1366 2688 perturba-

309 2701 458 2736 tionum
478 2700 737 2748 vitiorumque
764 2708 949 2750 expertes.
974 2702 1096 2737 Decet
1123 2700 1226 2737 enim
1243 2701 1367 2736 Deum

310 2760 402 2796 tales
434 2760 549 2795 etiam
566 2760 621 2795 sui
649 2760 830 2809 imagines
850 2761 1006 2810 gignere
1028 2769 1038 2799 ε
1060 2772 1139 2796 non
1178 2766 1302 2796 autem
1324 2772 1369 2795 o-

308 2830 415 2855 mnes
430 2815 703 2854 mutationibus
717 2826 754 2854 et
776 2817 1128 2868 perturbationibus
1162 2818 1368 2865 obnoxias,

310 2890 356 2914 ex
378 2877 637 2926 propensione
658 2877 697 2912 in
717 2878 879 2925 vitium3
899 2878 1030 2927 quales
1054 2885 1142 2915 sunt
1157 2877 1276 2914 animi
1298 2877 1369 2914 hu-

309 2935 413 2973 mani
425 2936 494 2985 qui
510 2942 730 2972 naturarum
764 2938 913 2974 ratione
930 2938 1178 2987 praeditarum
1194 2936 1367 2974 infimum

309 3008 429 3045 genus
448 3003 536 3032 sunt
550 3023 560 3042 ,
585 2996 682 3032 sicut
703 3003 840 3032 contra
860 3010 978 3046 genus
1006 2998 1279 3034 immortalium
1301 2998 1369 3034 de-

311 3067 424 3091 orum
457 3057 571 3091 nunc'
592 3054 737 3091 dictum
771 3063 824 3091 est
845 3069 1047 3095 summum.
1074 3058 1202 3105 Atque
1221 3057 1262 3092 hi
1290 3056 1369 3092 for-

312 3121 428 3160 tasse,
453 3121 496 3150 ut
527 3114 575 3150 ab
607 3114 740 3150 animis
774 3114 948 3152 humanis
981 3116 1276 3166 distinguantur,
1297 3116 1370 3152 im-

309 3175 488 3214 mortales
515 3173 569 3209 dii
589 3180 879 3223 nuncupantur,
901 3182 945 3211 ut
965 3175 1103 3224 quibus
1124 3175 1261 3211 divinae
1279 3176 1368 3211 vitae

310 3231 469 3269 felicitas
487 3245 567 3268 non
586 3233 748 3269 intereat
763 3245 834 3270 nec
851 3246 925 3270 suae
942 3246 1113 3282 unquam
1138 3241 1282 3270 naturae
1302 3242 1368 3271 aut

310 3298 479 3339 paternae
517 3291 702 3328 bonitatis
736 3292 882 3329 oblivio
915 3293 1113 3343 subrepat.
1141 3294 1210 3330 His
1241 3301 1367 3331 autem

310 3350 671 3400 perturbationibus
709 3351 899 3389 obnoxius
931 3360 987 3389 est
1008 3353 1197 3389 humanus
1222 3354 1368 3391 animus

312 3410 379 3459 qui
401 3410 516 3446 deum
537 3410 743 3458 aliquando
760 3412 955 3461 cog-noscit
968 3418 1005 3448 et
1024 3410 1246 3462 dignitatem
1263 3425 1367 3450 suam

311 3476 537 3519 recuperat,
567 3469 775 3518 aliquando
802 3478 928 3508 autem
948 3470 1005 3507 his
1022 3471 1181 3518 excidit3
1200 3472 1303 3509 unde
1330 3479 1367 3509 et

1030 228 1306 268 ntssRocLls
1342 228 1760 271 COMMENTARIUS

1425 322 1555 357 νοοῦσα
1575 318 1632 358 τὸν
1653 318 1729 358 θεὸν
1744 319 1804 358 καὶ
1820 318 1882 367 τὴν
1901 321 2028 368 ἓαυτῆς
2044 320 2143 366 ἀξίαν
2161 323 2484 374 ἀπολαμδάνουσα,

1429 376 1515 418 ποτὲ
1537 378 1573 417 δὲ
1590 377 1722 418 τούτων
1744 379 2009 422 ἀποπίπτουσα.
2094 380 2158 421 Διὸ
2178 380 2238 420 καὶ
2256 381 2396 427 εἰκότως
2415 382 2487 422 θεοὶ

1429 437 1547 487 θνητοὶ
1567 439 1722 490 λέγοιντο
1742 437 1784 477 ἂν
1805 440 1841 478 αἱ
1867 439 2082 494 ἀνθρώπιναι
2106 440 2237 493 ψυχαί,
2255 442 2302 485 ὡς
2332 441 2489 491 ἀποθνή-

1430 497 1578 537 σκουσαί
1593 513 1679 537 ποτε
1691 497 1756 546 τὴν
1777 497 1872 537 θείαν
1888 500 2034 545 εὖζωίαν
2051 503 2094 553 τῇ
2114 500 2184 539 ἀπὸ
2202 503 2282 539 θεοῦ
2301 504 2410 555 φυγῇ,
2425 501 2487 542 καὶ

1431 555 1741 606 ἀναὸιωσκόμεναι
1759 554 1868 604 αὐτὴν
1889 558 1995 597 πάλιν
2012 561 2056 611 τῇ
2077 557 2163 610 πρὸς
2183 558 2257 597 θεὸν
2279 558 2486 614 ἐπιστροφῇ,

1428 615 1488 653 καὶ
1508 615 1599 659 οὕτω
1617 614 1682 666 μὲν
1699 617 1809 661 ζῶσαι
1842 614 1903 655 τὸν
1929 620 2017 656 θεῖον
2041 617 2114 669 βίον
2129 648 2139 668 ,
2159 616 2297 662 ἐκείνως
2320 617 2357 656 δὲ
2388 621 2486 658 ἀπο-

1429 674 1658 725 θνήσκουσαι,
1676 673 1737 728 (ὡς
1752 668 1821 714 οἶόν
1840 690 1879 714 τε
1900 675 2062 729 ἀθανάτῳ
2076 676 2176 732 οὐσία
2192 675 2342 715 θανάτου
2360 677 2486 730 μοίρας

1429 731 1688 786 μεταλαχεῑν,)
1707 733 1746 771 οὗ
1763 734 1808 785 τῇ
1831 734 1878 778 εἰς
1895 733 1937 772 τὸ
1958 733 2008 782 μὴ
2038 729 2126 773 εἶναι
2143 735 2306 784 ἐκὸάσει,
2329 734 2420 776 ἀλλὰ
2443 738 2487 790 τῇ

1428 797 1489 832 τοῦ
1507 788 1546 831 εὖ
1571 778 1662 831 εἶναι
1693 791 1914 832 ἀποπτώσει,
1973 792 2138 837 Θάνατος
2165 793 2232 847 γὰρ
2252 795 2395 845 λογικῆς
2419 794 2455 834 07
2467 817 2485 825 ·

1429 852 1507 898 σίας
1531 850 1631 891 ἀθεία
1654 850 1715 890 καὶ
1733 850 1859 903 ἄνοια,
1878 845 1928 895 οἶς
1947 851 2069 891 ἕπεται
2091 851 2152 891 καὶ
2179 855 2201 900 ἡ
2221 852 2303 906 περὶ
2320 852 2380 893 τὸν
2409 853 2483 907 βίον

1429 912 1578 965 ἄμετρος
1596 913 1664 951 τῶν
1695 912 1818 950 παθῶν
1839 911 2090 957 ἐπανάστασις.
2130 911 2192 952 Ἐν
2217 912 2286 965 γὰρ
2300 915 2344 967 τῇ
2362 914 2487 967 ιὶγνοίαΙ

1428 975 1496 1011 τῶν
1525 970 1733 1025 κρειττόνων
1756 969 1893 1024 ἀνάγκη
1923 970 2096 1010 δουλεύειν
2128 972 2200 1016 τοῖς
2232 971 2401 1025 χείροσιν·
2434 967 2484 1013 ὧν

1428 1031 1670 1084 ἐλευθεριάσαι
1690 1030 1806 1074 ἄλλως
1821 1030 1888 1082 οὐχ
1903 1023 1972 1069 οἶόν
1996 1045 2034 1069 τε
2063 1029 2086 1077 ἢ
2118 1033 2162 1084 τῇ
2192 1030 2236 1070 δι’
2257 1030 2490 1082 ἀναμνήσεως

1427 1092 1475 1135 εἷς
1497 1095 1576 1130 νοῦν
1597 1091 1657 1130 καὶ
1679 1091 1754 1130 θεὸν
1782 1092 1990 1144 ἐπιστροφῇ.
2061 1089 2205 1135 Μεταξὺ
2232 1089 2269 1130 δὲ
2294 1093 2363 1131 τῶν
2392 1091 2485 1132 οὕτω

1425 1150 1622 1203 λεγομένων
1644 1149 1827 1190 ἀθανάτων
1845 1153 1948 1199 θεῶν,
1969 1150 2028 1189 καὶ
2053 1152 2123 1189 τῶν
2151 1152 2309 1202 θνητῶν,
2330 1153 2377 1195 ὡς
2393 1149 2491 1191 atno-

1427 1226 1507 1261 μεν,
1527 1213 1613 1249 θεῶν
1633 1210 1768 1262 ἀνάγκη
1789 1210 1887 1262 γένος
1905 1226 1940 1248 τι
1961 1203 2071 1261 εἶναι,
2095 1209 2304 1263 τιμιώτερον
2327 1209 2391 1261 μὲν
2424 1212 2486 1250 ἀν·

1426 1263 1588 1317 θρώπου,
1609 1263 1884 1316 καταδεέστερον
1909 1263 1945 1302 δὲ
1972 1266 2070 1312 θεοῦ,
2095 1266 2139 1316 τῇ
2161 1265 2206 1303 δι’
2232 1265 2359 1303 ἑαυτοῦ
2379 1263 2487 1316 μεσό-

1427 1339 1506 1372 τητι
1527 1323 1572 1363 τὰ
1591 1323 1685 1377 ἄκρα
1702 1323 1787 1377 πρὸς
1805 1323 1945 1371 ἄλληλα
1961 1322 2154 1371 συνάπτον,
2176 1321 2269 1362 ὥστε
2283 1322 2324 1363 τὸ
2340 1328 2412 1363 πᾶν
2425 1325 2489 1372 τῆς

1428 1383 1573 1436 λογικῆς
1593 1382 1826 1436 δημιουργίας
1850 1382 1936 1423 αὐτὸ
1965 1385 2079 1436 ἑαυτῷ
2100 1382 2327 1422 συνδεδέσθαι
2350 1383 2485 1428 καλῶς.

1426 1446 1541 1484 Τοῦτο
1561 1443 1604 1491 δὴ
1625 1443 1666 1483 τὸ
1686 1443 1792 1493 μέσον
1813 1442 1892 1482 οὔτε
1915 1444 2071 1490 παντελῆ
2102 1443 2244 1495 ἄγνοιαν
2267 1446 2329 1483 τοῦ
2349 1446 2428 1484 θεοῦ
2454 1442 2486 1482 ἴ-

1429 1514 1508 1551 σχει
1528 1496 1640 1548 ποτέ,
1662 1496 1741 1536 οὔτε
1764 1497 1945 1540 παντελῶς
1970 1495 2134 1544 ἀκίνητον
2151 1496 2213 1536 καὶ
2239 1495 2293 1535 ἀεὶ
2317 1495 2489 1541 ὡσαύτως

1428 1556 1661 1608 διαμένουσαν
1686 1558 1829 1608 γνῶσιν,
1850 1556 1931 1595 ἀλλ’
1949 1555 2003 1594 ἀεὶ
2021 1555 2085 1606 μὲν
2109 1556 2293 1605 γινώσκει,
2315 1554 2431 1600 ἄλλως
2450 1554 2488 1594 δὲ

1432 1616 1492 1654 καὶ
1516 1615 1632 1660 ἄλλως
1653 1614 1857 1664 ἐπιὸάλλει,
1880 1613 1941 1653 καὶ
1961 1615 2094 1664 μᾶλλον
2110 1613 2205 1653 ἔστιν
2220 1613 2278 1652 ὅτε
2294 1613 2356 1653 καὶ
2367 1607 2487 1662 ἦττον.

1431 1678 1495 1728 Τῷ
1516 1675 1578 1728 μὲν
1598 1674 1653 1714 ἀεὶ
1672 1674 1857 1727 γινώσκειν
1883 1672 2086 1721 ἀναὸέὸηκε
2106 1676 2166 1712 τοῦ
2191 1672 2409 1725 ἀνθρωπίνου
2434 1672 2491 1724 γε’·

1398 1766 1404 1771 .
1429 1751 1506 1779 νους
1519 1766 1530 1784 ,
1551 1737 1603 1790 τῷ
1620 1734 1654 1773 δὲ
1674 1732 1724 1786 μὴ
1739 1733 1919 1787 ἀτρέπτως
1938 1733 2028 1785 μηδὲ
2048 1731 2218 1778 ὡσαύτως
2234 1732 2288 1772 ἀεὶ
2306 1731 2490 1786 γινώσκειν

1428 1869 1531 1906 haud
1553 1869 1744 1905 immerito
1777 1868 1957 1904 mortales
1986 1866 2040 1905 dii
2067 1874 2343 1916 nuncupantur
2371 1867 2488 1904 animi

1430 1931 1607 1977 humani,
1633 1928 1741 1977 quod
1770 1927 1997 1977 aliquando,
2030 1928 2168 1964 relicto
2189 1927 2277 1973 deo,
2302 1926 2411 1976 quod
2438 1927 2489 1964 ad

1430 1989 1598 2026 divinam
1623 1989 1710 2024 vitae
1730 1987 2006 2024 beatitudinem
2026 1988 2158 2024 attinet
2174 1987 2404 2033 moriantur,
2432 1993 2490 2024 at-

1429 2061 1504 2098 que
1524 2048 1573 2085 ad
1608 2047 1723 2084 deum
1743 2046 1973 2085 revertendo
2007 2046 2055 2082 ad
2075 2058 2158 2083 eam
2184 2044 2487 2095 recuperandam

1428 2107 1681 2152 reviviscant,
1699 2113 1815 2155 atque
1838 2106 1936 2143 adeo
1955 2106 2031 2142 hoc
2045 2105 2164 2142 modo
2185 2106 2301 2142 vitam
2320 2105 2488 2142 divinam

1428 2174 1559 2215 agant,
1576 2166 1641 2202 illo
1661 2173 1784 2203 autem
1799 2192 1811 2212 ,
1835 2165 1967 2214 quoad
1983 2165 2206 2202 immortalis
2233 2171 2369 2202 natura
2387 2166 2487 2202 mori

1427 2233 1575 2274 potest,
1594 2226 1824 2274 moriantur,
1853 2237 1934 2261 non
1962 2224 2070 2273 quod
2092 2235 2172 2261 esse
2201 2223 2397 2274 desinant,
2423 2225 2487 2262 sed

1429 2284 1539 2333 quod
1558 2283 1662 2321 felici
1684 2285 1764 2320 vita
1784 2283 1979 2321 excidant.
2008 2284 2106 2319 Nam
2129 2283 2324 2319 rationalis
2344 2289 2488 2320 naturae

1427 2357 1531 2380 mors
1551 2351 1604 2380 est
1624 2343 1804 2380 alienatio
1831 2355 1853 2379 a
1882 2342 1955 2379 deo
1976 2350 2013 2379 et
2030 2349 2182 2389 mente,
2197 2341 2300 2379 unde
2313 2342 2426 2379 etiam
2446 2343 2487 2379 in

1427 2404 1506 2440 vita
1526 2403 1699 2451 sequitur
1715 2401 1920 2439 vehemens
1942 2400 2152 2438 affectuum
2165 2400 2317 2437 seditio.
2342 2402 2389 2439 In
2403 2413 2488 2439 me-

1429 2456 1573 2498 liorum
1610 2463 1712 2498 enim
1769 2461 1988 2511 ignorantia
2038 2459 2293 2498 deterioribus
2346 2461 2489 2498 servire

1428 2534 1580 2558 necesse
1606 2529 1680 2568 est,
1702 2534 1723 2558 a
1749 2522 1889 2570 quibus
1910 2534 1992 2557 non
2017 2521 2127 2557 aliter
2148 2520 2306 2556 liberari
2339 2517 2490 2574 [ratio—

1428 2583 1521 2619 nalis
1545 2580 1712 2632 natura]
1738 2588 1885 2631 potest,
1913 2594 2027 2630 quam
2049 2593 2093 2617 ea
2113 2593 2197 2629 quae
2219 2579 2488 2618 recordatione

1429 2641 1494 2688 fit,
1517 2642 1567 2678 ad
1592 2649 1758 2678 mentem
1776 2648 1813 2677 et
1832 2643 1956 2677 Deum
1974 2640 2238 2677 conversione.
2263 2640 2369 2676 Inter
2395 2637 2489 2676 deos

1429 2706 1556 2736 autem
1581 2700 1650 2748 qui
1670 2699 1905 2735 immortales
1929 2705 2118 2734 vocantur
2144 2704 2181 2733 et
2206 2696 2413 2743 mortales,
2430 2697 2487 2732 uti

1430 2759 1594 2795 diximus
1606 2785 1617 2804 ,
1633 2757 1730 2794 deos
1745 2769 1895 2794 necesse
1913 2764 1966 2794 est
1985 2768 2103 2806 genus
2121 2755 2319 2804 quoddam
2332 2754 2488 2792 homine

1429 2820 1620 2868 superius,
1644 2818 1718 2859 deo
1741 2823 1869 2853 autem
1888 2816 2045 2852 inferius
2070 2815 2138 2860 sit,
2161 2813 2268 2863 quod
2283 2825 2353 2850 suo
2371 2813 2489 2850 inter-

1428 2887 1546 2917 ventu
1575 2886 1747 2915 extrema
1767 2877 1868 2913 inter
1890 2888 1929 2912 se
1949 2882 2176 2920 connectat,
2198 2872 2296 2910 adeo
2321 2880 2367 2910 ut
2385 2879 2489 2911 totus

1431 2952 1562 2976 rerum
1592 2944 1830 2980 creatarum,
1869 2948 1953 2984 quae
1984 2935 2132 2971 ratione
2166 2932 2346 2982 praeditae
2368 2940 2483 2980 sunt,

1431 3006 1553 3036 coetus
1587 2998 1666 3047 ipse
1707 3007 1835 3033 secum
1872 2994 2033 3045 pulchre
2069 2994 2286 3042 copuletur.
2316 2991 2488 3029 Medium

1429 3071 1523 3095 vero
1556 3058 1633 3094 hoc
1660 3068 1779 3106 genus
1803 3067 1875 3091 nec
1904 3054 2019 3090 deum
2053 3065 2208 3102 prorsus
2239 3052 2394 3101 ignorat
2415 3064 2489 3089 un·

1431 3131 1545 3167 quarn
1561 3146 1571 3164 ,
1602 3129 1672 3153 nec
1692 3116 1849 3152 omnino
1876 3114 2046 3151 stabilem
2071 3120 2185 3162 atque
2205 3112 2367 3149 eandem
2380 3124 2487 3149 sem-

1430 3190 1501 3226 per
1527 3177 1607 3225 ejus
1638 3175 1817 3212 notitiam
1851 3173 1991 3218 habet,
2022 3172 2090 3208 sed
2134 3183 2284 3220 semper
2330 3170 2488 3220 quidem

1433 3236 1655 3287 cognoscit,
1674 3235 1783 3271 aliter
1803 3240 1929 3270 autem
1954 3240 2069 3281 atque
2092 3232 2203 3268 aliter
2222 3230 2487 3285 animumad-

1428 3296 1562 3344 vertit‚
1600 3301 1715 3343 atque
1740 3292 1858 3329 modo
1890 3292 2009 3340 magis
2043 3290 2161 3327 modo
2190 3290 2329 3326 minus.
2365 3286 2413 3325 In'
2434 3300 2482 3325 eo

1431 3356 1583 3404 utique,
1603 3353 1712 3403 quod
1740 3364 1891 3401 semper
1904 3353 2028 3388 Deum
2050 3350 2247 3399 cognoscit
2274 3349 2488 3385 humanum

1429 3427 1547 3464 genus
1565 3419 1739 3463 superat,
1754 3424 1799 3448 eo
1816 3423 1918 3447 vero
1937 3409 2044 3458 quod
2079 3422 2157 3445 non
2173 3409 2253 3445 sine
2276 3406 2488 3444 mutatione

1431 3485 1501 3510 nec
1522 3471 1660 3509 eodem
1674 3482 1824 3520 semper
1854 3469 1974 3506 modo
2004 3469 2201 3518 cognoscit
2230 3467 2362 3504 divino
2388 3465 2487 3502 infe-
