2612 3814
704 285 757 324 ΙΝ
796 285 1125 324 EMPEDOCLIS
1157 285 1450 327 CARMINUM
1484 289 1774 337 RELIQUIAS.

142 381 262 421 quem
278 381 436 407 versum
458 366 715 418 Empedocles
731 366 834 405 haud
853 367 936 405 scio
960 380 1009 406 an
1033 368 1206 406 imitatus

145 428 210 467 sit.
236 426 473 465 Sententiam
494 425 558 463 hic
579 437 802 477 expressam
834 439 913 464 non
935 427 1055 465 unius
1086 427 1206 467 fuisse

146 486 396 539 Empedoclis
432 485 610 524 indicant
640 485 804 524 Achillis
832 486 934 524 Tatii
966 486 1090 525 verba
1121 500 1208 538 quae

143 546 372 598 praecedunt
388 559 396 582 τ
414 547 436 591 ἡ
454 543 586 582 πλείων
602 542 684 589 δόξα
702 544 848 598 πρώτην
861 544 925 593 τὴν
936 546 1087 594 σελήνην
1100 545 1207 598 λέγει·

145 604 222 643 ἐπεὶ
239 603 300 643 καὶ
318 602 543 655 ἀπόσπασμα
563 606 625 642 τοῦ
643 603 744 651 ἡλίου
763 603 924 656 λέγουσιν
942 604 1065 653 αὐτήν,
1082 607 1128 650 ὡς
1147 605 1207 644 καὶ

145 663 397 716 Ἐμπεδοκλῆς
418 665 498 703 κτλ.

142 771 144 774 .
196 723 260 763 Vs.
283 725 374 768 246.
396 723 554 775 ἅρματος
572 723 670 775 κτλ.]
687 723 920 761 Plutarchus
937 723 985 761 de
1000 723 1088 763 Fac.
1113 722 1203 761 orb.

141 782 226 821 lun.
249 795 287 834 p.
308 782 402 833 925,
423 782 503 821 vol.
526 781 580 820 IX
607 796 648 834 p.
672 783 750 820 658
772 797 780 819 :
814 783 851 834 (ἡ
882 781 1029 832 σελήνη)
1051 784 1121 820 τῶν
1142 781 1204 833 μέν

138 840 174 892 γ’
194 841 334 894 ἄστρων
356 841 547 894 κατωτέρω
572 841 738 880 τοσοῦτόν
766 843 875 889 ἐστιν,
896 840 978 880 ὅσον
1005 842 1067 880 οὐκ
1087 840 1130 879 ἄν
1155 857 1207 886 τις

138 899 234 940 εἴποι
268 900 407 953 μέτρον.
438 931 448 941 .
482 931 492 941 .
526 930 536 940 .
566 903 630 948 τῆς
649 901 686 940 δὲ
721 905 785 952 γῆς
816 900 947 955 τρόπον
975 900 1056 940 τινὰ
1076 900 1203 954 ψαύει,

137 959 202 998 καὶ
233 959 489 1013 περιφερομένη
522 959 684 1008 πλησίον,
717 977 734 995 ι(
766 960 922 1012 ἅρματος
954 958 1074 1013 ὥσπερ
1108 959 1205 1013 ἴχνος

88 1058 91 1059 ⁷
140 1017 364 1059 ἀνελίσσει-αι
394 1019 510 1072 (φησὶν
529 1022 546 1057 ὁ
574 1020 839 1071 Ἔμπεδοκλῆς)
859 1019 924 1067 ἥτε
939 1020 1021 1072 περὶ
1037 1019 1165 1072 ἄκραν.
1189 1038 1204 1054 n

140 1078 308 1117 Versum
351 1078 652 1130 Empedocleum
685 1078 931 1117 multimodis
971 1079 1205 1131 interpretes

136 1149 162 1174 e
180 1137 317 1176 verbis
338 1150 361 1175 a
381 1137 592 1176 Plutarcho
611 1137 775 1176 servatis
792 1138 935 1176 elicere
955 1139 1084 1177 conati
1100 1148 1202 1179 sunt.

144 1195 466 1246 Wyttenbachius
479 1196 612 1247 posuit
625 1210 633 1234 :
644 1194 801 1248 ἅρματος
809 1194 932 1249 ὥσπερ
944 1194 986 1234 ἂν
1000 1195 1098 1249 ἴχνος
1109 1195 1202 1235 ἑλίσ-

139 1269 261 1304 σεται,
282 1258 304 1302 ἡ
325 1254 409 1308 περὶ
443 1254 569 1309 ἄκραν.
591 1255 740 1294 Contra
761 1255 939 1294 Sturzius
960 1257 1119 1308 scripsit
1149 1271 1157 1294 ε
1181 1259 1203 1304 ἡ

139 1315 220 1368 περὶ
239 1318 304 1367 γῆν
325 1318 371 1359 ὡς
391 1314 549 1367 ἅρματος
568 1312 665 1366 ἴχνος
691 1312 873 1369 ἑλίσσεται
900 1314 1027 1366 ἄκραν,
1047 1315 1202 1354 Karste-

138 1375 228 1412 nius
243 1388 252 1411 τ
269 1372 553 1427 ἅρματοςῶσπερ
570 1373 663 1426 ἴχνος
677 1372 975 1426 ἀνελίσσεταιγῆν
985 1373 1065 1427 περὶ
1078 1374 1201 1426 ἄκραν,

138 1432 462 1471 Panzerbieterus
483 1446 492 1469 :
514 1431 673 1483 ἅρματος
694 1430 815 1485 ὥσπερ
835 1431 930 1484 ἴχνος
943 1431 1054 1484 νύσσῃ
1069 1431 1203 1471 ἐνελίσ-

134 1506 237 1530 σεται
257 1490 349 1544 ἄκρῃ
371 1491 433 1529 vel
454 1490 648 1542 ἅρματοςε
630 1507 677 1535 ως
697 1490 778 1543 περὶ
798 1494 898 1543 χνοιὴ
927 1490 1118 1539 ἑλίσσεται,
1139 1491 1201 1540 ἥτε

264 1550 478 1589 ,Steinius
500 1551 609 1589 omni
643 1550 872 1602 conjectura
901 1551 1102 1590 abstinuit.
1122 1552 1202 1604 Ego

139 1609 416 1661 Empedoclem
440 1610 621 1661 suspicor
641 1623 853 1650 exarasse:
877 1609 1065 1665 ἅρματος(
1047 1627 1093 1655 ως
1107 1609 1202 1664 ἴχνος

136 1667 219 1720 περὶ
238 1671 304 1720 γῆν
322 1667 592 1708 ἀνελίσσεται”
568 1685 695 1722 ακραν,
714 1673 806 1708 luna
826 1673 922 1708 celat
937 1672 1059 1708 orbita
1074 1685 1202 1709 currus

131 1732 233 1765 circa
266 1737 378 1766 cerroe
408 1742 513 1766 oram
545 1731 782 1769 subvolvitur.
812 1729 957 1768 Eodem
985 1730 1102 1768 modo
1124 1731 1200 1769 ἀνε-

133 1785 311 1826 λίττεσθαι
332 1796 496 1839 usurpat
515 1789 657 1827 Aratus
676 1788 810 1828 Phaen.
830 1802 886 1828 vs.
912 1795 1003 1837 7¹4·

187 1846 253 1886 Vs.
290 1852 382 1895 247.
413 1848 510 1900 ἀθρεῖ
541 1848 635 1899 κτλ.]
669 1848 852 1886 laudatur
882 1862 905 1886 a
932 1847 1198 1887 Grammatico

133 1905 175 1944 in
197 1905 359 1944 Bekkeri
380 1906 528 1946 Anecd.
559 1908 642 1946 vol.
675 1907 691 1945 Ι
726 1922 767 1959 p.
800 1909 892 1956 337.
922 1909 1052 1946 Poetae
1077 1909 1200 1948 verba

135 1974 313 2017 apertum
334 1975 392 2004 est
411 1966 459 2004 ad
477 1967 609 2005 lunam
628 1968 780 2006 referri.
807 1968 873 2007 Sic
891 1968 1008 2007 etiam
1034 1968 1196 2008 Parme-

132 2024 244 2063 nides
262 2037 324 2067 vs.
352 2025 442 2070 145,
465 2024 533 2063 αἰεὶ
554 2025 804 2065 παπταίνουσα
817 2026 903 2078 πρὸς
923 2026 1034 2078 αὐγὰς
1050 2026 1194 2074 ἠελίοιο.

134 2085 329 2133 Quocirca
373 2084 472 2136 ἄθρει
514 2085 621 2136 quod
657 2094 716 2124 est
749 2086 854 2138 apud
885 2086 1194 2126 Grammaticum

132 2142 363 2182 Karstenius
394 2152 497 2182 recte
529 2145 696 2183 mutavit
727 2145 768 2183 in
799 2147 909 2197 ἀθρεῑ.
936 2145 1119 2184 Notabile
1139 2156 1196 2186 est

132 2215 275 2240 nomen
293 2200 382 2252 ἆγής
403 2202 518 2254 cujus
545 2217 662 2243 causa
690 2203 755 2242 hic
774 2204 996 2243 versiculus
1015 2218 1039 2242 a
1055 2205 1195 2243 Gram-

131 2261 276 2299 matico
310 2262 453 2300 citatur
481 2276 555 2314 pro
591 2263 810 2315 composito
832 2263 974 2315 εὖαγής.
1009 2262 1061 2302 Ut
1081 2265 1187 2302 enim

133 2319 388 2359 Parmenides
418 2334 477 2359 vs.
514 2323 587 2367 134
607 2321 725 2361 habet
749 2336 758 2360 ι
781 2321 927 2372 σήματα
948 2321 1009 2360 καὶ
1037 2325 1194 2375 καθαρᾶς

128 2377 270 2428 εὐαγέος
297 2378 452 2428 ἠελίοιο,
489 2381 544 2419 ita
572 2380 637 2419 hic
660 2380 918 2433 Empedocles
946 2380 1035 2434 ἆγέα
1066 2382 1193 2422 κύκλον

130 2437 242 2476 dixit.
261 2437 480 2490 Utrumque
496 2440 613 2478 modo
637 2442 848 2486 rotundum,
884 2441 1000 2480 modo
1019 2452 1190 2481 sanctum

128 2497 436 2549 interpretantur
458 2499 740 2547 Grammatici3
759 2513 837 2550 qua
858 2499 906 2537 de
927 2513 968 2539 re
987 2500 1056 2538 alii
1081 2513 1194 2540 accu-

130 2557 256 2594 ratius
289 2566 470 2606 egerunt.
503 2557 584 2597 Nos
617 2558 722 2610 apud
750 2558 1024 2597 Parmenidem
1054 2558 1102 2598 de
1132 2574 1194 2598 ro-

127 2612 266 2657 tando,
288 2609 354 2649 hic
375 2611 422 2649 de
439 2621 570 2649 sancto
603 2612 877 2661 intelligimus.
901 2611 1095 2651 Caeterum
1125 2627 1192 2665 pe-

130 2667 306 2707 nultimae
356 2683 443 2720 quae
489 2671 635 2722 corripi
689 2671 789 2709 solet
833 2670 1044 2722 productio
1090 2672 1193 2723 apud

129 2726 404 2766 Parmenidem
432 2737 469 2766 et
503 2728 578 2766 hoc
609 2728 697 2767 loco
726 2729 806 2767 arsi
839 2727 1089 2767 attribuenda
1116 2739 1189 2771 est.

181 2786 247 2825 Vs.
276 2787 476 2832 248-250.
495 2787 704 2827 ἐπεσκίασεν
719 2786 942 2839 δὲ-μήνης]
958 2788 1192 2828 Plutarchus

123 2844 176 2883 de
195 2845 280 2886 Fac.
299 2845 400 2885 Lun.
424 2861 462 2899 p.
484 2862 578 2899 929,
607 2848 689 2886 vol.
709 2847 762 2885 IX
782 2862 823 2899 p.
846 2850 923 2896 672
952 2847 1013 2888 ed.
1033 2848 1158 2887 Reisk.
1180 2863 1190 2886 z

129 2903 220 2952 αὕτη
241 2921 278 2943 τε
295 2905 363 2958 γὰρ
388 2907 422 2955 (ἡ
451 2907 595 2957 σελήνη)
625 2906 754 2954 ἄδηλός
786 2908 861 2946 ἐστι
888 2910 1101 2956 τηνικαῦτα,
1127 2908 1191 2946 κά-

124 2968 239 3003 κεῖνον
270 2964 341 3016 (τὸν
371 2964 483 3017 ἥλιον)
505 2966 688 3020 ἀπέκρυψε
721 2966 782 3006 καὶ
816 2965 965 3020 ἠφάνισε
995 2967 1188 3016 πολλάκις,

141 3024 391 3064 ιάπεσκεύασε
403 3024 441 3064 δέ
457 3027 489 3064 οἱ
502 3026 626 3078 αὐγάς,
642 3025 763 3079 ὥσπερ
781 3026 884 3080 φησὶν
896 3030 914 3066 ὁ
925 3026 1190 3078 Ἐμπεδοκλῆς,

124 3081 201 3121 ἔστ’
227 3076 308 3122 αἶαν
301 3084 560 3146 καθύπερθεν,
587 3085 833 3138 ἀπεσκνίφωσε
867 3085 904 3125 δὲ
932 3085 1035 3138 γαίης
1065 3086 1188 3125 τόσσον

126 3139 207 3182 ὅσον
231 3142 263 3182 τ’
284 3147 382 3196 εὖρος
401 3143 527 3185 ἔπλετο
549 3144 794 3198 γλαυκώπιδος
824 3145 960 3194 μήνης,
981 3165 997 3180 ιι
1027 3146 1188 3200 καθάπερ

127 3200 176 3246 εἷς
194 3199 304 3241 νύκτα
321 3203 381 3242 καὶ
398 3204 535 3253 σκότος,
556 3207 618 3244 οὐκ
638 3207 686 3251 εἰς
710 3205 836 3258 ἄστρον
857 3205 973 3257 ἕτερον
994 3210 1056 3244 τοῦ
1077 3205 1189 3259 φωτὸς

129 3260 354 3310 ἐμπεσόντος.
374 3263 488 3302 Pro’
470 3263 710 3304 απεσκεύασεν
731 3265 934 3316 Xylander
959 3275 997 3303 et
1014 3265 1188 3315 Scaliger

128 3318 381 3371 conjecerunt
417 3323 670 3373 ἀπεσκέδασεν,
702 3325 832 3364 minus
866 3334 967 3363 recte
997 3325 1186 3374 Bergkius

127 3378 356 3430 ἀπεσκίασεν,
371 3382 543 3422 Steinius
560 3383 782 3424 ἐπεσκίασεν.
806 3385 997 3423 Praeterea
1015 3384 1086 3422 ἔστ’
1105 3378 1185 3424 αἶαν

127 3435 325 3489 Xylander
341 3441 440 3480 bene
456 3445 648 3482 convertit
664 3445 705 3482 in
720 3445 755 3490 ἐς
771 3450 889 3496 γαῖαν,
906 3444 1084 3483 Sturzius
1102 3458 1187 3496 per-

128 3510 260 3548 peram
282 3500 322 3539 in
343 3500 416 3540 ἔστ’
433 3502 489 3540 ἐπ’
510 3497 605 3552 αἶαν,
625 3503 797 3543 Steinius
821 3517 870 3543 ne
894 3512 1077 3556 percepta
1094 3505 1186 3555 qui—

2271 297 2320 332 55

1266 369 1353 407 dem
1385 371 1576 408 sententia
1605 370 1781 420 ἱσταμένη
1802 370 2016 423 καθύπερθεν
2039 374 2154 412 initio
2183 387 2322 413 versus

1266 429 1362 480 poni
1378 429 1505 481 jussit.
1526 429 1622 467 Nam
1642 430 1748 481 quod
1763 430 1863 468 hanc
1883 433 2165 471 correctionem
2180 433 2332 479 Stohaei

1270 488 1348 527 Ecl.
1371 488 1487 540 phys.
1513 488 1545 536 Ι,
1579 488 1628 527 25
1661 502 1751 539 pag.
1787 489 1863 527 350
1895 491 2046 529 firmari
2077 493 2131 530 ait
2160 493 2320 532 fallit-ur.

1266 547 1422 600 Quippe
1438 562 1526 600 quae
1543 548 1602 587 ibi
1619 549 1804 599 leguntur
1832 548 1986 603 ἔκλειψιν
2014 550 2051 589 δὲ
2070 551 2248 602 γίγνεσθαι
2270 568 2326 592 σε·

1266 605 1375 654 λήνης
1392 607 1496 646 αὐτὸν
1511 606 1767 660 ὑπερχομένης,
1784 607 1846 646 his
1861 610 2102 647 contrarium
2119 611 2322 661 probatur.

1267 665 1420 704 Etenim
1443 666 1673 719 Empedocli
1692 666 1872 719 placebat
1888 668 1982 706 luna
2008 668 2222 717 subeunte,
2245 684 2325 709 non

1267 734 1513 777 superstante
1544 727 1667 764 solem
1703 726 1882 766 deficere.
1920 727 2046 766 Porro
2078 728 2325 782 ἀπεσκνίφωσε

1267 784 1500 825 Karstenius
1518 787 1686 825 mutavit
1699 787 1740 824 in
1759 785 2020 840 ε’πεσκνίφωσε,
2041 788 2146 838 quod
2165 788 2327 828 minime

1268 847 1545 883 necessarium.
1563 845 1754 884 Ultimum
1770 845 1939 898 denique
1954 859 2111 885 versum
2126 845 2327 898 Xylander

1266 912 1303 941 et
1322 903 1498 954 Scaliger
1523 905 1566 943 in
1591 905 1696 943 hunc
1716 905 1875 944 modum
1895 906 2151 944 restituerunt
2170 920 2178 943 ε
2201 906 2325 945 τόσσον

1265 960 1345 1001 ὅσον
1365 963 1396 1001 τ’
1419 958 1516 1017 εῧρος
1546 963 1791 1016 γλαυκώπιδος
1812 963 1938 1003 ἔπλετο
1967 964 2092 1016 μήνης.
2113 966 2178 1003 Sic
2197 975 2326 1004 autent

1265 1022 1485 1073 explicatur
1505 1023 1579 1062 hoc
1597 1025 1684 1063 loco
1704 1025 1800 1063 solis
1827 1024 1995 1063 defectio
2009 1055 2020 1073 ,
2039 1034 2082 1063 ut
2112 1024 2197 1076 ejus
2226 1026 2327 1064 radii

1266 1080 1369 1120 lunae
1388 1082 1548 1134 objectu
1568 1083 1795 1135 intersepiri
1818 1082 2001 1121 dicantur
2020 1096 2029 1123 :
2048 1086 2069 1130 ἡ
2092 1082 2222 1131 σελήνη
2245 1087 2328 1123 ἀπε-

1265 1141 1414 1180 σκέδασε
1433 1142 1496 1186 τὰς
1512 1147 1572 1182 τοῦ
1591 1142 1692 1190 ἡλίου
1714 1141 1823 1193 αὐγὰς
1841 1141 1905 1186 τὰς
1923 1142 2139 1194 καθύπερθεν
2163 1142 2324 1194 (ἄνωθεν)

1265 1202 1314 1244 εἷς
1335 1199 1399 1248 τὴν
1417 1205 1482 1253 γῆν
1502 1203 1710 1254 τεταμένας.
1734 1203 1837 1241 Hinc
1857 1202 2063 1242 Lucretius
2083 1203 2155 1242 lib.
2183 1203 2228 1251 V,
2248 1204 2321 1252 751

1265 1273 1375 1311 seqq.

1348 1368 1422 1391 nam
1440 1368 1499 1392 cur
1515 1360 1591 1392 luna
1607 1363 1707 1402 queat
1720 1362 1838 1393 terram
1856 1360 2022 1393 secludere
2037 1360 2114 1393 solis

1346 1406 1467 1439 lumine
1485 1408 1517 1440 et
1534 1417 1552 1439 a
1571 1409 1666 1441 terris
1681 1408 1782 1440 altum
1800 1409 1897 1448 caput
1914 1407 2084 1440 obstruere
2098 1408 2158 1447 eii,

1345 1454 1501 1495 objiciens
1519 1464 1644 1488 caecum
1662 1456 1757 1488 radiis
1771 1455 1958 1489 ardentibus
1973 1457 2098 1490 orbem.

1262 1545 1319 1583 De
1338 1545 1510 1596 epitheto
1523 1547 1728 1598 γλαυκῶπις
1747 1547 1914 1585 tenenda
1931 1561 2018 1598 quae
2032 1547 2149 1586 refert
2168 1547 2322 1586 Plutar-

1262 1603 1357 1643 chus
1378 1604 1483 1643 libro
1503 1604 1551 1643 de
1570 1604 1666 1643 Orb.
1687 1605 1787 1644 Lun.
1809 1620 1849 1658 p.
1872 1607 1971 1656 934,
1991 1607 2072 1646 vol.
2105 1606 2159 1644 IX
2185 1621 2221 1658 p.
2245 1609 2324 1658 689

1261 1663 1322 1701 ed.
1358 1663 1490 1703 Reisk.
1522 1663 1559 1702 Is
1573 1693 1584 1711 ‚
1623 1677 1804 1702 auroram
1840 1678 1979 1704 versus
1993 1694 2004 1713 ‚
2042 1667 2191 1718 inquit,
2230 1668 2324 1707 luna

1262 1722 1434 1761 colorem
1463 1723 1607 1775 accipit
1637 1724 1822 1771 κυανοειδῆ
1851 1723 1913 1762 καὶ
1940 1725 2120 1777 χαροπήν,
2142 1720 2259 1778 ἀφ’ἧς
2279 1727 2321 1775 δὴ

1260 1782 1320 1820 καὶ
1350 1782 1509 1833 μάλιστα
1529 1784 1736 1835 γλαυκῶπιν
1758 1782 1867 1830 αὐτὴν
1887 1785 1918 1822 οἱ
1935 1784 2080 1832 ποιηταὶ
2100 1785 2160 1824 καὶ
2184 1785 2323 1837 Ἐμπε·

1262 1842 1389 1888 δοκλῆς
1423 1843 1696 1881 ἀνακαλοῦνται.
1728 1843 1814 1882 Huc
1846 1844 2018 1895 pertinet
2054 1846 2323 1895 Agesianactis

1260 1900 1309 1940 de
1332 1901 1427 1940 luna
1445 1901 1593 1940 dictum
1615 1903 1719 1954 apud
1737 1903 1937 1942 Plutarch.
1960 1904 1987 1942 l.
2015 1918 2050 1944 c.
2072 1917 2160 1956 pag.
2183 1920 2260 1956 920
2284 1921 2292 1944 :

1313 2000 1414 2033 πᾶσα
1451 1994 1514 2047 μὲν
1546 1995 1610 2044 ἥδε
1638 1996 1737 2050 πέριξ
1767 1996 1850 2050 πυρὶ
1882 1996 2083 2049 λάμπεται,
2116 1999 2150 2037 ἐν
2189 2000 2219 2037 δ’
2252 1998 2322 2053 ἄρα

2187 2058 2321 2112 [μέσση

1312 2114 1547 2167 γλαυκότερον
1566 2114 1711 2154 κυάνοιο
1729 2115 1909 2169 φαείνεται
1925 2115 2010 2164 ἠΰτε
2030 2117 2176 2170 κούρης·

1312 2173 1414 2225 ὄμμα
1431 2174 1491 2212 καὶ
1509 2173 1600 2228 ὑγρὰ
1618 2174 1778 2226 μέτωπα.

1256 2267 1507 2319 Quapropter
1541 2268 1640 2306 illud
1672 2268 1875 2320 epitheton
1897 2269 1946 2307 de
1976 2270 2071 2308 luna
2089 2281 2319 2323 usurpatum

1257 2327 1451 2366 albentem
1474 2326 1560 2378 ejus
1584 2328 1832 2379 splendorem
1857 2337 1980 2369 notat.

1308 2387 1374 2425 Vs.
1396 2387 1489 2424 251.
1508 2386 1618 2426 νύκτα
1635 2386 1670 2425 δὲ
1694 2387 1775 2438 κτλ]
1789 2388 2023 2427 Plutarchus
2046 2389 2122 2435 Qu
2160 2390 2316 2431 Platon.

1255 2460 1296 2498 p.
1323 2447 1437 2492 1006,
1459 2446 1541 2483 vol.
1564 2445 1707 2497 Xpag.
1735 2446 1841 2485 185.
1832 2448 1890 2485 ὀι
1918 2446 1986 2500 γὰρ
2014 2449 2083 2487 τῶν
2113 2449 2317 2518 ωρολογιίι)ν

1255 2499 1432 2550 γνώμονες
1450 2499 1489 2537 οὔ
1509 2499 1834 2550 συμμεθιστάμενοι
1849 2505 1927 2544 ταῖς
1944 2506 2078 2549 σκιαῖς,
2097 2502 2189 2540 ἀλλὰ
2206 2505 2319 2542 ἑστῶ-

1254 2574 1330 2606 τες,
1363 2557 1496 2611 ὄργανα
1530 2557 1591 2597 καὶ
1619 2558 1746 2611 χρόνου
1776 2558 1890 2612 μέτρα
1912 2560 2077 2634 γεγόνασι
2105 2561 2316 2613 μιμούμενοι

1254 2620 1315 2664 τῆς
1330 2620 1394 2669 γ’ἧς
1410 2617 1448 2655 τὸ
1463 2619 1696 2679 ἐπιπροσθοῦν
1714 2620 1764 2656 τῶ
1784 2618 1874 2672 ἡλίω
1892 2619 1973 2671 περὶ
2000 2619 2107 2666 αὐτὴν
2137 2623 2247 2670 ὓποφε
2233 2637 2316 2675 ρο·-

1255 2676 1369 2738 μένῳ,
1400 2676 1561 2738 καθάπερ
1595 2680 1692 2716 εἶπεν
1726 2677 1998 2728 Ἐμπεδοκλῆς,
2028 2678 2138 2718 νύκτα
2171 2680 2207 2718 δὲ
2238 2683 2315 2720 κτλ.

1254 2730 1279 2769 i.
1291 2743 1327 2770 e.
1338 2730 1817 2781 «etenimhorologiorum
1829 2745 1989 2783 quoque
2003 2746 2221 2782 gnomones
2236 2749 2317 2774 non

1253 2790 1347 2840 quia
1371 2802 1450 2827 una
1471 2803 1559 2828 cum
1580 2789 1733 2829 umbris
1765 2791 1895 2830 locum
1924 2800 2097 2840 mutent,
2118 2793 2186 2840 sed
2220 2794 2317 2845 quia

1253 2862 1324 2887 suo
1349 2849 1391 2887 in
1413 2849 1497 2887 loco
1520 2849 1759 2902 persistunt,
1783 2850 2043 2890 instrumenta
2071 2861 2162 2890 sunt
2189 2853 2314 2892 dime-

1253 2909 1375 2948 tiendi
1408 2910 1600 2962 temporis
1633 2924 1642 2948 :
1673 2924 1798 2962 eoque
1815 2919 1957 2949 terram
1985 2912 2204 2959 imitantur,
2227 2926 2314 2964 quae

1252 2969 1346 3007 solis
1371 2970 1474 3007 infra
1500 2970 1626 3022 ipsam
1653 2970 1771 3009 delati
1800 2971 1930 3009 lumen
1963 2971 2190 3022 intercipit,
2213 2972 2315 3011 sicut

1251 3030 1305 3067 ait
1331 3028 1586 3081 Empedocles
1605 3047 1621 3063 ιι
1649 3038 1724 3070 etc.
1756 3029 1814 3070 ld.
1842 3030 1890 3069 de
1921 3030 2004 3069 Fac.
2035 3030 2122 3068 or.b
2152 3031 2234 3070 lun.
2259 3031 2313 3071 IX

1250 3102 1276 3141 p
1307 3088 1418 3138 752.
1437 3087 1499 3136 τὴν
1524 3088 1560 3128 δὲ
1580 3088 1690 3128 νύκτα
1715 3105 1860 3136 ποιηται
1886 3088 1948 3140 μὲν
1981 3091 2019 3127 ἐκ
2047 3092 2112 3139 γῆς
2134 3104 2314 3140 γεγονεναι

1251 3150 1503 3200 μυθολογοῦσι,
1529 3148 1773 3200 μαθηματικοὶ
1790 3147 1827 3186 δὲ
1847 3147 1950 3187 σκιὰν
1970 3151 2033 3198 γῆς
2049 3151 2158 3187 οὖσαν
2175 3149 2313 3188 ἀποδει-

1249 3206 1422 3255 κνύουσιν,
1444 3206 1744 3261 ἀντιφραττούσης
1760 3206 1845 3260 πρὸς
1864 3207 1922 3245 τὸν
1941 3206 2051 3254 ἥλιον.
2070 3207 2313 3259 Simpliciter

1248 3266 1402 3306 Plinius
1423 3267 1523 3309 Hist.
1543 3276 1622 3305 nat.
1639 3267 1693 3314 ΙΙ,
1715 3281 1783 3305 10:
1812 3284 1828 3301 «
1847 3265 2005 3305 Noctem
2026 3266 2308 3318 (Empedocles)

1248 3335 1362 3377 negat
1386 3327 1492 3365 aliud
1513 3339 1596 3366 esse
1614 3340 1728 3378 quam
1746 3335 1858 3364 terrae
1875 3325 2071 3364 umbram.
2097 3342 2111 3359 ιι
2137 3325 2214 3363 Pro
2234 3327 2312 3378 ὑφι-

1250 3385 1408 3436 σταμένη
1428 3386 1604 3436 Scaliger
1620 3399 1699 3424 non
1720 3386 1821 3423 male
1843 3384 2043 3424 Plutarchi
2060 3383 2193 3422 verbis
2222 3398 2310 3421 con-

1246 3446 1451 3484 venienter
1479 3445 1647 3496 conjecit
1666 3444 1905 3497 ἐφισταμένη,
1937 3443 2005 3482 sed
2035 3443 2224 3484 servanda
2253 3451 2311 3481 cst

1250 3504 1420 3555 vulgata.
