2612 3814
0 3680 27 3806 mmm*

1069 204 1409 244 FRAGMENTA,

147 292 300 346 καθέδρα
329 290 479 342 ὁμοίως,
501 289 671 343 ὅρθωσις,
691 290 850 342 πρηνής,
871 290 976 330 ὑπτία
991 297 1019 340 ²¹,
1039 292 1094 331 ἐπ’
1113 294 1211 346 ὄρθο-

147 353 263 406 γωνίῳ
291 353 342 404 τῷ
373 352 441 389 τῶν
476 349 633 401 γονάτων
665 349 844 403 σχήματι,
864 350 925 390 καὶ
947 351 1210 406 ἅμὸλυγωνίῳ,

146 412 208 450 καὶ
228 410 377 456 ἐναλλὰξ
401 414 470 450 τῶν
501 410 632 457 ποδῶν,
653 408 676 457 ἢ
705 410 819 454 ἄλλως
852 411 1071 463 διακειμένη·
1089 411 1142 460 ῧῆ
1174 428 1211 451 τε

148 471 330 515 ἀνάκλισις
361 469 528 514 ὡσαύτως
556 469 579 517 ἢ
612 469 718 509 ὑπτία
743 474 760 493 ⁰
787 470 986 519 ἀνάκειται,
1018 471 1041 520 ἢ
1073 471 1210 526 πρηνὴς

147 530 207 569 καὶ
241 531 388 582 πλάγιος
409 529 577 577 ἐκτάδην,
600 528 623 577 ἢ
645 529 860 580 ἧπλωμένως
874 560 885 579 ,
905 529 927 579 ἢ
948 533 983 570 ἐν
1006 532 1184 586 καμπύλῳ
1199 562 1209 580 ,

145 588 169 636 ἢ
193 592 322 643 σκολιῷ
347 592 396 642 τῷ
426 588 601 640 σχήματι.
665 589 735 629 Καὶ
766 591 887 635 ἁπλῶς
914 591 1057 640 ποικίλη
1086 590 1117 640 ²¹,
1151 592 1211 631 καὶ

147 651 184 688 οὗ
206 647 385 700 μονοειδὴς
405 651 427 695 ἡ
452 647 634 701 διαίρεσις.
693 648 778 689 Ἔτι
794 650 986 703 διαιρέεται
1003 650 1044 690 τὸ
1070 651 1212 690 κέεσθαι

147 708 208 748 καὶ
225 710 273 754 εἷς
291 708 409 761 χύσιν,
433 710 480 752 ὥς
508 707 567 746 ἐπὶ
586 713 647 748 τοῦ
665 707 782 758 σίτου,
805 709 956 763 ψάμμου
969 739 980 758 ,
1005 709 1124 749 ἐλαίου
1151 710 1211 749 καὶ

148 768 294 816 ὕδατος,
313 767 373 806 καὶ
396 770 466 806 τῶν
500 767 646 816 λοιπῶν,
671 767 736 808 ὅσα
769 771 832 807 τοῦ
859 767 1001 808 κέεσθαί
1028 770 1097 808 ε’ντι
1124 767 1212 822 ξηρὰ

147 826 230 866 ὄντα
242 857 251 875 ,
270 826 331 866 καὶ
349 826 380 865 εἴ
392 842 425 864 τι
443 829 550 878 ὑγρᾶς
563 827 778 880 γνωρίζομεν
794 826 943 882 φύσεως.
1006 828 1076 868 Καὶ
1093 827 1212 879 μέντοι

145 887 206 926 καὶ
235 887 276 927 τὸ
307 887 494 935 ἡπλῶσθαι
514 889 574 925 τοῦ
600 888 738 927 κεῖσθαί
758 889 866 936 ἐστιν,
887 889 933 932 ὡς
950 888 1009 927 ἐπὶ
1031 887 1127 926 λίνου
1151 888 1212 927 καὶ

145 949 214 987 τῶν
236 947 426 987 ἐπιπλόων.

204 1007 397 1060 (Scripsit
427 1013 441 1032 ³
465 1007 597 1055 ὑπτία;
635 1007 729 1047 libri
773 1007 907 1053 ὕπτιος.
930 1006 947 1032 ¹³
980 1007 1209 1059 διακειμένης

146 1068 261 1106 codd.
285 1066 519 1117 διακείμενος.
540 1072 555 1090 ⁰
578 1067 710 1116 ὑπτία;
729 1067 824 1107 libri
841 1067 976 1112 ὕπτιος.
1003 1069 1019 1093 ‘¹
1039 1067 1205 1114 ποικίλη;

145 1127 260 1168 codd.
282 1127 450 1171 ποικίλος.

289 1233 460 1271 ΛΟΓΟΣ
489 1233 730 1272 ΔΕΚΑΤΟΣ
758 1208 862 1272 Tor
891 1231 1069 1272 ExssiN.

203 1331 266 1375 ις’.
298 1332 351 1372 Τὸ
386 1331 421 1370 δὲ
454 1331 544 1385 ἔχειν
574 1333 621 1375 εἷς
653 1331 830 1383 περίθεσιν
862 1331 1072 1383 διαιρέεται,
1100 1334 1146 1373 ὡς
1174 1330 1213 1367 τὸ

132 1520 204 1552 ,aut
228 1516 386 1549 ambobus
404 1516 540 1558 pedibus
555 1518 612 1549 aut
629 1516 687 1550 uni
713 1516 903 1550 insistamus
922 1530 930 1550 :
945 1516 1095 1549 similiter
1109 1517 1213 1549 sessio

147 1578 197 1609 est
218 1578 345 1617 erecta,
361 1583 478 1617 prona,
497 1577 631 1618 supina,
649 1586 790 1619 genuum
810 1578 911 1618 ligura
936 1577 987 1609 vel
1011 1579 1136 1609 rectum
1162 1577 1212 1608 vel

147 1636 303 1669 obtusum
329 1637 483 1677 angulum
511 1637 687 1678 referente,
708 1628 911 1679 pedibusque
934 1637 1130 1670 decussatim
1153 1647 1211 1678 po·

147 1697 239 1737 sitis,
254 1696 306 1730 vel
319 1697 415 1729 aliam
435 1697 530 1730 habet
545 1698 684 1739 speciem
704 1711 711 1730 :
728 1698 909 1739 eodemque
931 1698 1029 1730 modo
1052 1698 1213 1730 accubitio

149 1756 199 1789 vel
221 1756 335 1798 supina
355 1758 402 1790 est
419 1757 470 1790 vel
495 1767 595 1799 prona
618 1759 650 1791 et
670 1759 803 1791 extento
821 1758 872 1791 vel
901 1759 1051 1800 porrecto
1075 1767 1213 1799 corpore

148 1816 279 1858 obliqua
293 1841 302 1858 ,
331 1817 381 1850 vel
417 1817 564 1850 incurvae
594 1817 644 1851 vel
679 1819 836 1851 tortuosae
871 1818 984 1851 formae
1020 1818 1210 1851 assimilata.

148 1877 289 1910 Omnino
302 1877 389 1910 varia
405 1887 441 1910 ac
455 1887 520 1910 non
535 1877 706 1911 uniformis
719 1878 835 1911 divisio
850 1882 911 1911 est.
956 1880 1116 1912 Praeterea
1131 1880 1212 1912 situs

148 1937 181 1970 in
199 1937 358 1971 fusionem
372 1938 529 1970 dividitur
542 1947 606 1980 qua
626 1947 706 1972 voce
721 1938 844 1971 utimur
858 1938 949 1971 verbi
966 1948 1064 1971 causa
1080 1939 1119 1971 de
1132 1948 1211 1980 pane

148 1997 339 2039 loquentes,
367 1997 407 2029 de
427 2006 540 2038 arena,
561 1998 601 2030 de
618 1998 690 2031 oleo
710 1999 741 2031 et
767 2007 850 2039 aqua
876 1999 908 2031 et
931 1998 1061 2040 reliquis
1091 1999 1187 2031 rebus
1200 2023 1209 2039 ‚

124 2104 127 2106 -
148 2065 223 2098 qum
236 2056 343 2096 jacere
365 2057 517 2089 dicuntur
530 2066 632 2098 quum
658 2057 753 2090 siccae
780 2057 844 2090 siut
863 2057 913 2089 vel
935 2058 962 2089 si
983 2058 1059 2098 quid
1079 2058 1212 2090 humida

148 2116 321 2157 praeditum
359 2118 473 2149 natura
516 2116 739 2158 cognovimus.
791 2117 862 2150 sed
898 2126 1040 2158 expansa
1083 2127 1210 2159 quoque

147 2177 253 2216 jacere
268 2175 432 2216 dicuntur,
447 2175 532 2216 quod
548 2174 580 2208 in
597 2175 675 2208 retia
689 2176 787 2217 atque
803 2179 932 2208 omenta
949 2177 1114 2209 convenit.

371 2273 530 2304 DECIMA
555 2272 742 2304 HABENDI
767 2273 989 2305 DEFINiTlO.

192 2367 280 2400 xvi.
307 2366 454 2399 Habendi
484 2367 575 2400 nolio
600 2367 632 2399 in
660 2368 764 2409 partes
790 2367 892 2400 divisa
912 2368 1048 2410 pertinet
1070 2368 1210 2409 primum

2255 217 2332 251 575

1272 292 1523 342 ὑποδεδέσθαι,
1553 293 1753 343 ὡπλίσθαι,
1783 295 2023 335 ἐσκεπάσθαι·
2047 296 2093 341 εἴς
2124 314 2161 336 τε
2190 297 2335 346 ἔνθεσιν,

1272 354 1319 397 ὡς
1336 351 1393 391 ἐπὶ
1412 352 1580 403 μεδίμνου
1595 352 1655 391 καὶ
1673 352 1843 406 κεραμίου
1860 354 1919 393 καὶ
1932 357 2002 394 τῶν
2015 357 2148 396 λοιπῶν
2167 357 2332 410 ἀγγείων.

1272 411 1434 465 Λέγομεν
1451 411 1542 465 γάρ,
1561 411 1690 466 πυροὺς
1712 412 1805 466 ἔχειν
1836 414 1894 452 τὸν
1916 416 2097 466 μέδιμνον,
2116 416 2138 464 ἢ
2160 412 2250 456 οἶνον
2275 417 2334 457 τὸν

1273 470 1440 524 κέραμον.
1505 471 1576 511 Καὶ
1599 473 1646 516 εἷς
1669 474 1819 512 πλοῦτον
1848 473 1908 512 καὶ
1928 477 2067 523 κτῆσιν,
2089 470 2158 515 οἷον
2184 478 2334 518 πλοῦτον

1273 531 1380 585 ἔχων,
1402 531 1521 585 ἀγρόν,
1540 533 1678 586 ζεῦγος,
1696 533 1758 572 καὶ
1778 532 1822 572 τὰ
1844 533 1976 579 τούτοις
1993 535 2241 589 παραπλήσια,

1329 692 1496 746 Ἀρχύτας
1506 693 1675 746 ἀναγνοὺς
1686 693 1743 733 τὸν
1757 693 2033 748 Ἐρατοσθένους
2052 695 2189 751 Ἑρμῆν
2212 702 2332 738 τοῦτον

1273 752 1420 806 ἐπῄνεσε
1442 753 1497 792 τὸν
1519 753 1652 807 στίχον·

1327 849 1446 902 Χρειὼ
1462 849 1566 890 πάντ’
1582 849 1717 895 ἐδίδαξε
1728 880 1739 899 ,
1753 850 1787 888 τί
1801 850 1831 888 δ’
1848 851 1885 890 οὗ
1903 850 2012 904 χρειώ
2029 866 2087 890 κεν
2106 851 2260 906 ἄνεύροι;

1273 938 1333 977 καὶ
1351 942 1486 977 τοῦτον·

1329 1027 1514 1068 Ὀοθοῧσιν
1534 1028 1593 1067 καὶ
1617 1028 1751 1079 μᾶλλον
1770 1029 1977 1087 ἕπωδίνουσι
1994 1030 2176 1083 μέριμναι.

1330 1123 1518 1169 (Stobaeus
1535 1123 1670 1163 Floril.
1690 1123 1801 1172 XCV,
1827 1125 1888 1165 15.
1907 1124 1982 1164 Sed
2009 1125 2074 1164 hic
2095 1126 2289 1178 Archytas
2312 1140 2334 1165 a

1274 1183 1489 1221 Tarentino
1506 1183 1688 1223 diversus
1706 1184 1808 1237 fuit.)

1738 1278 1862 1324 Τέλος.

1275 1516 1314 1547 ad
1343 1524 1395 1548 res
1422 1515 1637 1556 imponendas
1668 1517 1704 1549 ut
1735 1517 1977 1559 calceamenta,
2004 1528 2117 1559 arma,
2142 1519 2328 1552 velamina:

1274 1575 1390 1607 deinde
1403 1574 1443 1608 ad
1458 1575 1694 1616 immittendas;
1710 1576 1795 1623 quod
1813 1575 1853 1609 de
1870 1576 2033 1610 medimno
2044 1602 2054 1618 ,
2070 1579 2149 1611 testa
2162 1580 2194 1611 et
2207 1578 2337 1621 reliquis

1275 1634 1362 1667 vasis
1376 1634 1439 1668 dici
1454 1636 1588 1668 constat.
1613 1635 1736 1668 Dicitur
1749 1635 1835 1668 enim
1850 1636 2032 1669 medimnus
2046 1637 2163 1670 habere
2177 1637 2335 1679 triticum,

1274 1696 1356 1726 testa
1386 1694 1509 1727 vinum.
1557 1694 1703 1736 Denique
1720 1694 1759 1727 ad
1789 1695 1919 1728 divitias
1943 1698 1975 1728 et
2001 1696 2168 1729 facultates
2191 1698 2332 1738 spectat;

1270 1756 1324 1790 ,est
1344 1754 1431 1786 enim
1458 1755 1517 1796 qui
1545 1754 1661 1788 habeat
1690 1754 1839 1797 divitias,
1864 1765 1998 1797 agrum,
2026 1756 2212 1789 vehiculum
2237 1759 2337 1799 alque

1274 1813 1391 1846 horum
1407 1813 1534 1846 similia.

1314 1965 1472 2006 Archytas
1490 1974 1592 2007 quum
1609 1965 1832 1999 Eratosthenis
1850 1966 2047 2000 Mercurium
2077 1966 2224 2008 legisset,
2247 1966 2334 2000 lium

1272 2032 1399 2057 versum
1422 2024 1563 2057 laudavit
1585 2038 1592 2058 :

1308 2114 1474 2143 Necessitas
1494 2113 1595 2144 omnia
1616 2114 1733 2144 docuit.
1775 2116 1856 2150 Quid
1873 2115 1955 2144 enim
1976 2123 2039 2145 non
2056 2115 2105 2146 illa
2119 2114 2281 2147 inveniat?

1272 2190 1303 2222 et
1323 2188 1413 2220 illum
1433 2201 1441 2221 ε

1309 2276 1398 2306 Curae
1416 2275 1583 2305 emendant
1595 2277 1626 2306 et
1645 2275 1732 2313 plura
1745 2274 1930 2312 parturiunt.

1749 2370 1847 2404 Finis.
