2612 3814
278 239 353 273 420

273 336 347 372 γον.
404 317 509 358 Αἷτία
522 316 591 370 γὰρ
612 319 676 364 τῆς
698 317 770 354 τῶν
790 313 931 353 πάντων
953 312 1127 360 ποιήσεως
1147 313 1243 365 αὐτῷ
1260 312 1319 350 οὗ·

273 378 377 430 δεμία
398 377 488 424 ἄλλη
511 375 697 429 πρόσεστιν
729 373 869 423 εὔλογος
898 371 993 420 πλὴν
1014 374 1075 418 τῆς
1094 373 1174 410 κατ’
1197 370 1318 409 οὐσίαν

274 437 498 489 ἀγαθότητος.
558 435 697 486 Ἀγαθὸς
715 433 783 487 γὰρ
803 428 864 483 ἦν,
883 433 1001 485 φησίν·
1019 433 1141 484 ἀγαθῷ
1162 431 1198 470 δὲ
1211 431 1321 474 οὐδεὶς

272 493 352 548 περὶ
371 494 505 538 οὐδενὸς
523 493 687 533 οὐδέποτε
707 494 879 545 ἐγγίνεται
897 491 1034 545 φθόνος.
1092 492 1139 530 Αἱ
1162 489 1197 528 δὲ
1217 489 1317 541 παρὰ

272 551 335 603 τὴν
349 551 556 606 ἶίγαθότητα
575 553 762 605 λεγόμεναι
775 552 884 590 αἰτίαι
900 554 961 598 τῆς
978 549 1205 602 δημιουργίας
1221 550 1320 586 τοῦδε

271 618 332 653 τοῦ
350 613 479 656 παντὸς
508 613 742 664 ἀνθρωπίναις
774 613 907 662 μᾶλλον
938 609 1190 661 περιστάσεσιν
1220 606 1242 653 ἢ
1267 610 1318 660 τῷ

272 673 339 724 θεῷ
358 670 562 725 πρέπουσιν.
619 670 763 722 Ἀγαθὸς
783 670 824 717 δὴ
846 668 894 707 ὢν
921 668 983 717 τὴν
1001 667 1123 706 οὐσίαν
1142 670 1161 706 ὁ
1184 666 1258 709 θεὸς
1277 666 1320 703 τὰ

274 730 429 779 μάλιστα
461 728 671 780 ὡμοιωμένα
703 731 797 781 αὑτῷ
828 729 952 779 πρῶτα
982 725 1081 779 φύσει
1112 724 1291 776 προήγαγε
1310 753 1321 772 ,

273 788 334 827 καὶ
355 788 495 841 δεύτερα
509 818 519 837 ,
548 787 590 826 τὰ
610 786 673 834 τὴν
694 785 803 837 μέσην
828 783 1018 835 ὁμοιότητα
1034 782 1119 835 πρὸς
1139 784 1241 821 αὑτὸν
1262 797 1320 820 κε·

274 846 456 898 κτημένα,
478 847 577 898 τρίτα
594 846 629 884 δὲ
650 846 711 884 καὶ
731 845 865 896 ἔσχατα
887 842 1029 881 πάντων
1056 844 1125 880 τῶν
1159 840 1320 880 ἐοικότων

274 908 368 958 αὑτῷ
387 906 431 944 τὰ
454 907 539 958 πρὸς
555 906 617 952 τὴν
647 903 742 942 θείαν
766 903 932 953 ὁμοίωσιν
952 901 1108 952 μάλιστα
1133 899 1317 952 ὑφειμένα.

272 967 330 1016 Τῇ
362 964 398 1003 δὲ
421 963 521 1017 οὐσία
552 966 620 1001 τῶν
652 961 842 1014 γινομένων
878 960 1067 1013 σύνδρομος
1087 953 1128 1006 ἧν
1163 961 1185 1006 ἡ
1204 958 1318 1007 τάξις,

248 1022 258 1076 -’
273 1023 362 1062 ὥστε
379 1023 418 1062 τὸ
438 1023 537 1076 φύσει
554 1027 710 1075 κρεῖττον
724 1018 1006 1073 προτεταγμένον
1027 1012 1115 1057 εἶναι
1128 1020 1186 1056 τοῦ
1207 1033 1321 1056 κατα-

274 1082 453 1135 δεεστέρου
475 1081 510 1121 ἔν
530 1097 568 1119 τε
594 1086 666 1124 τοῖς
698 1077 791 1122 ὅλοις
820 1077 953 1130 γένεσιν
982 1077 1042 1116 καὶ
1070 1078 1106 1116 ἐν
1138 1076 1210 1121 τοῖς
1242 1076 1324 1115 καθ’

273 1141 419 1179 ἕκαστον
438 1140 535 1192 γένος
561 1138 623 1185 τὴν
651 1140 729 1177 κατ’
764 1131 851 1181 εἶδος
872 1136 1044 1176 ὑπόὸασιν
1074 1134 1319 1186 κεκτημένοις.

221 1250 226 1254 ⁴
273 1201 327 1239 Οὐ
346 1197 414 1251 γὰρ
442 1198 566 1251 τύχαις
586 1198 778 1250 ἐκληροῦτο
803 1194 866 1242 τὴν
891 1194 987 1240 τάξιν
1010 1194 1054 1232 τὰ
1078 1192 1214 1242 πάντα,
1245 1193 1322 1232 οὐδὲ

274 1257 511 1310 προαιρέσεων
533 1255 765 1308 μεταὸολαῖς,
797 1253 887 1293 ἀλλὰ
916 1253 1034 1304 νόμοις
1063 1254 1324 1306 δημιουργικοῖς

275 1316 424 1370 διάφορα
447 1317 620 1368 προήγετο
634 1344 645 1363 ,
675 1314 736 1353 καὶ
756 1313 819 1360 τὴν
845 1312 941 1358 τάξιν
964 1312 1134 1363 ἀνάλογον
1156 1312 1231 1356 ταῖς
1251 1314 1320 1350 τῶν

276 1374 411 1428 φύσεων
434 1374 543 1420 ἀξίαις
559 1374 743 1426 ἐλάγχανε.
800 1371 877 1411 Διὸ
901 1371 953 1410 τὸ
984 1371 1104 1424 νόμῳ
1140 1372 1194 1415 ὡς
1231 1370 1324 1408 διά-

275 1449 467 1483 κεινται,
486 1433 596 1486 τίμα
612 1435 650 1471 οὗ
672 1431 773 1484 μόνον
796 1431 853 1469 ἐπὶ
866 1433 934 1469 τῶν
952 1430 1184 1469 ἀθανάτων
1209 1431 1325 1478 θεῶν,

275 1491 368 1532 ἀλλὰ
387 1493 446 1532 καὶ
466 1492 607 1531 ἐπὶτῶν
635 1493 806 1543 ἀγαυῶν
822 1493 844 1537 ἡ
857 1505 875 1541 ρ
890 1488 979 1527 ώων
1001 1488 1149 1528 καὶτῶν
1167 1489 1326 1541 ἀνθρω-

278 1553 415 1593 πίνων
462 1554 517 1606 ψυ
531 1554 621 1604 χῶν
669 1552 789 1592 κοινῶς
828 1548 1029 1588 ἀκουστέον.
1109 1544 1218 1587 Ἐστι
1257 1546 1324 1599 γὰρ

275 1613 405 1658 πλῆθος
441 1612 539 1649 εἰδῶν
574 1611 609 1648 ἐν
642 1609 781 1659 ἑκάστῳ
812 1606 904 1659 γένει
940 1607 1017 1644 καθ’
1054 1603 1228 1658 ὑπεροχὴν
1264 1605 1323 1643 καὶ

275 1670 446 1709 ὕπόὸασιν
468 1667 692 1721 τεταγμένον.
748 1666 915 1712 Τοιαύτη
927 1664 990 1716 μὲν
1007 1668 1030 1713 ἡ
1056 1663 1157 1717 φύσις
1177 1666 1246 1703 τῶν
1264 1665 1325 1702 λο-

277 1854 345 1890 diu
361 1853 487 1902 prima
506 1863 640 1887 eorum
664 1860 775 1885 causa
802 1854 930 1884 manet
946 1846 1193 1883 immutabilis
1214 1859 1326 1895 pror-

277 1924 338 1948 sus
358 1918 395 1948 et
421 1917 597 1947 constans
613 1921 656 1944 ac
671 1914 845 1943 naturam
865 1905 996 1942 eadem
1022 1905 1158 1955 agendi
1175 1906 1213 1941 vi
1226 1918 1330 1954 ‚prae-

279 1971 397 2008 ditam
415 1970 562 2006 obtinet
580 1975 693 2016 atque
711 1966 923 2002 bonitatem
943 1964 1137 2013 possidet,
1159 1977 1241 2001 non
1257 1964 1330 2001 ad-

280 2029 499 2074 ventitiam,
539 2026 603 2063 sed
639 2037 709 2075 per
746 2037 785 2061 se
819 2024 1065 2060 inhaerentem
1102 2029 1140 2060 et
1171 2031 1332 2072 propter

280 2101 362 2126 eam
375 2089 549 2125 universa
574 2091 740 2135 generat.
760 2084 870 2121 Nulla
887 2084 988 2120 enim
1005 2084 1077 2119 alia
1090 2082 1192 2130 justa
1218 2096 1330 2120 causa

281 2159 409 2184 rerum
443 2146 620 2186 omnium
655 2142 905 2180 creandarum
918 2142 988 2191 ipsi
1024 2143 1107 2178 Deo
1130 2149 1184 2178 est
1195 2149 1333 2190 praeter

278 2205 489 2242 naturalem
516 2204 739 2240 bonitatem.
761 2203 857 2238 Erat
876 2205 994 2246 enim,
1023 2201 1168 2250 inquit,
1193 2202 1329 2246 bonu55

280 2269 319 2301 in
339 2266 473 2301 bonum
503 2270 626 2299 autem
658 2262 767 2298 nulla
798 2273 961 2309 unquam
991 2261 1039 2296 de
1057 2260 1139 2295 ulla
1173 2262 1335 2296 recudit

280 2324 435 2361 invidia.
454 2323 544 2370 Quae
563 2333 656 2361 vero
673 2321 754 2356 aliae
774 2326 913 2368 praeter
928 2319 1140 2355 bonitatem
1161 2318 1333 2355 creandae

279 2382 530 2419 universitatis
546 2379 658 2427 hujus
675 2391 794 2416 causae
812 2378 1002 2424 dicuntur,
1033 2377 1206 2414 humanae
1237 2390 1332 2414 con-

281 2440 419 2476 ditioni
442 2440 573 2489 potius
595 2451 710 2487 quam
743 2440 825 2474 Deo
847 2436 1089 2473 conveniunt.
1106 2437 1209 2472 Deus
1239 2447 1333 2471 vero

282 2511 399 2548 quum
426 2506 561 2535 natura
577 2497 703 2533 bonus
719 2497 778 2542 sit,
805 2497 870 2532 illa
884 2508 967 2544 quae
992 2495 1154 2531 maxime
1168 2495 1241 2544 ipsi
1277 2507 1332 2531 es·

282 2565 365 2594 sent
396 2558 611 2602 assimilata,
645 2555 779 2592 natura
798 2557 922 2605 prima
941 2554 1150 2604 produxit3
1167 2554 1333 2591 secunda

283 2623 409 2654 autem
445 2629 488 2653 ea
522 2628 605 2665 quae
638 2615 803 2652 mediam
856 2614 1143 2651 similitudinem
1187 2613 1334 2650 obtine-

283 2683 388 2721 rent,
420 2676 530 2712 tertia
564 2685 656 2711 vero
685 2681 723 2711 et
751 2675 922 2710 omnium
956 2674 1029 2723 ipsi
1057 2673 1236 2710 similium
1263 2686 1335 2722 po-

284 2742 443 2781 strema,
485 2734 549 2770 illa
588 2746 669 2782 quae
707 2746 729 2769 a
754 2733 878 2769 divina
911 2733 1173 2769 similitudine
1215 2741 1336 2770 essent

285 2794 450 2831 maxime
466 2799 628 2830 remota.
650 2792 873 2829 Substantiae
899 2799 1026 2829 autem
1045 2804 1173 2829 rerum
1193 2800 1332 2829 creata-

286 2865 373 2890 rum
406 2863 532 2889 comes
550 2858 630 2888 erat
649 2851 769 2897 ordo,
785 2844 832 2887 'ut
866 2850 908 2888 id
932 2851 1040 2900 quod
1072 2850 1208 2888 natura
1235 2864 1334 2900 prae-

286 2912 443 2949 stantius
462 2917 552 2948 esset
567 2910 739 2947 inferiori
759 2918 1058 2960 praeponeretur,
1090 2918 1170 2947 tum
1189 2911 1230 2947 in
1248 2903 1336 2948 totis

287 2970 489 3020 generibus
503 2997 515 3018 ,
536 2977 616 3006 tum
635 2969 676 3004 in
695 2969 891 3018 speciebus
903 2998 914 3014 ‚
936 2982 1019 3017 quae
1047 2970 1205 3019 singulis
1222 2982 1334 3019 gene-

287 3030 394 3067 ribus
411 3029 583 3066 subsunt.
606 3029 692 3064 Non
717 3028 817 3064 enim
845 3027 1005 3064 fortuito
1029 3029 1203 3067 universa
1225 3029 1335 3066 ordi-

288 3101 376 3125 nem
396 3100 505 3124 suum
533 3086 667 3123 sortita
697 3093 806 3131 sunt,
839 3098 964 3134 neque
993 3099 1067 3135 pro
1101 3087 1251 3123 arbitrii
1279 3089 1335 3124 sui

288 3147 469 3183 varietate
481 3172 492 3191 ,
509 3144 574 3181 sed
595 3156 641 3180 ex
660 3144 863 3181 creationis
883 3144 1031 3193 legibus
1050 3144 1198 3182 diversa
1225 3159 1334 3195 gene-

290 3204 473 3241 rabantur
493 3215 740 3252 congruoque
761 3210 982 3239 naturarum
1009 3203 1182 3253 dignitati
1201 3205 1336 3241 ordine

291 3262 605 3311 disponebantur.
626 3261 883 3309 Quamobrem
911 3262 1008 3299 illud
1026 3265 1080 3298 ute·
1111 3263 1193 3310 lege
1211 3265 1334 3313 dispo·

290 3325 355 3358 siti
368 3328 454 3357 sunt
472 3332 671 3364 venerare,
701 3332 782 3356 non
810 3321 932 3356 solum
959 3320 1008 3358 de
1022 3320 1094 3358 diis
1112 3322 1336 3359 immortali-

290 3382 382 3429 bus,
402 3380 470 3418 sed
492 3387 529 3417 et
558 3380 606 3417 de
636 3380 846 3417 illustribus
872 3381 1055 3418 heroibus
1087 3381 1336 3431 humanisque

291 3441 426 3478 animis
445 3440 697 3478 communiter
730 3447 786 3476 est
815 3439 1115 3490 intelligendum.
1137 3442 1231 3478 Nam
1266 3443 1335 3479 sub

974 224 1243 265 HIEROCLIS
1271 222 1689 264 COMMENTARIUS

1379 313 1488 363 γικῶν
1519 313 1645 349 οὐσιῶν
1680 310 1741 349 καὶ
1772 313 1795 358 ἡ
1826 309 1938 355 τάξις.
2009 310 2073 355 Τίς
2093 310 2128 349 δὲ
2153 313 2171 349 ὃ
2196 311 2299 363 νόμος
2325 314 2386 354 καὶ
2404 318 2428 361 ἡ

1379 367 1491 421 τούτῳ
1522 367 1679 418 ἑπομένη
1706 367 1814 418 τιμή;
1834 369 1951 408 Πάλιν
1977 367 2140 420 λέγομεν,
2167 369 2220 409 ὅτι
2238 370 2343 422 νόμος
2363 372 2428 423 μὲν

1379 430 1400 474 ἡ
1421 427 1588 479 ἄτρεπτος
1604 430 1666 466 τοῦ
1682 430 1762 466 θεοῦ
1782 428 2015 481 δημιουργικὴ
2036 427 2192 480 ἐνέργεια
2204 458 2215 475 ,
2235 433 2258 478 ἡ
2272 433 2430 481 γεννῶσα

1379 485 1423 525 τὰ
1443 489 1517 525 θεῖα
1534 485 1618 537 γένη
1637 485 1697 524 καὶ
1717 485 1893 525 τάττουσα
1927 487 2047 531 ἀϊδίως
2067 487 2129 526 καὶ
2149 488 2404 538 ἀμεταὸλήτως
2416 505 2426 515 ·

1380 547 1401 591 ἡ
1425 543 1460 581 δὲ
1493 542 1678 596 σύμφωνος
1702 546 1753 597 τῷ
1781 544 1902 599 νόμῳ
1928 546 2042 597 τιμὴ
2074 548 2096 592 ἡ
2117 548 2180 592 τῆς
2207 547 2328 592 οὐσίας
2355 547 2433 587 ἐστὶ

1380 605 1449 641 τῶν
1478 601 1747 652 τιμωμένων
1765 604 1889 652 γνῶσις
1910 603 1971 641 καὶ
1990 606 2011 650 ἡ
2032 603 2118 656 πρὸς
2143 604 2234 642 αὐτὰ
2250 603 2343 644 κατὰ
2369 603 2430 644 δύ·

1381 676 1485 711 ναμιν
1514 659 1724 709 ἐξομοίωσις.
1780 659 1831 700 οΟ
1849 659 1917 712 γὰρ
1939 660 2067 712 ἄγαταί
2081 678 2154 711 τις,
2174 664 2233 701 καὶ
2254 668 2432 714 μιμεῖται,

1381 719 1460 758 ὅσον
1481 720 1576 771 αὐτῷ
1593 712 1661 757 οἶόν
1688 734 1738 757 τε·
1759 719 1820 758 καὶ
1837 718 1982 771 τιμὴν
2002 726 2154 760 ποιεῖται
2172 726 2233 761 τοῦ
2254 723 2433 766 ἀνινδιοῦς

1382 777 1443 826 τὴν
1463 782 1532 817 τῶν
1549 777 1606 816 ὑπ’
1622 778 1757 817 ἐκείνου
1778 778 2054 831 προτεινομένων
2075 781 2215 831 ἀγαθῶν
2237 781 2432 835 ὑποδοχήν.

1382 839 1435 878 Οὐ
1455 837 1522 891 γὰρ
1541 837 1702 888 τιμήσεις
1720 837 1780 876 τὸν
1802 836 1876 876 θεὸν
1895 838 2023 890 ἄριστα
2044 839 2155 883 διδούς
2169 855 2203 878 τι
2220 841 2332 892 αὐτῷ,
2353 842 2433 879 ἀλλ’

1383 895 1475 941 ἄξιος
1496 898 1555 935 τοῧ
1580 895 1702 934 λαὸεῖν
1718 894 1763 934 τὰ
1779 897 1863 949 παρ’
1885 896 2016 935 ἐκείνου
2029 897 2220 948 γινόμενος.
2277 897 2344 944 Ὦς
2365 899 2435 952 γάρ

1386 970 1491 1008 φασιν
1511 956 1542 993 οἱ
1562 953 1815 1008 Πυθαγόρειοι,
1845 954 2005 1006 τιμήσεις
2022 956 2082 994 τὸν
2103 956 2179 996 θεὸν
2206 956 2356 1010 ἄριστα,
2371 957 2433 998 ἐὰν

1382 1017 1432 1067 τῷ
1453 1016 1518 1066 θεῷ
1547 1013 1610 1060 τὴν
1641 1013 1797 1053 διάνοιαν
1829 1011 2016 1067 ὁμοιώσῃς·
2037 1014 2122 1065 καί,
2151 1013 2245 1060 ὅστις
2269 1021 2358 1070 τιμᾷ
2375 1016 2435 1056 τὸν

1384 1073 1479 1121 θεόν,
1496 1075 1542 1117 ὡς
1561 1072 1835 1125 προσδεόμενον,
1856 1067 1957 1117 οὗτος
1972 1072 2117 1120 λέληθεν
2138 1073 2294 1126 οἰόμενος
2313 1076 2438 1117 ἑαυτὸν

1384 1136 1446 1172 τοῦ
1466 1135 1542 1172 θεοῦ
1570 1126 1660 1171 εἶναι
1685 1132 1879 1185 κρείττονα·
1903 1133 1988 1181 καί,
2015 1135 2037 1179 ἡ
2056 1135 2125 1171 τῶν
2145 1134 2438 1187 προσφερομένων

1386 1192 1594 1231 πολυτέλεια
1624 1191 1710 1243 τιμὴ
1732 1192 1779 1235 εἷς
1798 1191 1872 1231 θεὸν
1894 1192 1932 1230 οὐ
1963 1191 2112 1243 γίνεται,
2138 1193 2167 1230 εἷ
2191 1192 2241 1243 μὴ
2260 1192 2352 1243 μετὰ
2375 1197 2439 1234 τοῦ

1387 1250 1502 1289 ἐνθέου
1517 1248 1738 1302 φρονήματος
1756 1249 1981 1304 προσάγοιτο.
2051 1252 2158 1301 Δῶρα
2175 1249 2244 1303 γὰρ
2263 1250 2325 1290 καὶ
2353 1255 2438 1299 θυη-

1388 1309 1508 1348 πολίαι
1525 1308 1682 1362 ἀφρόνων
1696 1339 1707 1357 ,
1729 1309 1836 1361 πυρὸς
1858 1309 1982 1362 τροφή·
2004 1308 2064 1348 καὶ
2095 1309 2306 1360 ἀναθήματα
2319 1340 2331 1359 ,
2349 1312 2439 1365 ἱερο-

1388 1367 1504 1410 σύλοις
1533 1366 1699 1420 χορηγία.
1758 1367 1813 1406 Τὸ
1841 1366 1877 1405 δὲ
1910 1367 2024 1406 ἔνθεον
2057 1367 2220 1420 φρόνημα
2237 1398 2248 1415 ,
2284 1369 2439 1423 διαρκῶς
2470 1415 2474 1418 ,

1387 1426 1626 1481 ἡδρασμένον,
1650 1426 1820 1466 συνάπτει
1846 1429 1935 1480 θεῷ.’
1985 1429 2125 1481 Χωρεῖν
2152 1425 2222 1481 γὰρ
2241 1427 2379 1480 ἀνάγκη
2399 1428 2441 1468 τὸ

1385 1486 1504 1536 ὅμοιον
1531 1486 1616 1539 πρὸς
1633 1486 1671 1526 τὸ
1696 1484 1828 1537 ὅμοιον·
1856 1485 1931 1525 ὅθεν
1953 1486 2014 1525 καὶ
2041 1485 2143 1538 μόνος
2164 1486 2273 1540 ἱερεὺς
2292 1489 2311 1526 ὁ
2337 1485 2440 1538 σοφὸς

1386 1546 1552 1595 λέγεται,
1573 1544 1675 1595 μόνος
1693 1544 1855 1597 θεοφιλής
1869 1574 1880 1593 ,
1900 1544 2001 1595 μόνος
2022 1545 2119 1589 εἰδὼς
2142 1545 2320 1590 εὔξασθαι.
2354 1545 2438 1586 Md-

1386 1620 1441 1648 νος
1462 1603 1530 1657 γὰρ
1551 1598 1620 1643 οἶδε
1636 1610 1743 1656 τιμᾶν
1764 1606 1782 1642 ὁ
1802 1604 1865 1651 τὴν
1883 1603 1981 1649 ἀξίαν
2000 1604 2050 1654 μὴ
2069 1605 2227 1657 συγχέων
2241 1606 2310 1644 τῶν
2333 1619 2442 1656 τιμω·

1388 1664 1517 1714 μένων,
1539 1662 1600 1703 καὶ
1622 1666 1639 1702 ὁ
1659 1663 1930 1716 προηγουμένως
1943 1664 2067 1716 ἱερεῖον
2083 1664 2205 1702 ἑαυτὸν
2232 1662 2440 1716 προσάγων,

1389 1858 1628 1895 unoquoque
1654 1858 1791 1895 genere
1825 1846 1954 1882 multae
1980 1853 2067 1882 sunt
2094 1846 2236 1895 species
2267 1846 2444 1896 superius

1392 1912 1506 1954 atque
1525 1904 1681 1941 inferius
1697 1904 1897 1942 ordinatae.
1920 1904 2151 1952 Hujusmodi
2173 1904 2291 1954 igitur
2307 1912 2362 1942 est
2376 1917 2439 1956 ge-

1389 1977 1525 2001 nerum
1547 1964 1791 2001 rationalium
1815 1971 1948 2000 natura
1973 1971 2087 2013 atque
2109 1964 2217 2001 ordo.
2239 1965 2330 2012 Quae
2348 1977 2442 2002 vero

1392 2031 1448 2060 est
1468 2024 1528 2060 lex
1545 2030 1583 2060 et
1604 2024 1687 2072 quis
1712 2024 1904 2073 legitimus
1926 2023 2076 2060 honos?
2107 2023 2269 2060 dicimus
2291 2036 2441 2060 rursum

1390 2083 1511 2132 legem
1549 2095 1626 2119 esse
1652 2083 1926 2119 immutabilem
1962 2083 2067 2119 illam
2112 2083 2185 2120 Dei
2221 2083 2442 2120 creatricem

1391 2142 1599 2192 potentiam
1618 2154 1701 2190 quae
1721 2141 1851 2178 divina
1866 2152 2003 2191 genera
2019 2141 2141 2191 gignit
2162 2153 2282 2190 eaque
2301 2147 2442 2178 aeterno

1392 2201 1699 2249 immutabilique
1719 2200 1855 2237 ordine
1877 2200 2047 2249 disponit
2068 2211 2078 2238 z
2099 2201 2288 2237 honorem
2313 2207 2443 2237 autem

1391 2260 1466 2309 legi
1483 2255 1694 2309 congruum
1708 2271 1784 2296 esse
1803 2260 1969 2296 essentiae
1982 2260 2136 2296 illorum
2152 2272 2235 2308 quae
2249 2259 2443 2297 honoran-

1395 2325 1458 2355 tur
1477 2319 1654 2355 notitiam
1674 2326 1711 2355 et
1739 2330 1872 2355 eorum
1893 2318 2023 2367 quoad
2041 2331 2239 2368 possumus
2258 2319 2443 2356 imitatio-

1393 2391 1495 2416 nem.
1518 2378 1632 2426 Quod
1649 2378 1748 2414 enim
1763 2379 1847 2426 quis
1863 2377 2089 2423 admiratur,
2107 2377 2148 2413 id
2161 2378 2295 2428 etiam,
2314 2377 2444 2427 quoad

1391 2445 1518 2486 potest
1533 2465 1542 2486 ‚
1558 2438 1747 2483 imitatur;
1768 2445 1882 2485 atque
1901 2449 1989 2473 eum
2005 2438 2068 2473 cui
2086 2436 2180 2473 nihil
2196 2436 2303 2474 deest
2318 2437 2446 2475 hono-

1392 2503 1452 2533 rat
1470 2496 1694 2545 accipiendo
1710 2496 1834 2543 bona,
1858 2508 1941 2544 quae
1961 2496 2024 2532 ille
2041 2496 2218 2545 porrigit.
2239 2497 2327 2533 Non
2343 2498 2444 2534 enim

1393 2558 1517 2593 Deum
1534 2555 1768 2604 honorabis,
1788 2556 1819 2591 si
1839 2554 1988 2591 dederis
2014 2555 2047 2591 ei
2071 2554 2238 2603 aliquid,
2262 2555 2329 2593 sed
2352 2557 2384 2592 si
2409 2563 2447 2593 te

1394 2615 1553 2664 dignum
1570 2615 1786 2663 praestiteris
1801 2614 1865 2663 qui
1884 2614 1932 2650 ab
1954 2626 2000 2650 eo
2015 2614 2101 2650 data
2122 2614 2302 2663 accipias.
2327 2614 2440 2661 Nam,

1393 2675 1447 2709 uti
1459 2671 1567 2723 ajunt
1573 2672 1817 2723 Pythagorei,
1826 2674 1944 2709 Deum
1951 2672 2153 2709 honorabis
2163 2675 2316 2723 opu‘me,
2324 2676 2361 2709 si
2365 2674 2447 2710 Deo

1390 2732 1464 2778 fias
1481 2740 1603 2769 mente
1615 2733 1766 2770 similis.
1782 2734 1830 2768 Et
1848 2735 2009 2781 quisquis
2029 2733 2108 2768 Deo
2123 2739 2302 2780 tanquam
2320 2734 2447 2779 egenti

1394 2792 1570 2829 honorem
1601 2793 1748 2836 tribuit,
1771 2795 1803 2827 is
1816 2792 2035 2840 imprudens
2055 2803 2096 2827 se
2118 2792 2199 2827 Deo
2216 2793 2446 2840 superiorem

1383 2850 1504 2898 facit.
1526 2853 1572 2888 Et
1594 2863 1730 2899 magno
1745 2848 1955 2887 oblatarum
1969 2863 2090 2886 rerum
2101 2853 2223 2898 prelio
2237 2862 2312 2886 non
2328 2849 2444 2887 hono·

1393 2919 1500 2947 ratur
1525 2911 1649 2955 Deus,
1680 2912 1755 2946 nisi
1767 2913 1835 2958 pio
1854 2913 1981 2946 animo
2009 2909 2216 2956 offerantur
2242 2920 2256 2944 .·
2287 2920 2447 2947 munera

1394 2974 1494 3006 enim
1508 2982 1554 3006 ac
1576 2969 1765 3016 sacrificia
1782 2971 1975 3006 stultorum
1991 2976 2079 3004 sunt
2091 2970 2193 3015 ignis
2202 2968 2388 3016 pabulum
2407 2976 2448 3004 et

1393 3030 1556 3066 donaria
1562 3030 1829 3076 sacrilegorum
1836 3028 1988 3077 proeda.
2000 3028 2075 3063 Pia
2089 3039 2170 3062 vero
2178 3038 2281 3062 mens
2277 3026 2446 3076 firmiter

1384 3087 1558 3135 fundata
1575 3090 1652 3125 Deo
1668 3100 1736 3125 nos
1753 3091 1948 3135 conjungit
1968 3100 1980 3122 :
1996 3088 2116 3122 simile
2134 3089 2231 3122 enim
2247 3086 2302 3122 ad
2322 3087 2448 3122 simile

1395 3151 1603 3184 necessario
1617 3145 1766 3194 fertur,-
1787 3147 1890 3183 unde
1910 3153 1947 3183 et
1964 3147 2064 3182 solus
2077 3149 2227 3195 sapiens
2242 3146 2418 3182 sacerdos
2425 3159 2440 3192 ,·

1393 3209 1494 3244 solus
1509 3208 1589 3243 Deo
1611 3214 1742 3254 gratas
1754 3233 1765 3251 ,
1785 3207 1885 3242 solus
1896 3206 2080 3254 precandi
2102 3217 2247 3253 gnarus
2283 3203 2438 3242 dicitur.

1394 3267 1430 3302 Is
1447 3266 1548 3302 enim
1566 3265 1667 3301 solus
1681 3265 1873 3301 honorare
1889 3265 1956 3300 scit
1968 3292 1978 3309 ,
1993 3264 2059 3311 qui
2079 3264 2359 3300 honoratorum
2380 3262 2444 3299 di-

1395 3325 1575 3373 gnitatem
1594 3336 1673 3360 non
1699 3323 1901 3360 confundit
1913 3352 1922 3369 ‚
1942 3329 1979 3359 et
1994 3323 2059 3370 qui
2076 3335 2114 3359 se
2135 3323 2258 3372 ipsum
2273 3322 2443 3371 primum

1395 3383 1557 3420 hostiam
1576 3382 1690 3420 offert
1704 3394 1890 3431 suumque
1906 3381 2073 3417 animum
2097 3381 2268 3417 divinum
2284 3378 2441 3416 simula-

1396 3455 1503 3480 crum
1523 3442 1614 3480 facit
1631 3449 1669 3479 et
1689 3448 1855 3479 mentem
1878 3453 1983 3478 suam
2002 3441 2133 3490 templi
2158 3440 2276 3475 instar
2299 3436 2348 3474 ad
2384 3435 2443 3472 di-
