2612 3814
967 253 971 257 '
1008 261 1063 300 ΙΝ
1092 260 1312 301 ΑΠΒΕΠΜ
1339 261 1568 301 CARMEN.

174 348 295 388 ἑαυτὸν
326 347 519 402 συμφώνως
547 352 617 393 τοῖς
646 348 885 401 προκειμένοις
916 348 1009 403 ὅροις
1034 348 1224 400 διημερεύ-

174 423 283 447 σαντα
297 437 309 459 ,
343 410 406 455 τ’ἧς
432 405 525 451 θείας
556 406 771 460 εὐφροσύνης
800 413 873 452 τοῖς
903 410 1050 461 καρποῖς
1087 408 1221 447 ἀναδεῖ.

177 466 283 520 Παρὰ
317 466 420 517 μέλος
448 465 485 504 δέ
516 481 551 504 τι
578 464 761 519 πράξαντα
787 466 969 520 φωράσας,
1002 466 1122 520 ὥσπερ
1154 467 1224 506 τισὶ

173 525 392 578 φαρμάκοις,
419 525 495 567 ταῖς
513 525 552 563 ἐκ
571 527 634 571 τῆς
662 526 847 576 μετανοίας
878 525 1118 573 νουθετήσεσιν
1147 528 1225 565 ἐπι-

174 584 309 636 στύφει.
367 583 430 623 Διὸ
462 583 522 622 τὸν
558 582 695 623 ὕπνον
720 584 1007 638 ἀποκρούσασθαι
1040 586 1109 624 δεῖν
1140 600 1226 638 φησι

173 645 217 696 τῇ
249 643 425 696 προθυμίᾳ
446 646 507 680 τοῦ
541 643 725 692 λογισμοῦ.
783 643 952 690 Ἀνέξεται
973 643 1010 683 δὲ
1030 644 1070 684 τὸ
1096 647 1199 695 σῶμα
1213 673 1224 692 ,

175 702 224 752 μὴ
243 701 528 754 κατασυρόμενον
554 702 622 741 ὗπὸ
648 705 711 749 τῆς
738 706 800 741 τοῦ
830 702 1009 756 δαρθάνειν
1044 703 1198 755 ἀνάγκης
1214 733 1225 754 ,

174 760 232 800 διὰ
247 759 311 808 τὴν
333 760 495 813 σώφρονα
515 759 667 809 δίαιταν,
683 763 727 800 δι’
743 761 786 809 ἣν
803 762 863 802 καὶ
878 762 922 801 τὰ
941 766 1118 814 ἀναγκαῖα
1131 762 1226 809 πάθη

174 821 217 870 τῇ
237 822 296 857 τοῦ
314 820 482 870 λογισμοῦ
503 820 674 873 ἡγεμονίᾳ
695 822 938 860 συντάττεται.
961 820 1022 867 Μὴ
1042 820 1227 872 προσδέ-

175 877 339 922 ξασθαι
358 877 426 930 γάρ
449 893 535 931 φησι
562 878 636 917 τὸν
668 878 810 930 ὕπνον,
835 879 943 932 πρὶν
964 882 1045 918 τῶν
1073 882 1226 932 ἡμερι-

175 939 257 975 νῶν
290 935 434 989 ἔργων
467 935 741 987 λογίσασθαι
772 937 977 977 ἕκαστον.
1035 937 1107 976 Καὶ
1132 937 1183 981 τίς
1211 939 1229 975 ὁ

174 995 431 1047 λο·(ισμός;πῆ
449 994 672 1047 παρέὸην;
692 996 734 1034 τί
754 997 784 1033 δ’
805 994 955 1048 ἔρεξας
976 995 1018 1034 τί
1039 1011 1118 1046 μοι
1135 995 1228 1035 δέον

174 1055 251 1092 οὐκ
271 1053 488 1101 ἐτελέσθη
505 1068 516 1101 ;
549 1057 666 1107 Διχῶς
683 1054 751 1106 γὰρ
773 1054 1034 1106 ἁμαρτάνομεν·
1051 1054 1074 1102 ἢ
1103 1054 1150 1093 τὸ
1170 1054 1228 1105 μὴ

175 1113 281 1151 δέον
301 1112 602 1161 ποιήσαντες,
623 1113 641 1153 ὃ
658 1113 715 1151 διὰ
735 1118 794 1153 τοῦ
810 1128 867 1151 πα
882 1112 1028 1167 ρέὸην
1049 1114 1228 1161 δηλοῦται·

174 1169 198 1218 ἢ
210 1170 258 1210 τὸ
277 1171 372 1210 δέον
393 1171 442 1223 μὴ
455 1171 561 1219 ποιή
573 1186 627 1209 σα
640 1187 712 1210 ντε
724 1188 740 1215 ς
752 1203 762 1222 ,
781 1173 826 1216 ὣς
840 1173 895 1211 ἐπ’
915 1173 1022 1219 αὐτῆς
1036 1177 1149 1210 κεῖται
1168 1175 1229 1219 τῆς

175 1229 312 1275 λέξεως.
369 1229 476 1269 Ἄλλο
495 1230 564 1284 γὰρ
582 1229 688 1283 ἀργία
706 1234 766 1268 τοῦ
787 1231 918 1268 καλοῦ·
939 1230 999 1269 καὶ
1020 1230 1107 1269 ἄλλο
1136 1231 1229 1283 ἐνέρ-

175 1304 253 1341 γεια
271 1293 332 1328 τοῦ
348 1290 509 1342 αἰσχροῦ.
567 1289 640 1328 Καὶ
658 1288 697 1327 τὸ
716 1288 779 1338 μὲν
800 1291 844 1341 τῇ
862 1288 1074 1342 παραλείψει
1092 1289 1231 1335 κακίζε-

175 1363 254 1396 ται,
269 1348 309 1387 τὸ
323 1349 358 1386 δὲ
371 1351 415 1401 τῇ
429 1349 631 1402 παραδοχῇ.
686 1343 787 1397 Οἶον,
803 1347 968 1400 εὔχεσθαι
983 1349 1045 1395 δεῖ,
1061 1348 1122 1386 καὶ
1141 1349 1229 1401 βλα-

176 1406 328 1459 σφημεῖν
351 1407 389 1444 οὗ
410 1406 475 1444 δεῖ·
496 1405 634 1460 τρέφειν
664 1405 787 1457 γονέας
803 1406 879 1456 δεῖ,
901 1405 1175 1458 προπηλακίζειν
1195 1407 1230 1444 δὲ

177 1466 216 1504 οὗ
236 1466 302 1504 δεῖ.
361 1463 407 1504 ‘O
428 1459 486 1502 οῦν
507 1464 551 1502 τὰ
570 1463 724 1517 πρότερα
744 1464 794 1513 μὴ
814 1466 923 1503 ποιῶν
941 1463 986 1502 τὰ
1003 1463 1166 1503 δέοντα
1187 1467 1230 1503 οὐ

176 1529 314 1572 ποιεῖ,
335 1526 353 1562 ὁ
374 1523 409 1561 δὲ
432 1523 477 1561 τὰ
494 1522 637 1575 δεύτερα
656 1525 766 1562 ποιῶν
782 1523 835 1561 τὰ
864 1522 920 1574 μὴ
942 1523 1101 1563 δέοντα
1117 1527 1231 1562 ποιεῖ·

178 1587 208 1622 εἷ
230 1583 290 1621 καὶ
324 1581 506 1635 ἀμφότερα
528 1582 655 1634 τρόπον
675 1581 754 1620 τινὰ
773 1581 858 1635 πρὸς
878 1581 942 1629 τὴν
965 1582 1044 1630 ἴσην
1071 1598 1232 1634 παρανο-

179 1641 264 1693 μίαν
284 1639 444 1693 ἔρχεται.
502 1640 579 1687 Τὴν
614 1639 650 1678 δὲ
679 1639 917 1692 ἀναμέτρησιν
949 1644 1019 1679 τῶν
1055 1644 1229 1694 ἡμερινῶν

179 1701 291 1753 ἔργων
310 1705 473 1752 παραινεῖ
494 1702 668 1739 ποιεῖσθαι
688 1699 759 1738 ἀπὸ
786 1700 925 1752 πρώτου
947 1698 1011 1743 ἕως
1031 1699 1230 1738 τελευταίου

181 1865 280 1897 mur,
315 1852 432 1888 menti
465 1852 589 1900 legum
613 1852 810 1888 inventrici
851 1852 1036 1888 rationem
1060 1851 1230 1899 judicem

181 1911 441 1961 adjungentes.
473 1910 576 1958 Quid
605 1911 722 1959 igitur
750 1911 926 1960 praecipit
942 1912 1070 1960 legum
1097 1912 1235 1948 inven-

184 1969 285 2006 trix?
306 1977 349 2005 ut
386 1982 451 2006 eos
490 1971 721 2006 honoremus
752 1971 818 2018 qui
852 1978 986 2006 natura
1022 1971 1236 2018 superiores

183 2037 290 2075 sunt,
332 2029 496 2065 naturali
537 2041 671 2065 eorum
717 2029 852 2066 ordine
886 2029 1088 2065 observato
1140 2042 1149 2065 z
1193 2036 1236 2065 ut

183 2094 386 2136 parentum
422 2095 460 2124 et
496 2094 757 2136 cognatorum·
775 2088 1009 2137 praecipuam
1030 2087 1235 2124 habeamus

183 2147 373 2184 rationem
414 2160 422 2182 :
470 2139 514 2183 ut
550 2147 698 2196 probos
737 2148 843 2184 viros
881 2148 1158 2196 amplectamur
1199 2154 1237 2183 et

185 2218 354 2243 amemus
405 2219 413 2242 ε
452 2214 495 2242 ut
533 2206 727 2255 corporeis
778 2206 1019 2243 facultatibus
1068 2207 1237 2255 impere-

186 2277 269 2302 mus
302 2276 313 2304 :
335 2272 378 2302 ut
411 2278 482 2302 nos
501 2266 602 2314 ipsos
625 2265 772 2314 ubique
798 2277 1000 2302 vereamur
1022 2277 1031 2300 ε
1068 2273 1111 2301 ut
1127 2264 1237 2311 justi-

187 2326 279 2361 tiam
316 2326 485 2362 colamus
521 2335 531 2360 :
568 2332 614 2361 ut
651 2324 873 2361 divitiarum
909 2326 1073 2373 vitaeque
1114 2324 1239 2360 brevis

188 2384 471 2421 instabilitatem
495 2384 769 2433 praecognitam
794 2384 999 2420 habeamus
1018 2395 1028 2419 ε
1049 2390 1093 2419 ut
1111 2390 1232 2426 sorte,

189 2455 304 2491 quam
336 2444 511 2480 divinum
535 2444 647 2480 nobis
666 2443 857 2491 judicium
887 2444 1045 2489 tribuit,
1069 2444 1240 2479 contenti

188 2503 305 2539 simus
324 2514 334 2538 t
354 2503 649 2551 cogitationibus
671 2509 796 2538 autem
815 2504 898 2539 Deo
920 2502 1043 2551 dignis
1060 2503 1241 2538 immore-

190 2572 292 2610 mur,
308 2568 346 2597 et
362 2561 412 2597 ad
431 2559 468 2597 id
498 2560 604 2609 quod
625 2561 759 2597 melius
778 2567 832 2597 est
853 2567 1017 2596 mentem
1039 2567 1240 2597 converta-

191 2633 276 2658 mus
300 2632 310 2658 :
332 2628 376 2656 ut
396 2632 589 2657 sermones
620 2632 810 2664 amemus,
836 2620 902 2667 qui
929 2631 1018 2655 vere
1049 2630 1242 2656 sermones

191 2687 280 2716 sunt
308 2692 318 2716 :
340 2686 384 2715 ut
402 2692 423 2716 a
442 2679 639 2715 fraudibus
659 2679 730 2715 tuti
750 2679 863 2714 simus
875 2690 970 2714 neve
986 2678 1026 2714 in
1043 2677 1243 2716 retinenda

191 2740 333 2776 virtute
349 2739 477 2775 animo
508 2738 725 2786 frangamur
748 2748 757 2775 :
782 2744 825 2773 ut
842 2744 1045 2785 antequam
1062 2749 1122 2773 res
1141 2749 1244 2787 gera-

194 2811 278 2835 mus
291 2826 300 2844 ,
321 2805 468 2835 rectum
490 2798 690 2834 consilium
710 2797 918 2846 capiamus,
937 2795 1043 2843 cujus
1070 2808 1138 2833 nos
1157 2804 1244 2846 post

195 2870 255 2894 res
272 2864 394 2907 gestas
421 2869 500 2892 non
528 2857 711 2905 poeniteat
732 2866 741 2891 :
766 2862 809 2891 ut
829 2856 1054 2904 arrogantiae
1072 2863 1244 2904 expertes

195 2917 310 2953 simus
329 2923 443 2964 atque
462 2916 580 2952 vitam
608 2915 798 2964 sapientiae
815 2914 943 2951 studio
966 2913 1133 2950 deditam
1154 2927 1245 2964 aga-

195 2988 280 3012 mus
304 2985 313 3011 :
334 2982 379 3011 ut
398 2987 537 3023 corpus
555 2973 722 3022 denique
739 2981 778 3010 et
793 2986 853 3010 res
870 2981 1041 3010 externas
1060 2973 1110 3010 ad
1126 2975 1244 3010 virtu-

196 3035 243 3071 tis
261 3034 570 3085 exercitationem
590 3033 931 3071 accommodemus.
955 3034 1042 3069 Haec
1058 3039 1143 3069 sunt
1163 3045 1246 3081 quae

197 3104 303 3129 mens
323 3093 450 3142 legum
470 3093 659 3129 inventrix
680 3092 816 3128 animis
838 3091 978 3128 nostris
1009 3091 1246 3128 observanda

198 3151 380 3200 injungit3
412 3152 551 3200 quibus
570 3153 668 3188 ratio
690 3151 874 3188 obsecuta
891 3150 1014 3198 judex
1039 3150 1095 3186 sui
1113 3151 1246 3199 pervi-

199 3211 251 3259 gil
270 3209 337 3258 fit,
368 3211 505 3246 crebro
526 3222 566 3247 se
593 3211 714 3260 ipsam
744 3211 1006 3259 interrogans,
1035 3210 1120 3256 Qua
1151 3212 1188 3245 in
1208 3222 1249 3245 re

196 3269 378 3317 peccavi?
406 3270 501 3317 quid
506 3267 594 3315 feci
602 3271 624 3305 ι)
651 3270 745 3319 quid
772 3272 881 3306 omisi
908 3270 1009 3317 quod
1015 3269 1111 3318 fieri
1134 3269 1246 3304 debe-

202 3327 296 3363 bat?
309 3334 347 3363 et
366 3327 502 3364 ordine
518 3328 664 3377 singula
682 3328 868 3365 memoria
883 3334 1057 3376 repetens
1069 3355 1080 3375 ,
1099 3327 1250 3365 virtutis

202 3398 326 3422 causa.
359 3388 456 3422 Tum
490 3394 623 3435 postea
660 3388 855 3424 inveniens
893 3399 932 3424 se
968 3387 1108 3436 regulis
1134 3399 1250 3436 supra

202 3446 334 3494 positis
353 3452 608 3494 congruenter
640 3445 742 3483 diem
773 3447 1009 3496 transegisse,
1037 3446 1172 3483 divinae
1190 3447 1251 3483 lae-

203 3504 293 3540 titiae
313 3504 500 3540 fructibus
515 3517 592 3542 sese
607 3512 781 3543 coronat.
804 3504 843 3543 Si
861 3505 955 3555 quid
972 3512 1096 3542 autem
1115 3505 1248 3542 absur-

2257 267 2331 300 461

1287 351 1322 388 ἓν
1344 349 1460 398 τάξει,
1480 349 1588 400 μηδὲν
1615 349 1880 401 παραλείποντα
1902 351 1970 387 τῶν
2004 349 2132 400 μέσων·
2152 348 2170 388 ὃ
2192 347 2249 387 διὰ
2277 353 2336 386 τοῦ

1286 407 1384 452 ἑπέξ
1397 412 1456 447 ιθι
1484 414 1630 447 νοεῖται.
1690 407 1869 451 Πολλάκις
1888 407 1955 459 γὰρ
1975 412 1996 454 ἡ
2020 408 2200 459 μετάθεσις
2219 422 2338 459 παρα-

1286 468 1461 519 λογίζεται
1479 466 1543 514 τὴν
1563 467 1690 520 κρίσιν,
1705 466 1765 505 καὶ
1781 467 2038 517 εὐαπολόγητον
2058 473 2147 505 ποιεῖ
2165 467 2204 505 τὸ
2220 470 2340 510 κακῶς

1287 524 1514 578 εἰργασμένον
1531 529 1575 579 τῇ
1596 525 1720 578 ἀταξία
1734 528 1796 572 τῆς
1819 524 1975 575 μνήμης.
2035 526 2107 564 Καὶ
2128 525 2240 569 ἄλλως
2260 526 2296 563 δὲ
2317 529 2339 571 ἡ

1287 588 1349 632 τ’ῆς
1378 587 1686 638 καθημερινῆς
1714 588 1803 631 ζωῆς
1822 585 2012 634 ἀνάμνησις
2045 583 2174 635 μελέτη
2207 583 2340 635 γίνεται

1287 646 1350 691 τῆς
1369 647 1437 683 τῶν
1457 641 1753 696 προὸεὸιωμένων
1775 643 2045 690 ἀναπολήσεως,
2067 641 2127 681 καὶ
2155 645 2218 689 τῆς
2250 644 2341 679 ἀθα-

1287 702 1408 746 νασίας
1428 705 1528 753 ἡμῶν
1550 701 1788 749 συναίσθησις.
1851 701 1921 741 Καὶ
1941 702 1980 740 τὸ
2001 699 2214 752 θαυμαστόν,
2233 699 2344 750 λογί-

1291 765 1463 800 σασθαι
1516 761 1707 800 ἕκαστον
1754 759 1860 799 εἰπὼν
1903 762 1966 799 οὐκ
2006 760 2055 798 ἔτι
2091 759 2271 810 ἐπήγαγε,
2307 758 2342 796 τί

1291 819 1529 873 κατώρθωσα;
1556 820 1590 858 τί
1623 835 1683 868 μοι
1710 822 1779 858 τῶν
1814 820 1960 858 δεόντων
1990 819 2214 869 πέπρακται;
2249 817 2339 855 ἀλλὰ

1289 881 1336 924 εἷς
1374 879 1414 918 τὸ
1453 880 1664 933 ἀτυφότερον
1717 878 1780 926 τὴν
1828 878 1970 930 μνήμην
2021 877 2241 929 μεθήρμοσε,
2274 879 2341 914 τῶν

1288 938 1550 990 ἡμαρτημένων
1585 939 1648 985 τὴν
1687 938 1799 990 κρίσιν
1830 936 2034 987 ποιούμενος
2066 936 2126 975 καὶ
2165 933 2332 980 δικαστὴν

1290 997 1464 1044 ἐπέστησε
1512 997 1568 1037 τὸν
1627 997 1845 1035 δικαιότατον
1898 995 1973 1046 ἅμα
2013 995 2072 1033 καὶ
2113 993 2341 1039 οἰκειότατον,

1289 1054 1330 1094 τὸ
1360 1055 1511 1099 συνειδὸς
1548 1054 1655 1102 αὐτό,
1676 1055 1736 1093 καὶ
1773 1055 1828 1094 τὸν
1861 1054 1961 1107 ὀρθὸν
1992 1054 2107 1104 λόγον,
2141 1053 2201 1093 καὶ
2238 1052 2343 1092 αὐτὸν

1292 1115 1429 1167 ἑαυτῷ,
1451 1113 1487 1151 ὃν
1509 1114 1651 1153 πάντων
1679 1114 1835 1164 μάλιστα
1865 1114 2037 1153 αἰδεῖσθαι
2068 1112 2345 1165 προεπαιδεύθη-

1292 1187 1367 1222 μεν·
1388 1172 1421 1210 τί
1440 1174 1510 1225 γὰρ
1530 1172 1623 1210 οὕτω
1643 1173 1785 1211 δύναται
1812 1174 2016 1219 νουθετῆσαι
2038 1171 2140 1215 ἄλλος
2161 1171 2280 1218 ἄλλον,
2299 1173 2346 1214 ὡς

1293 1230 1395 1274 αὐτὸς
1417 1230 1561 1279 ἑαυτόν;
1582 1231 1634 1271 Τὸ
1662 1230 1731 1284 γὰρ
1759 1230 1993 1276 αὐτεξούσιον,
2014 1232 2057 1280 τῇ
2086 1228 2260 1282 ἐλευθερίᾳ
2285 1231 2347 1275 τῆς

1291 1288 1425 1343 φύσεως
1444 1289 1708 1342 ἀποχρώμενον,
1725 1289 1927 1329 ἀποσείεται
1943 1288 2006 1332 τὰς
2025 1287 2122 1339 παρὰ
2140 1290 2208 1325 τῶν
2230 1287 2346 1326 ἄλλων

1292 1347 1512 1399 συμὸουλάς,
1532 1347 1614 1386 ὅταν
1639 1347 1688 1397 μὴ
1710 1347 1808 1400 ἐθέλῃ
1830 1347 2030 1386 πείθεσθαι·
2047 1350 2065 1386 ὁ
2082 1346 2117 1385 δὲ
2135 1346 2267 1385 οἴκοθεν
2287 1348 2347 1384 λο-

1290 1407 1416 1458 γισμὸς
1437 1407 1540 1451 αὐτὸς
1556 1409 1680 1446 ἑαυτοῦ
1699 1406 1904 1445 κατακούειν
1923 1405 2079 1457 ἀνάγκην
2101 1404 2190 1457 ἔχει.
2211 1406 2346 1443 Τοῦτον

1291 1466 1477 1518 ἐπίτροπον
1509 1468 1595 1517 ἡμῖν
1624 1468 1642 1504 ὁ
1671 1466 1745 1509 θεὸς
1764 1465 1956 1512 ἐπέστησε·
1977 1468 2098 1503 τοῦτον
2120 1462 2347 1514 παιδαγωγὸν

1292 1525 1353 1563 καὶ
1377 1524 1602 1564 διδάσκαλον.
1661 1525 1795 1563 Τοῦτον
1830 1523 1891 1562 καὶ
1919 1526 1978 1561 νῦν
2012 1523 2181 1570 δικαστὴν
2207 1525 2224 1560 ὁ
2248 1522 2348 1572 λόγος

1290 1587 1360 1622 τῶν
1391 1587 1413 1631 ἡ
1429 1601 1454 1634 μ
1466 1599 1509 1636 ερ
1521 1600 1560 1623 ιν
1575 1587 1634 1623 ῶν
1667 1582 1786 1637 ἔργω
1799 1599 1816 1621 ν
1849 1583 2020 1631 ποιεῖται,
2046 1582 2106 1620 καὶ
2137 1582 2221 1632 παρ’
2241 1582 2347 1619 αὐτοῦ

1290 1641 1354 1689 τὴν
1375 1643 1489 1694 κρίσιν
1509 1643 1712 1694 ἐκδέχεται,
1726 1640 1769 1679 ἵν’
1789 1641 1889 1685 αὐτὸς
1909 1641 2029 1680 ἑαυτὸν
2045 1639 2243 1694 ψηφίσηται
2260 1642 2350 1677 ἀπο-

1293 1701 1399 1753 δοχῆς
1418 1700 1440 1748 ἢ
1462 1701 1681 1748 ἐπιπλήξεως
1703 1700 1811 1746 ἄξιον.
1868 1699 1983 1739 (Ὅταν
1999 1700 2088 1752 γάρ,
2112 1702 2158 1742 ὡς
2177 1701 2211 1738 ἐν
2232 1714 2347 1751 γραμ-

1296 1854 1385 1890 dum
1404 1867 1443 1890 se
1459 1854 1588 1890 fecisse
1606 1854 1891 1903 deprehendat,
1914 1854 1955 1890 id
1971 1855 2201 1903 poenitentiae
2219 1853 2350 1889 admo-

1296 1913 1506 1948 nitionibus
1517 1939 1527 1957 ,
1548 1919 1726 1960 tanquam
1748 1911 1925 1948 remediis
1938 1938 1951 1960 ,
1971 1911 2143 1960 corrigit.
2159 1912 2350 1958 Quocirca

1295 1983 1469 2007 somnum
1487 1970 1800 2007 considerationis
1825 1969 1939 2017 hujus
1954 1970 2079 2006 studio
2094 1970 2349 2006 amovendum

1297 2042 1374 2066 esse
1406 2030 1502 2066 dicit
1533 2041 1698 2067 carmen.
1733 2028 1780 2065 Id
1811 2035 1937 2064 autem
1974 2040 2114 2078 corpus
2148 2028 2350 2072 tolerabit,

1301 2089 1445 2138 quippe
1460 2088 1565 2137 quod
1585 2086 1800 2124 dormiendi
1817 2088 2040 2123 necessitate
2058 2100 2136 2123 non
2151 2095 2350 2137 urgeatur,

1300 2147 1350 2183 ob
1374 2138 1664 2195 temperantiam
1684 2146 1724 2181 in
1756 2146 1861 2181 victu
1877 2173 1887 2190 ‚
1909 2153 2069 2195 propter
2091 2158 2206 2194 quam
2240 2147 2351 2182 etiam

1298 2207 1499 2243 necessarii
1534 2206 1690 2242 affectus
1711 2205 1868 2241 rationis
1888 2205 2051 2254 imperio
2079 2204 2349 2252 subjiciuntur.

1301 2267 1402 2303 Dicit
1417 2266 1516 2303 enim
1527 2293 1537 2311 ,
1558 2277 1726 2302 somnum
1739 2277 1787 2300 ne
1791 2267 1906 2313 prius
1921 2265 2098 2300 admittas
2110 2293 2123 2309 ,
2139 2269 2255 2312 'quam
2268 2268 2353 2300 sin-

1297 2327 1391 2373 gula
1418 2325 1555 2361 diuma
1575 2337 1691 2373 opera
1722 2324 2025 2361 consideraveris.
2056 2324 2235 2370 Quaenam
2259 2335 2351 2359 vero

1301 2391 1356 2419 est
1388 2382 1455 2419 illa
1492 2381 1775 2419 consideratio?
1795 2382 1880 2429 Qua
1910 2385 1949 2417 in
1985 2394 2026 2418 re
2049 2385 2204 2430 peccavi
2214 2382 2234 2417 Ρ
2265 2382 2356 2430 quid

1300 2440 1397 2479 feci?
1411 2443 1502 2490 quid
1512 2445 1617 2478 omisi
1629 2441 1727 2490 quod
1742 2441 1828 2487 fieri
1841 2438 2028 2476 debebat?
2040 2441 2242 2476 Peccamus
2253 2441 2353 2476 euim

1301 2500 1451 2537 duobus
1469 2500 1613 2547 modis3
1636 2501 1696 2536 vel
1718 2500 1761 2535 id
1769 2497 1983 2546 facientes,
2012 2499 2113 2547 quod
2127 2511 2200 2534 non
2218 2499 2346 2544 decet,

1303 2559 1408 2607 quod
1424 2561 1612 2608 peccandi
1626 2559 1741 2596 verbo
1758 2557 2014 2608 significatur3
2039 2558 2098 2594 vel
2116 2559 2157 2593 id
2170 2557 2272 2607 quod
2288 2559 2353 2594 de-

1301 2627 1359 2654 cet
1393 2631 1467 2654 non
1499 2617 1682 2661 facIentes
1695 2646 1703 2661 ,
1748 2616 2072 2666 quemadmodum
2108 2617 2189 2665 ipsa
2224 2628 2354 2653 versus

1303 2678 1498 2714 locutione
1517 2678 1758 2727 exprimitur.
1785 2675 1901 2713 Aliud
1917 2676 2018 2712 enim
2035 2682 2091 2712 est
2105 2674 2281 2725 neglecta
2296 2688 2355 2712 res

1302 2735 1458 2772 honesta
1473 2763 1482 2781 ,
1499 2736 1604 2772 aliud
1627 2743 1737 2784 turpe
1756 2735 1899 2772 facinus
1923 2735 2181 2771 commissum.
2202 2737 2256 2771 Ac
2271 2747 2355 2783 par-

1305 2795 1372 2830 tim
1409 2795 1620 2831 omittendo
1632 2823 1642 2841 ,
1685 2794 1825 2844 partim
1872 2793 2109 2831 admittendo
2154 2800 2352 2842 peccatur.

1306 2855 1476 2903 Exempli
1510 2854 1630 2903 gratia
1644 2880 1655 2898 ‚
1687 2853 1837 2903 precari
1871 2860 2045 2902 oportet,
2082 2853 2199 2902 impie
2228 2861 2352 2889 autem

1305 2920 1342 2950 et
1362 2913 1633 2950 contumeliose
1648 2913 1755 2962 loqui
1771 2925 1850 2949 non
1864 2919 2017 2962 oportet
2039 2925 2051 2948 .·
2066 2919 2244 2961 parentes
2256 2912 2351 2948 alere

1306 2979 1459 3023 oportet
1471 2999 1482 3018 ,
1504 2984 1569 3009 eos
1587 2984 1681 3009 vero
1695 2972 1904 3021 ignominia
1921 2971 2072 3008 afficere
2089 2984 2167 3007 non
2188 2978 2351 3020 oportet.

1305 3034 1341 3068 Is
1356 3032 1485 3082 igitur,
1506 3033 1571 3081 qui
1591 3033 1718 3081 priora
1739 3045 1818 3068 non
1837 3032 1947 3077 fac-it,
1969 3044 2015 3067 ea
2035 3031 2220 3079 qua-fieri
2245 3042 2351 3078 opor-

1307 3098 1358 3127 tet
1375 3103 1454 3127 non
1473 3091 1581 3137 facit3
1600 3091 1667 3139 qui
1684 3098 1810 3128 autem
1825 3092 2039 3140 posteriora
2058 3090 2167 3134 facit,
2186 3101 2228 3124 ea
2247 3088 2351 3131 facit,

1306 3163 1391 3198 quoe
1408 3150 1502 3198 fieri
1519 3163 1593 3187 non
1614 3158 1758 3199 oportet
1797 3163 1806 3186 :
1829 3150 2002 3198 quamvis
2034 3156 2239 3195 utrumque
2258 3160 2354 3196 quo-

1308 3209 1513 3260 dammodo
1530 3209 1579 3246 ad
1599 3210 1779 3258 aequalem
1795 3209 1974 3245 malitiam
1992 3207 2158 3243 accedat.
2174 3209 2356 3242 Hortatur

1309 3275 1434 3304 autem
1449 3295 1460 3314 ,
1492 3275 1536 3304 ut
1569 3281 1683 3317 opera
1716 3269 1853 3305 diurna
1873 3280 1894 3303 a
1911 3267 2052 3316 'primo
2074 3265 2123 3302 ad
2156 3265 2329 3301 ultimum
2343 3293 2352 3308 ‚

1307 3329 1421 3364 nullis
1437 3329 1476 3363 in
1496 3328 1625 3364 medio
1646 3327 1919 3377 praetermissis,
1942 3326 2074 3362 ordine
2095 3325 2353 3368 remetiamur,

1309 3398 1421 3435 quem
1449 3388 1682 3424 intellectum
1699 3386 1942 3435 percurrendi
1960 3384 2188 3420 vocabulum
2225 3381 2353 3417 habet.

1309 3448 1417 3496 Saepe
1437 3448 1539 3483 enim
1564 3446 1755 3494 judicium
1774 3445 1869 3481 fallit
1891 3443 2036 3480 ordinis
2053 3442 2213 3478 mutatio
2242 3439 2354 3476 facit·

1310 3518 1405 3554 que,
1424 3513 1466 3542 ut
1485 3506 1525 3542 id
1549 3505 1655 3554 quod
1676 3506 1771 3541 male
1790 3511 1981 3554 patratum
2000 3509 2072 3549 est,
2094 3501 2182 3549 quia
2214 3511 2354 3535 memo-
