2612 3814
713 288 766 328 IN
798 287 1122 327 EMPEDOCLIS
1153 288 1440 330 CARMINUM
1469 291 1762 340 RELlQUlAS.
2273 303 2315 336 41

146 378 258 418 tavit.
294 377 402 416 Idem
429 377 614 416 mendum
643 376 747 428 apud
774 376 967 415 Galenum
1002 377 1198 429 reperitur

144 437 214 487 qui
237 437 353 475 etiam
383 437 530 475 omisso
550 435 717 475 articulo
741 435 871 478 παντὸς
890 449 964 487 pro
986 438 1048 473 τοῦ
1070 434 1201 480 παντὸς

145 496 275 536 habet.
296 496 406 535 Adde
433 494 595 547 περιττόν
614 495 746 533 minus
771 503 875 533 recte
906 497 1095 547 scriptum
1126 509 1199 547 pro

143 554 309 609 περισσόν
330 554 434 606 apud
452 554 617 593 eundem
647 554 837 593 Galenum
853 583 864 605 ,
883 554 975 592 item
995 554 1100 606 apud
1114 555 1196 592 Sto-

143 613 269 652 baeum
286 621 324 652 et
343 613 377 651 Τ
380 613 645 652 heodoretum.

196 672 260 712 Vs.
292 673 480 721 167-168.
500 672 594 712 Ἀλλ’
621 671 680 724 δ’γε
706 670 1001 724 πάντ’-γαίων]
1023 671 1200 711 Stobaeus

144 731 223 772 Ecl.
246 731 273 778 l,
300 733 346 770 16
365 746 456 782 pag.
482 733 558 777 354
579 731 696 784 (tom.
718 732 837 783 lpag.
859 732 932 770 135
950 732 1012 770 ed.
1035 732 1198 783 Gaisfi).

143 791 261 830 Prior
288 805 427 830 versus
452 792 556 843 apud
587 792 714 830 solum
739 791 935 829 Stobaeum
966 799 1100 837 exstat,
1134 805 1202 842 po-

141 851 285 889 sterior
313 851 429 889 etiam
451 851 555 902 apud
575 851 755 903 Simplic.
790 850 838 888 de
865 850 976 888 Coelo
993 863 1032 902 p.
1067 855 1115 898 47
1139 850 1197 888 ed.

142 909 325 960 Peyron3
345 911 534 950 Antonin.
554 911 658 950 Phil.
679 909 769 956 Xll,
788 910 831 958 33
853 909 1010 948 Tatium
1031 909 1073 948 in
1090 910 1196 949 Arat-

141 982 180 1018 p.
205 983 252 1017 77
283 970 344 1009 ed.
369 970 520 1017 Petav.;
544 969 672 1008 Schol.
702 968 802 1007 ibid.
835 982 871 1020 p.
900 969 975 1019 963
1007 967 1136 1007 Procl.
1159 969 1199 1007 in

143 1027 239 1067 Plat.
259 1028 452 1068 Timaeum
482 1043 521 1080 p.
553 1029 626 1066 160
654 1027 766 1082 (pag.
789 1028 864 1078 379
893 1027 954 1065 ed.
973 1027 1194 1073 Schneid.).

140 1086 283 1126 Versus
306 1089 376 1137 167
392 1089 434 1126 in
452 1087 597 1126 Stobaei
615 1086 820 1126 codicibus
836 1085 1025 1125 scribitur
1039 1087 1118 1124 ἀλλ’
1140 1086 1198 1138 ὅγε

140 1145 310 1185 πάντοθεν
322 1140 401 1190 ἴσος
418 1147 477 1185 καὶ
493 1146 645 1196 πάμπαν
662 1145 831 1198 ἀπείρων.
847 1144 925 1191 Qui
945 1159 1066 1196 quum
1087 1159 1197 1184 man-

139 1219 209 1244 cus
228 1206 299 1254 sit,
315 1206 476 1244 Grotius
492 1205 555 1245 ἐὼν
573 1213 661 1257 post
669 1197 747 1249 ἶσος
764 1205 946 1254 inseruit,
963 1205 1135 1255 Scaliger
1151 1207 1198 1244 ad

79 1279 82 1281 ·
141 1264 274 1303 Manil.
295 1265 454 1303 Astron.
474 1265 508 1312 I,
536 1265 608 1302 106
627 1278 667 1316 p.
691 1279 735 1312 17
754 1264 816 1303 ed.
834 1256 1051 1308 Luteciam
1069 1263 1132 1318 ἔφυ
1148 1266 1196 1304 ab

141 1323 374 1376 Empedocle
408 1325 605 1376 positum,
639 1324 871 1364 Karstenius
901 1324 1074 1372 ἷσοπαλής
1098 1326 1196 1364 scri-

122 1392 248 1434 “ptum
270 1383 452 1435 conjecit.
474 1383 620 1422 Versus
642 1384 715 1421 168
737 1383 779 1421 in
795 1382 939 1421 Stobaei
957 1385 1195 1436 exemplari-

139 1442 213 1482 bus
242 1443 390 1481 calamo
412 1444 580 1482 exaratis
601 1444 658 1482 sic
677 1442 844 1481 habetur
869 1455 878 1481 :
898 1448 1042 1495 σφαῖρος
1063 1445 1197 1482 κυκλο-

137 1502 239 1556 τερὴς
252 1533 262 1549 ,
283 1501 409 1554 μιμίης
423 1506 586 1555 περιτεθῆ
607 1501 741 1554 χαίρων
757 1502 818 1540 vel
838 1502 1017 1553 περιτείθη
1035 1503 1194 1555 χαίρωνς

135 1562 242 1613 apud
260 1563 448 1601 Antonin.
467 1571 524 1600 est
539 1562 623 1614 κόνῃ
636 1562 797 1615 περιήθεϊ
815 1561 939 1612 γαίων.
961 1562 1107 1600 Contra
1123 1562 1198 1617 Ta-

137 1621 216 1659 tius
239 1621 265 1658 l.
292 1635 327 1661 c.
361 1620 522 1659 exhibet
550 1620 663 1672 μούνῃ
687 1619 850 1674 περιηγέϊ
879 1620 1040 1673 χαίρων;
1068 1622 1194 1662 schol.

137 1679 238 1720 ibid.
255 1682 460 1733 κυκλοτερεῖ
474 1680 603 1732 μανίᾳ;
617 1694 740 1732 porro
762 1680 927 1719 Proclus
944 1681 985 1718 in
1003 1681 1194 1720 'l'imaeum

138 1738 166 1779 l.
181 1752 217 1779 e.
233 1738 322 1791 μόνῃ
345 1738 507 1791 περιηγέι·
524 1737 676 1792 χαίρων,
695 1739 765 1777 ubi
785 1738 1047 1778 Schneiderus
1066 1741 1194 1792 suspi-

135 1807 246 1837 catur
279 1801 366 1850 μονῇ
388 1800 652 1844 habitatione,
686 1798 857 1848 denique
886 1799 1117 1850 Simplicius
1149 1801 1195 1838 de

136 1857 233 1897 Coel.
252 1871 292 1909 p.
315 1863 363 1906 47
380 1857 442 1897 ed.
457 1858 574 1908 Peyr.
591 1857 754 1910 praebet,
771 1857 878 1909 quod
896 1857 944 1895 ab
964 1858 1196 1910 Empedocle

137 1918 355 1969 profectum
376 1930 460 1956 esse
487 1918 594 1956 dicas
618 1932 626 1955 :
662 1922 809 1969 σφαῖρος
839 1916 1052 1971 κυκλοτερὴς
1089 1919 1192 1972 μονίῃ

135 1975 301 2028 περιηγέϊ
313 1974 437 2028 γαίων.
460 1976 541 2027 Ego
561 1977 603 2014 in
624 1975 908 2014 conformando
935 1977 1059 2015 altero
1075 1991 1193 2017 versu

133 2050 223 2074 cum
255 2035 556 2074 Panzerbietero
592 2036 783 2086 Scaliger-i
819 2035 1085 2087 conjecturam
1102 2068 1112 2086 ‚
1151 2039 1192 2077 in

132 2095 413 2134 constituendo
448 2108 494 2133 eo
530 2095 598 2146 qui
625 2095 881 2151 subjungitur
909 2096 1106 2149 Simplicii
1137 2100 1191 2138 le-

131 2154 302 2193 ctionem
320 2163 474 2193 secutus
495 2168 596 2194 sum.
612 2155 806 2194 Hactenus
822 2154 870 2193 de
885 2156 1091 2207 scripturae
1117 2158 1192 2196 dis-

130 2214 346 2265 crepantia.
390 2213 519 2252 Restat
549 2214 710 2264 gravior
742 2215 907 2265 quaestio
937 2215 985 2253 de
1005 2229 1190 2255 versuum

130 2281 306 2313 auctore.
326 2272 500 2324 Namque
524 2273 640 2311 ambo
659 2273 702 2311 hi
730 2287 869 2312 versus
886 2276 1068 2327 apposito
1095 2277 1190 2314 Par-

132 2331 300 2370 menidis
316 2332 479 2370 nomine
493 2333 638 2370 servati
655 2341 747 2370 sunt
761 2346 782 2370 a
793 2332 948 2372 Stobaeo
969 2334 996 2373 l.
1012 2349 1046 2373 c.
1062 2334 1192 2380 Quare

130 2391 180 2429 ad
195 2391 468 2430 parmenidem
491 2401 690 2430 auctorem
707 2405 775 2430 eos
795 2393 944 2431 rettulit
960 2393 1191 2432 Brandisius

131 2450 173 2488 in
200 2450 417 2491 Comment.
447 2449 570 2490 Eleat.
601 2465 642 2502 p.
684 2452 756 2489 132
775 2480 785 2498 ,
809 2465 881 2490 nos
909 2451 1188 2504 Empedoclem

128 2508 377 2547 conditorem
395 2511 659 2558 agnoscimus.
683 2509 834 2548 Etenim
854 2524 975 2561 quum
994 2513 1190 2563 posterior

133 2580 270 2606 versus
288 2568 516 2619 Empedocli
529 2568 578 2606 ab
595 2569 770 2619 antiquis
782 2583 975 2609 consensu
992 2571 1188 2623 ascriptus

130 2625 183 2663 sit
195 2633 233 2663 et
249 2639 369 2676 quum
389 2630 534 2678 σφαῖρος
547 2626 786 2664 vocabulum
801 2628 852 2666 sit
873 2627 1187 2680 Empedocleum‚

127 2689 242 2741 cujus
262 2691 350 2729 loco
378 2691 634 2730 Parmenides
668 2697 801 2744 σφαῖρα
831 2693 963 2732 dicere
984 2695 1082 2733 solet
1113 2710 1122 2733 ε
1146 2697 1186 2734 in

128 2750 191 2789 his
206 2750 323 2790 rebus
346 2751 446 2790 nihil
477 2751 581 2789 valet
601 2752 686 2790 sive
706 2752 831 2803 ipsius
852 2752 1013 2803 Stobaei,
1035 2754 1118 2792 sive
1138 2755 1183 2793 li-

128 2810 353 2850 brariorum
374 2812 444 2862 qui
465 2812 627 2850 nomina
655 2825 756 2863 saepe
771 2811 1035 2851 confuderunt
1053 2823 1184 2852 aucto-

128 2869 236 2909 ritas.
257 2873 305 2910 At
321 2870 549 2909 Parmenidi
567 2885 704 2910 versus
730 2871 1003 2911 vindicaturus
1019 2873 1183 2911 Brandi-

127 2928 210 2968 sius
223 2929 355 2968 Procli
371 2931 486 2968 etiam
508 2931 733 2970 testimonio
748 2930 936 2972 abutitur.
956 2931 1050 2983 Ejus
1063 2932 1184 2971 verba

126 2999 149 3025 e
177 2987 470 3027 Commentario
493 2989 536 3027 in
569 2989 745 3028 Platonis
772 2990 963 3029 Timaeum
987 2991 1014 3030 l.
1041 3005 1076 3030 c.
1107 2991 1182 3029 de-

129 3055 312 3099 prompta
331 3046 412 3086 haec
437 3056 528 3086 sunt
549 3062 559 3085 ι
589 3047 629 3086 τὸ
649 3048 771 3097 νοητὸν
802 3055 873 3088 πᾶν
906 3049 1062 3088 τοιοῦτόν
1091 3051 1180 3098 ἔστι,

125 3106 346 3158 πανταχόθεν
371 3109 416 3151 εἷς
445 3106 550 3146 ἑαυτὸ
579 3112 742 3148 συννεῧον
758 3139 768 3157 ,
787 3127 802 3144 r<
818 3109 987 3148 πάντοθεν
1013 3110 1182 3149 εὐκύκλου

125 3163 275 3217 σφαίρης
306 3165 501 3218 ἐναλίγκιον
531 3165 628 3220 ὄγκῳ
661 3167 835 3218 μεσσόθεν
872 3165 1058 3214 ἷσοπαλές;
1087 3184 1102 3200 ιι
1122 3167 1182 3205 καὶ

125 3239 142 3257 α
165 3221 255 3274 μόνῃ
278 3223 371 3274 (leg.
397 3223 524 3276 μονίῃ)
544 3225 706 3277 περιηγέῖ
727 3225 853 3278 γαίων7
877 3244 891 3261 υ
914 3225 1020 3278 φησὶν
1041 3227 1059 3263 ὁ
1078 3226 1179 3278 Παρ-

126 3281 285 3331 μενίδης,
302 3282 347 3321 τὰ
367 3283 403 3321 δὲ
419 3282 508 3321 αὐτὰ
520 3283 579 3322 καὶ
597 3286 614 3322 ὁ
631 3284 892 3334 Ἐμπεδοκλῆς,
916 3284 1064 3322 Horum
1081 3297 1179 3335 quos

126 3339 289 3379 Proclus
320 3341 435 3380 affert
466 3356 651 3381 versuum
691 3344 807 3396 prior
844 3343 1092 3382 parmenidis
1123 3353 1180 3382 est

127 3398 204 3448 (cf.
227 3399 358 3440 Parm.
383 3401 522 3452 fragm.
548 3415 608 3443 vs.
636 3404 706 3442 103
719 3402 744 3454 )‚
765 3404 962 3455 posterior
984 3402 1177 3455 Empedo-

123 3456 211 3504 clis,
231 3471 329 3510 quos
343 3459 507 3500 Proclus
524 3462 751 3500 memoriter
770 3463 895 3500 citans
910 3462 1171 3501 commiscuit.

124 3514 180 3553 Ex
189 3516 247 3555 his
262 3518 429 3557 efficitur
437 3521 694 3571 posteriorem
710 3534 868 3560 versum
886 3523 1032 3574 σφαῖρος
1047 3522 1176 3559 κυκλο-

1265 377 1369 430 τερὴς
1388 379 1467 418 κτλ.
1493 392 1576 420 esse
1604 380 1866 432 Empedoclis.
1900 384 2112 423 Difficilius
2143 399 2237 424 vero
2265 396 2322 425 est

1262 438 1310 476 de
1324 439 1446 477 altero
1460 440 1656 478 versiculo
1672 440 1751 478 ἀλλ’
1761 439 1818 491 ὅγε
1833 442 2004 481 πάντοθεν
2025 445 2104 484 κτλ.
2127 454 2313 494 statuere,

1262 510 1376 548 quem
1393 498 1443 536 ab
1465 512 1543 536 uno
1557 499 1713 538 Stobaeo
1729 509 1927 539 servatum
1950 511 1990 540 ut
2004 503 2230 542 Parmenidi
2251 506 2320 544 tri-

1262 554 1378 594 buam
1401 556 1479 595 levi
1510 558 1579 595 illa
1608 559 1838 596 auctoritate
1857 559 1999 598 adduci
2036 574 2115 598 non
2143 575 2315 612 possum.

1260 614 1510 667 Quapropter
1521 616 1626 656 hunc
1641 631 1728 656 cum
1747 619 1967 670 posteriore
1983 620 2032 656 ad
2049 620 2211 658 eandem
2231 635 2316 659 sen·-

1264 674 1422 712 tentiam
1440 675 1639 726 pertinere
1660 676 1885 724 arbitratus,
1907 678 2057 730 pariter
2081 688 2198 731 atque
2220 682 2321 721 Kar-

1261 735 1410 773 stenius
1425 743 1462 772 et
1474 735 1798 775 Panzerbieterus
1828 737 2018 786 fecerunt,
2041 741 2316 792 Empedocleis

1262 793 1446 844 reliquiis
1481 795 1646 835 inserui.
1690 796 1865 835 Steinius
1902 798 2092 849 priorem,
2133 809 2319 852 tanquam

1260 853 1364 892 alius
1383 863 1505 905 poetae
1518 884 1528 902 ‚
1551 869 1709 894 versum
1730 857 1882 896 omisit.
1902 857 2024 896 Multa
2041 859 2089 897 de
2105 859 2167 898 bis
2195 863 2322 900 versi-

1260 911 1335 951 bus
1367 913 1549 953 Sturzius
1581 916 1783 954 annotavit
1817 930 1904 967 quae
1938 918 2073 955 omnia
2105 932 2322 959 memorare

1260 974 1572 1024 supersedemus.
1595 975 1724 1014 Pauca
1755 975 1871 1014 etiam
1899 977 2005 1028 apud
2031 978 2248 1029 Bentlcjum
2271 981 2319 1018 ad

1260 1031 1395 1072 Horat.
1418 1046 1534 1072 serm.
1563 1033 1616 1080 ll,
1641 1048 1679 1082 7,
1703 1035 1751 1073 83
1773 1034 1972 1084 leguntur.

1313 1089 1378 1131 Vs.
1406 1092 1494 1141 169.
1515 1090 1583 1129 ἔνθ’
1605 1091 1676 1130 οὔτ’
1693 1095 1768 1132 κτλ.
1785 1094 1800 1145 ]
1816 1094 2044 1145 Simplicius
2062 1095 2186 1147 Phys.
2207 1097 2318 1145 Vlll,

1261 1150 1285 1190 f.
1311 1165 1386 1199 272
1405 1150 1447 1190 b.
1473 1150 1636 1202 Εὔδημος
1656 1152 1692 1190 δὲ
1710 1152 1773 1201 τὴν
1791 1154 1977 1201 ἀκινησίαν
1995 1156 2030 1193 ἓν
2054 1158 2097 1208 τῇ
2120 1159 2181 1202 τῆς
2204 1157 2322 1210 φιλίας

1260 1210 1466 1264 ἐπικρατείᾳ
1511 1211 1605 1250 κατὰ
1648 1212 1706 1251 τὸν
1744 1219 1891 1267 σφαῖρον
1932 1214 2115 1268 ἐκδέχεται
2133 1247 2142 1263 ,
2181 1218 2320 1257 ἐπειδὰν

1261 1268 1403 1309 ἅπαντα
1420 1274 1592 1325 συγκριθῇ

1313 1369 1381 1408 ἔνθ’
1397 1368 1469 1408 οὔτ’
1490 1369 1622 1418 ἠελίοιο
1637 1370 1802 1410 διείδεται
1823 1371 1918 1411 ὠκέα
1939 1378 2021 1424 γυῖα
2036 1401 2046 1420 ,

1259 1429 1352 1477 ἀλλ’,
1371 1428 1418 1473 ὥς
1437 1446 1541 1482 φησιν

1312 1489 1420 1533 οὕτως
1440 1489 1612 1542 ἁρμονίης
1633 1492 1770 1544 πυκινῷ
1791 1491 1906 1544 κρύφα
1925 1491 2131 1544 ἐστήρικται

1313 1552 1458 1602 σφαῖρος
1475 1548 1688 1603 κυκλοτερὴς
1709 1553 1813 1602 μονιῇ
1834 1551 2018 1604 περιγηθέϊ
2033 1551 2134 1592 αἰών.

1259 1649 1457 1702 ἀρξαμένου
1475 1649 1511 1688 δὲ
1533 1650 1636 1688 πάλιν
1658 1653 1718 1689 τοῦ
1736 1650 1870 1695 νείκους
1886 1652 2100 1704 ἐπικρατεῖν,
2117 1651 2193 1690 τότε
2211 1653 2318 1692 πάλιν

1257 1709 1392 1757 κίνησις
1414 1711 1447 1748 ἐν
1467 1712 1518 1748 τῶ
1537 1709 1676 1764 σφαίρῳ
1691 1709 1840 1762 γίνεται·

1310 1811 1427 1850 πάντα
1441 1812 1508 1865 γὰρ
1530 1810 1638 1859 ἑξείης
1656 1809 1866 1861 πελεμίζετο
1879 1816 1961 1863 γυῖα
1980 1811 2083 1850 θεοῖο.

1258 1915 1303 1953 In
1333 1915 1396 1953 his
1427 1912 1561 1951 verbis
1583 1912 1736 1964 primus
1763 1925 1879 1963 quem
1912 1911 2045 1949 laudat
2081 1924 2219 1949 versus
2249 1910 2317 1949 ἔνθ’

1256 1973 1327 2013 οὔτ’
1352 1975 1429 2012 κτλ.
1448 1973 1524 2011 huc
1539 1972 1711 2024 pertinet
1727 1986 1736 2019 ;
1766 1971 1814 2009 de
1831 1971 1997 2021 reliquis
2016 1970 2120 2008 infra
2143 1983 2316 2019 agemus.

1257 2033 1495 2082 Intelligitur
1527 2040 1657 2070 autem
1696 2043 1745 2068 ex
1779 2029 1945 2068 Eudemi
1982 2029 2094 2080 cujus
2136 2030 2315 2068 meminit

1254 2092 1483 2143 Simplicius
1503 2091 1551 2129 de
1573 2089 1838 2142 Empedoclea
1860 2089 2116 2140 philosophia
2139 2087 2314 2140 judicio,

1254 2150 1558 2202 explicationem
1579 2148 1774 2200 quandam
1792 2148 1877 2185 sive
1889 2148 2194 2199 descriptionem
2211 2149 2317 2199 quie-

1256 2209 1304 2247 tis
1321 2222 1452 2246 rerum
1471 2217 1620 2246 naturae
1638 2207 1820 2259 corporis
1841 2208 1916 2245 hoc
1947 2207 2144 2246 versiculo
2177 2209 2310 2246 conti-

1254 2274 1354 2309 neri.
1377 2269 1563 2308 Naturam
1585 2268 1873 2319 contemplatur
1893 2275 2010 2318 poeta
2040 2281 2118 2317 quo
2140 2276 2316 2319 tempore

1254 2329 1389 2366 onmia
1419 2330 1461 2366 in
1494 2327 1658 2379 sphaerae
1688 2327 1853 2364 formam
1884 2326 2129 2367 coaluerunt.
2153 2326 2314 2366 Cunctis

1253 2402 1348 2427 vero
1379 2389 1421 2426 in
1444 2401 1562 2426 unam
1596 2386 1697 2424 hanc
1731 2387 1896 2436 figuram
1927 2385 2172 2436 conglobatis
2194 2400 2310 2424 unam

1251 2461 1336 2486 esse
1351 2448 1470 2485 totius
1489 2455 1638 2484 naturae
1657 2445 1810 2493 faciem,
1830 2445 1931 2483 nihil
1957 2445 2186 2493 discretum,
2209 2446 2308 2484 nihil

1251 2507 1478 2545 distinctum
1498 2505 1664 2556 reperiri
1680 2518 1837 2543 necesse
1860 2514 1933 2543 est.
1959 2504 2120 2555 Legitur
2140 2505 2306 2544 διεῖδε-,αι

1250 2567 1344 2606 ὠκέα
1372 2569 1476 2618 γυῖα,
1508 2564 1621 2616 cujus
1642 2564 1729 2603 loco
1763 2564 1889 2603 codex
1914 2564 1947 2601 T
1951 2565 2174 2604 aurinensis
2193 2566 2309 2605 habet

1250 2627 1411 2665 δειείεται
1431 2625 1526 2665 ὠκέα
1547 2629 1608 2678 γῆ.
1639 2624 1964 2663 Panzerbieterus
1989 2630 2071 2676 γυῖα
2109 2627 2303 2674 servavit;

1250 2687 1440 2736 Bergkius
1458 2686 1546 2726 Act.
1568 2685 1705 2723 societ.
1729 2683 1799 2722 Gr.
1823 2683 1856 2731 1,
1882 2698 1895 2721 1
1917 2698 1957 2735 p.
1978 2685 2054 2722 203
2075 2698 2182 2735 seqq.
2208 2700 2304 2723 con-

1243 2747 1339 2797 jecit
1360 2745 1454 2783 ὠκέα
1476 2743 1603 2795 αἴγλη,
1634 2743 1866 2782 Karstenius
1889 2742 1968 2788 ὀξέα
2003 2743 2114 2793 αὐγή,
2149 2744 2308 2783 Geelius

1247 2805 1350 2857 apud
1371 2804 1620 2843 Karstenium
1638 2816 1728 2855 pag.
1750 2804 1823 2841 521
1848 2803 1967 2850 ἠελίου
1990 2804 2192 2843 διαείδεται.
2207 2805 2302 2843 Mihi

1246 2877 1404 2903 versum
1438 2864 1511 2901 186
1547 2861 1664 2915 (ἥλιος
1698 2861 1865 2909 ὀξυὸελὴς
1899 2861 1997 2914 κτλ.)
2042 2864 2305 2902 consideranti

1246 2932 1360 2975 poeta
1381 2923 1537 2962 videtur
1559 2921 1624 2961 ἔνθ’
1640 2920 1710 2960 οὔτ’
1729 2921 1862 2969 ἠελίοιο
1879 2921 2043 2961 διείδεται
2063 2921 2191 2976 [ὀξέα]
2213 2923 2306 2961 ὠκέα

1245 2984 1337 3030 κῆλα
1364 2983 1582 3035 scripsisse.
1608 2981 1702 3020 Nam
1719 2983 1811 3029 κῆλα
1832 2985 1922 3021 θεοῖο
1949 2981 2061 3020 lliad.
2089 2982 2157 3019 lib.
2191 2982 2222 3028 1,
2257 2982 2304 3019 53

1245 3042 1474 3081 scholiastes
1507 3042 1671 3093 exponit
1702 3041 1810 3094 βέλη;
1842 3042 1921 3093 ipsi
1953 3054 2049 3080 vero
2085 3041 2181 3079 solis
2203 3041 2304 3079 radii

1242 3102 1378 3155 χρύσεα
1391 3103 1485 3149 κῆλα
1504 3101 1624 3149 ἠελίου
1646 3102 1831 3140 dicuntur
1848 3101 1984 3140 Probl.
2008 3100 2168 3139 arithm.
2195 3101 2260 3138 32.

1297 3161 1360 3201 Vs.
1385 3176 1473 3210 170.
1496 3166 1642 3215 σφαῖρον
1666 3160 1748 3213 ἔην]
1775 3161 2005 3212 Simplicius
2040 3160 2158 3210 Phys.
2195 3159 2296 3204 Vlll,

1243 3223 1269 3262 f.
1294 3222 1371 3260 258
1388 3235 1437 3274 a:
1461 3222 1519 3260 τὸν
1549 3225 1719 3275 σφαῖραν,
1743 3220 1780 3258 ὃν
1809 3221 1868 3258 καὶ
1895 3221 1971 3259 θεὸν
2003 3219 2214 3270 ἐπονομάζει
2243 3219 2303 3257 καὶ

1240 3281 1429 3334 οὐδετέρως
1458 3280 1543 3320 ποτὲ
1574 3280 1688 3319 καλεῖ·
1715 3282 1865 3332 σφαῒρον
1884 3278 1959 3326 ἔην.
1989 3279 2090 3328 Ergo
2107 3292 2185 3316 non
2216 3288 2302 3316 tan-

1241 3349 1323 3380 tum
1350 3342 1368 3379 δ
1391 3346 1537 3394 σφαῖρος
1558 3339 1812 3392 Empedocles
1841 3341 2073 3390 usurpavit,
2094 3338 2161 3375 sed
2182 3337 2296 3374 etiam

1239 3399 1277 3438 τὸ
1297 3403 1457 3453 σφαῒρον.
1489 3400 1709 3449 Utrumque
1741 3398 1844 3436 haud
1879 3398 1963 3436 scio
2001 3410 2049 3434 an
2076 3396 2298 3433 Siculorum

1237 3461 1404 3500 dialecto
1421 3462 1627 3513 proprium
1651 3458 1781 3497 fuerit.

1291 3521 1359 3560 Vs.
1397 3522 1589 3569 171-173.
1630 3516 1740 3570 χωρὶς
1786 3522 1855 3553 πᾶν
1889 3514 1929 3554 τὸ
1961 3511 2298 3566 βαρὺ-θάλασσα]
