2612 3814
979 197 1158 238 MESAEI
1186 198 1439 239 CARMINA.
2240 207 2309 242 161

207 291 325 346 μήων.
347 307 363 326 υ
383 289 442 331 Τὰ
463 288 498 328 δὲ
516 288 619 344 ἕτερα
636 290 677 328 ἐκ
696 287 883 329 Μουσαίου
903 290 1077 341 χρησμῶν
1095 303 1187 339 μνη-

208 350 411 404 μονεύουσι·
426 348 567 402 καὶγὰρ
595 346 830 398 Ἀθηναίοισιν
850 348 929 388 κτλ.
944 351 1007 386 Vs.
1028 347 1050 386 5
1068 348 1186 399 vulgo

207 414 261 450 ita
292 411 422 450 editur
456 424 466 448 ε
503 408 684 457 ἡτταλοισ’
703 407 881 460 ἠμύσουσι
903 409 980 460 (al.
1016 401 1092 461 ἦγ’
1111 406 1189 452 ἅλις

206 467 402 522 ἠμύσουσι)
435 467 559 520 πόλιν,
598 466 736 507 τίσουσι
777 466 815 507 δὲ
850 467 992 516 ποινήν.
1043 469 1187 518 Scripsi

208 531 317 582 quod
332 529 518 568 sententia
542 530 740 579 postulare
752 528 961 567 videbatur
983 541 992 567 ε
1014 525 1190 571 Ἑλλάδος

207 589 383 641 ἠμύσουσι
400 587 518 632 πόλεις
534 588 614 629 κτλ.
630 590 646 639 )

208 670 347 712 Αὐτίκα
376 671 414 711 δὲ
435 671 572 720 Χθονίη
594 673 690 728 σφῷν
712 671 754 720 δὴ
782 671 924 711 πινυτὸν
945 671 1036 726 φάτο
1057 674 1187 724 μῦθον,

207 731 270 772 σὺν
285 731 323 771 δέ
343 747 380 771 τε
400 732 555 787 Πύρκων
573 731 773 785 ἀμφίπολος
787 732 915 772 κλυτοῦ
928 730 1188 784 Ἐννοσιγαίου.

268 809 497 863 (Pausanias
526 812 593 849 lib.
631 813 672 850 X
695 825 779 862 cap.
804 810 844 860 5,
869 810 889 848 3
915 823 924 849 τ
954 806 1065 850 Ἔστι
1092 807 1128 848 δὲ
1153 809 1188 848 ἓν

208 867 366 919 Ἕλλησι
385 869 546 921 ποίησις,
568 869 682 923 ὄνομα
710 870 774 922 μὲν
796 870 868 915 τοῖς
889 869 1009 908 ἔπεσιν
1042 870 1189 920 Εὐμολ-

208 928 295 980 πία,
312 929 489 984 Μουσαίῳ
509 929 544 969 δὲ
564 933 614 982 τῷ
637 928 874 985 Ἀντιοφήμου
894 932 1128 983 προσποιοῧσι
1145 929 1189 969 τὰ

207 990 296 1039 ἔπη·
317 989 556 1041 πεποιημένον
571 984 630 1030 oliv
651 991 745 1029 ἐστιν
766 990 802 1028 ἐν
821 988 953 1034 τούτοις
967 988 1189 1031 Ποσειδῶνος

208 1052 244 1090 ἐν
268 1052 375 1104 κοινῷ
395 1050 455 1089 καὶ
481 1052 553 1098 Γῆς
573 1043 662 1088 εἶναι
685 1049 724 1088 τὸ
746 1054 933 1102 μαντεῖον,
952 1047 1014 1087 καὶ
1030 1046 1094 1095 τὴν
1123 1047 1188 1100 μὲν

209 1116 300 1164 χρᾷν
321 1109 453 1158 αὐτήν,
486 1110 684 1150 Ποσειδῶνι
709 1106 745 1148 δὲ
766 1108 945 1161 ὑπηρέτην
979 1109 1012 1152 ἐς
1030 1106 1075 1146 τὰ
1098 1123 1188 1159 μαν-

209 1170 368 1219 τεύματα
385 1162 475 1208 εἶναι
495 1166 690 1222 Πύρκωνα.
713 1166 787 1208 Καὶ
807 1166 917 1212 οὕτως
935 1166 1009 1220 ἔχει
1029 1165 1074 1206 τὰ
1099 1166 1167 1216 ἔπη
1180 1183 1188 1192 ·

209 1228 347 1269 Αὐτίκα
368 1229 405 1269 δὲ
431 1227 583 1278 Χθονίης
600 1228 679 1268 κτλ.
708 1229 877 1267 Βεεῑίῐίιί
905 1229 1187 1266 nominativum

210 1287 363 1336 Χθονίη.
383 1288 395 1341 )

209 1366 276 1412 Ὡς
297 1365 366 1406 αἷεὶ
386 1366 493 1420 τέχνη
515 1365 596 1419 μέγ’
621 1364 775 1418 ἀμείνων
800 1365 920 1419 ἰσχύος
939 1364 1049 1405 ἐστίν.

266 1445 277 1497 (
294 1444 468 1483 Clemens
484 1446 592 1483 Alex.
612 1444 754 1484 Strom.
768 1447 819 1483 VI
836 1458 873 1496 p.
891 1445 970 1483 618
984 1458 1002 1483 .:
1022 1442 1191 1498 Γράψαν-

130 1583 244 1617 Statim
262 1591 339 1617 vero
355 1583 465 1616 Tellus
488 1583 581 1616 vobis
604 1583 764 1617 ambobus
784 1584 913 1626 sapiens
935 1583 1027 1616 dedit
1053 1593 1191 1626 respon·

131 1644 297 1688 simulque
314 1647 442 1687 Pyrcon
458 1671 467 1687 ‚
488 1645 624 1678 illustris
639 1645 780 1688 Neptuni
795 1646 954 1679 minister.
987 1663 1027 1670 —
1095 1644 1188 1688 [sum
1255 1647 1303 1680 sic
1316 1648 1349 1680 et
1363 1647 1531 1680 hominum
1549 1648 1716 1690 progemes
1738 1650 1772 1681 et
1788 1648 1864 1681 folia
1884 1648 1915 1681 in
1936 1647 2049 1681 orbem
2076 1651 2165 1681 eunt.
2186 1669 2227 1679 ..-

1255 1707 1444 1740 Jucundum
1469 1708 1565 1741 etiam
1595 1710 1646 1742 est
1675 1708 1806 1750 audire,
1834 1717 1910 1751 qum
1932 1708 2126 1741 mortalibus
2143 1708 2322 1742 struxerint

1255 1766 1475 1809 immortales,
1497 1767 1710 1801 manifestum
1732 1768 1894 1801 malorum
1921 1768 2153 1811 bonorumque
2179 1769 2321 1811 signum.

131 1706 214 1738 Nam
234 1713 365 1747 semper
387 1713 442 1738 ars
456 1705 550 1747 longe
568 1706 675 1748 ponor
692 1705 815 1739 viribus
830 1706 892 1739 est.
926 1724 966 1731 —

133 1763 286 1798 Similiter
299 1768 332 1799 et
346 1766 419 1799 folia
433 1765 537 1807 gignit
552 1766 638 1799 alma
663 1770 746 1800 terra
759 1777 768 1807 ;

288 3504 406 3529 Furnos·
433 3507 527 3532 GREC.

1341 286 1399 330 τός
1420 301 1457 324 τε
1477 285 1663 325 Μουσαίου
1677 301 1684 309 ·
1717 288 1764 330 ὡς
1794 288 1863 326 αἰεὶ
1895 290 1974 329 κτλ,
1997 286 2165 342 (Όμηρος
2198 289 2318 342 λέγει·

1331 345 1498 458 {musy
1510 344 1678 398 δρυτόμος
1691 345 1911 399 περιγίνεται
1924 346 1966 395 ἠὲ
1977 347 2078 403 βίῃφι
2092 349 2154 402 [ll.
2164 352 2314 400 XXIII,

1366 406 1409 444 15
1444 434 1452 442 .

1332 501 1396 548 Ὡς
1413 503 1443 542 δ’
1460 502 1573 548 αὔτως
1588 501 1651 542 καὶ
1672 503 1788 557 φύλλα
1809 501 1888 556 φύει
1910 501 2073 554 ζείδωρος
2094 502 2247 557 ἄρουρα·

1252 576 1288 603 20
1331 562 1423 601 ἄλλα
1446 561 1509 614 μὲν
1526 564 1560 602 ἐν
1583 562 1747 614 μελίῃσιν
1763 561 1972 617 ἀποφθίνει,
1994 561 2086 600 ἄλλα
2106 562 2142 600 δὲ
2163 563 2262 615 φύει·

1333 620 1381 667 ὣς
1402 621 1439 661 δὲ
1458 621 1520 673 καὶ
1536 622 1722 676 ἀνθρώπου
1739 620 1842 675 γενεὴ
1863 620 1925 660 καὶ
1947 620 2078 675 φύλλον
2100 620 2246 661 ἑλίσσει.

1388 719 1584 770 (Clemens
1601 721 1663 758 Al.
1687 719 1867 758 St1·0m.l.
1896 732 1928 756 c.
1952 729 1961 757 Ξ
1991 716 2111 757 Πάλιν
2133 719 2194 756 τοῦ
2221 718 2319 758 Μου-

1333 778 1435 818 σαίου
1467 778 1701 827 ποιήσαντος·
1735 781 1782 822 ὥς
1817 779 1846 817 δ’
1889 776 2005 822 αὕτως
2040 778 2118 816 κτλ.
2150 776 2318 830 “Ὀμηρος

1332 838 1563 893 μεταγράφει·
1585 838 1716 880 Φύλλα
1732 838 1778 878 τὰ
1796 837 1862 889 μέν
1875 837 1906 876 τ’
1915 837 2042 890 ἄνεμος
2058 837 2217 889 χαμάδις
2229 836 2319 890 χέει,

1333 898 1423 938 ἄλλα
1445 899 1482 938 δέ
1503 901 1532 938 θ’
1551 898 1618 947 ὕλη
1636 897 1852 947 Τηλεθόωσα
1874 896 1973 951 φύει,
1992 897 2094 951 ἔαρος
2115 898 2146 936 δ’
2166 897 2320 949 ἐπιγίνε·

1332 973 1391 996 ται
1422 956 1518 1011 ὥρῃ·
1540 956 1611 1002 Ὣς
1643 958 1779 1010 ἀνδρῶν
1809 956 1933 1010 γενεή,
1961 961 1984 1006 ἡ
2009 958 2073 1009 μὲν
2104 956 2206 1011 φύει,
2240 959 2263 1005 ἡ
2286 957 2320 996 δ’

1334 1015 1522 1069 ἀπολήγει.
1547 1014 1689 1071 [Iliad.
1706 1019 1773 1067 VI,
1799 1022 1975 1069 147-149
1987 1014 2048 1071 ].)

1333 1110 1422 1150 Ἡδὺ
1441 1110 1475 1150 δὲ
1494 1111 1553 1150 καὶ
1573 1110 1613 1150 τὸ
1629 1111 1798 1151 πυθέσθαι
1817 1110 1883 1150 ὅσα
1905 1112 2076 1160 θνητοῖσιν
2097 1110 2240 1163 ἔδειμαν

1336 1170 1526 1210 ἀθάνατοι·
1551 1171 1674 1209 δειλῶν
1700 1186 1737 1209 τε
1758 1170 1817 1209 καὶ
1837 1172 1969 1210 ἐσθλῶν
1990 1171 2128 1225 τέκμαρ
2161 1168 2320 1223 ἐναργές.

1393 1266 1592 1318 (Clemens
1610 1268 1717 1305 Alex.
1739 1268 1878 1305 Strom.
1898 1269 1965 1314 VI,
1987 1280 2026 1316 p.
2048 1267 2142 1314 628,
2158 1267 2226 1303 ubi
2245 1267 2321 1305 He-

1337 1327 1469 1364 siodus
1489 1327 1633 1364 dicitur
1654 1328 1724 1364 hos
1740 1327 1837 1364 duos
1857 1339 1987 1364 versus
2014 1324 2112 1378 παρὰ
2136 1324 2321 1364 Μουσαίου

1337 1383 1459 1424 λαὸὼν
1476 1389 1537 1424 τοῦ
1557 1387 1707 1433 ποιητοῦ
1727 1385 1820 1424 κατὰ
1839 1384 1931 1430 λέξιν
1957 1384 2015 1423 ἐπὶ
2035 1388 2095 1423 τοῦ
2114 1384 2319 1435 Μελάμπο-

1336 1445 1391 1489 δος
1405 1444 1635 1499 γεγραφέναι.
1654 1443 1665 1498 )

1257 1584 1319 1618 alia
1335 1585 1470 1627 quidem
1484 1585 1517 1618 in
1540 1585 1673 1618 fraxinis
1690 1585 1856 1628 deperdit,
1871 1586 1934 1618 alia
1950 1586 2050 1627 gignit
2078 1599 2085 1618 :
