2612 3814
289 256 366 290 250

302 351 332 378 ο.
361 335 452 376 Ἀπὸ
470 334 618 375 τουτέων
637 333 918 387 ἀποκρινομένων
939 334 1185 385 συμπήγνυται
1203 337 1250 386 γῆ
1262 348 1272 358 ·
1290 335 1329 372 ἐκ

366 394 428 445 μὲν
457 394 525 446 γὰρ
557 395 626 432 τῶν
657 391 827 446 νεφελέων
854 391 947 445 ὕδωρ
967 392 1211 446 ἀποκρίνεται,
1239 393 1279 431 ἐκ
1301 392 1336 431 δὲ

364 456 426 492 τοῦ
446 451 568 496 ὕδατος
583 453 652 503 γῆ,
676 451 715 490 ἐκ
731 449 767 490 δὲ
786 452 847 498 τῆς
869 453 933 503 γῆς
953 450 1042 490 λίθοι
1069 450 1338 502 συμπήγνυνται

366 511 434 551 ὑπὸ
457 515 517 551 τοῦ
542 513 698 565 ψυχροῦ·
719 503 811 550 οὗτοι
830 508 867 549 δὲ
892 510 1104 564 ἐκχωρέουσι
1127 510 1260 562 μᾶλλον
1280 514 1339 549 τοῦ

365 570 502 615 ὕδατος.

419 630 661 683 (Simplicius
679 629 895 668 Comment.
924 628 965 666 in
985 628 1106 667 Arist.
1127 628 1245 678 Phys.
1270 628 1335 666 sol.

369 691 419 728 38
440 689 466 728 b
488 704 498 728 z
514 688 605 728 οὕτω
623 688 690 741 γάρ
710 699 827 740 φησιν·
850 686 918 726 ἀπὸ
932 687 1079 726 τουτέων
1095 688 1173 727 κτλ.
1190 687 1250 726 Cf.
1269 687 1334 725 fol.

367 750 416 786 33
442 748 482 797 b,
497 748 565 788 ubi
586 748 727 798 legitur
738 747 830 790 λίθος
842 746 1104 799 συμπήγνυται.
1124 748 1189 785 Est
1212 755 1338 785 autem

365 809 405 846 ἐκ
426 809 494 845 τῶν
508 807 677 860 νεφελέων
698 806 799 845 idem
818 806 922 858 quod
942 804 976 850 ἐξ
996 805 1107 858 ἀέρος.
1135 806 1199 844 Sic
1233 806 1338 844 enim

364 866 590 919 Simplicius
622 866 688 906 sol.
721 867 790 904 106
809 878 831 903 a
849 878 859 905 z
879 867 969 918 ὁρῶν
986 858 1044 903 οὗν
1062 871 1132 904 πᾶν
1149 865 1188 903 ἐκ
1210 865 1340 909 παντὸς

365 924 559 976 γινόμενον,
595 926 624 963 εἷ
653 924 783 975 καὶμὴ
816 923 974 975 ἀμέσως,
997 923 1088 963 ἀλλὰ
1119 923 1210 963 κατὰ
1227 923 1338 975 τάξιν,

363 983 423 1022 καὶ
441 982 509 1035 γὰρ
531 986 570 1022 ἐκ
591 982 700 1035 πυρὸς
720 981 788 1034 ἀὴρ
811 983 871 1022 καὶ
902 981 936 1027 ἐξ
957 982 1055 1035 ἀέρος
1089 982 1181 1035 ὕδωρ
1213 982 1273 1021 καὶ
1305 982 1339 1028 ἐξ

364 1042 487 1087 ὕδατος
506 1044 552 1094 γῆ
571 1043 630 1081 καὶ
651 1043 689 1082 ἐκ
705 1045 768 1093 γ’ἥς
787 1042 880 1086 λίθος
896 1041 957 1080 καὶ
974 1043 1013 1080 ἐκ
1030 1042 1126 1082 λίθου
1146 1041 1253 1081 πάλιν
1267 1045 1338 1094 πῦρ

363 1100 457 1155 κτλ.)

303 1172 350 1201 10.
372 1158 573 1213 ἀνθρώπους
601 1175 638 1199 τε
675 1163 907 1213 συμπαγῆναι
933 1161 994 1200 καὶ
1018 1160 1129 1201 τᾶλλα
1158 1163 1252 1208 ζῶα,
1274 1159 1340 1201 ὅσα

365 1216 480 1271 ψυχὴν
508 1218 603 1271 ἔχει·
631 1219 690 1259 καὶ
722 1219 815 1259 τοῖσί
842 1235 882 1272 γε
916 1219 1129 1274 ἀνθρώποισι
1163 1203 1251 1259 εἶναι
1279 1220 1341 1259 καὶ

365 1275 487 1321 πόλιας
516 1279 766 1332 συνῳκημένας
792 1278 854 1319 καὶ
887 1277 975 1334 ἔργα
1005 1279 1339 1331 κατεσκευασμένα,

365 1334 486 1388 ὥσπερ
505 1336 590 1390 παρ’
610 1338 712 1390 ἡμῖν,
735 1338 796 1378 καὶ
812 1337 931 1386 ἠέλιόν
951 1355 988 1378 τε
1010 1340 1147 1378 αὐτοῖσι
1167 1332 1256 1378 εἶναι
1280 1337 1341 1376 καὶ

367 1394 516 1443 σελήνην
551 1396 611 1436 καὶ
641 1396 781 1448 τᾶλλα,
812 1396 933 1450 ὥσπερ
965 1398 1049 1452 παρ’
1077 1401 1177 1450 ἡμῖν,
1199 1397 1259 1437 καὶ
1278 1396 1340 1444 τὴν

364 1456 430 1505 γῆν
465 1455 600 1495 αὗτοῖσι
637 1455 732 1509 φύειν
766 1456 882 1496 πολλά
915 1473 953 1497 τε
985 1458 1046 1497 καὶ
1084 1460 1258 1508 παντοῖα,
1292 1449 1341 1497 ὧν

367 1515 492 1553 ἐκεῖνοι
513 1513 558 1553 τὰ
583 1516 728 1563 ὀνήϊστα
750 1515 1026 1568 συνενεικᾶμενοι
1055 1517 1089 1562 ἐς
1112 1515 1175 1564 τὴν
1204 1516 1340 1566 οἴκησιν

365 1569 544 1625 χρέονται.

419 1631 657 1684 (Simplicius
674 1633 888 1672 Comment.
901 1636 941 1674 in
956 1635 1115 1674 Aristot.
1127 1636 1249 1687 Phys.
1271 1637 1337 1676 fol.

368 1691 416 1729 33
450 1690 493 1742 b,
517 1691 586 1730 ubi
610 1691 710 1731 hanc
727 1695 890 1745 apponit
908 1695 1209 1747 explicationem
1239 1710 1247 1733 :
1280 1694 1341 1734 καὶ

363 1749 419 1788 ὅτι
447 1750 509 1801 μὲν
537 1750 658 1804 ἑτέραν
681 1752 759 1792 τινὰ
787 1753 1020 1805 διακόσμησιν
1052 1755 1151 1807 παρὰ
1171 1754 1234 1801 τὴν
1253 1758 1340 1810 παρ’

365 1813 451 1860 ἡμῖν
474 1811 684 1860 αἰνίττεται,
707 1812 807 1859 δηλοῖ
836 1811 875 1851 τὸ
897 1813 1016 1867 ὥσπερ
1052 1815 1136 1866 παρ’
1158 1818 1245 1867 ἡμῖν
1277 1818 1342 1870 οὐχ

368 1869 461 1915 ἅπαξ
478 1870 672 1922 εἰρημένον.
689 1872 789 1911 Add.
810 1873 926 1924 Diog.
946 1874 1073 1916 Laert.
1106 1875 1178 1915 lib.
1207 1876 1260 1925 ll,
1283 1879 1306 1915 6
1326 1891 1339 1917 ε

367 1928 431 1976 τὴν
451 1930 598 1979 σελήνην
619 1930 771 1979 οἰκήσεις
802 1930 911 1986 ἔχειν,
932 1934 1023 1973 ἀλλὰ
1040 1934 1099 1973 καὶ
1125 1935 1250 1988 λόφους
1280 1935 1342 1976 καὶ

368 1987 564 2042 φάραγγας.
587 1990 697 2030 Conf.
714 1991 890 2044 Simplic.
909 1993 974 2032 fol.
997 1995 1019 2031 8
1040 1993 1090 2046 a.)

302 2062 347 2090 u.
365 2048 471 2089 Οὕτω
495 2048 644 2088 τουτέων
672 2050 958 2104 περιχωρεόντων
992 2069 1031 2092 τε
1061 2053 1122 2092 καὶ
1150 2055 1343 2108 ἀποκρινο-

368 2109 479 2160 μένων
500 2108 568 2148 ὑπὸ
595 2109 672 2161 βίης
693 2126 731 2150 τε
750 2109 809 2149 καὶ
829 2115 1036 2164 ταχυτῆτος.
1060 2113 1146 2162 Βίην
1179 2115 1214 2153 δὲ
1238 2118 1259 2163 ἡ
1281 2132 1344 2154 τα-

368 2167 479 2221 χυτὴς
509 2168 680 2216 ποιέει,ἡ
711 2168 747 2208 δὲ
766 2171 922 2222 ταχυτὴς
941 2172 1074 2212 αὐτέων
1107 2174 1220 2213 οὐδενὶ
1251 2173 1344 2214 ἔοικε

366 2227 527 2280 χρήματι
546 2226 608 2275 τὴν
624 2231 805 2280 ταχυτῆτα
826 2231 896 2268 τῶν
917 2235 976 2270 νῦν
997 2231 1124 2271 ἐόντων
1146 2225 1343 2285 χρημάτων

370 2289 404 2326 ἐν
423 2287 657 2342 ἀνθρώποισι,
677 2287 769 2328 ἀλλὰ
791 2288 932 2335 πάντως
948 2292 1225 2338 πολλαπλασίως
1251 2293 1343 2348 ταχύ

367 2348 452 2387 ἐστι.

425 2406 665 2458 (Simplicius
701 2407 917 2450 Comment.
952 2410 995 2449 in
1032 2411 1194 2452 Aristot.
1220 2413 1340 2466 Phys.

373 2465 439 2504 sol.
466 2466 489 2503 8
510 2478 532 2504 a
552 2480 561 2504 ι
581 2465 728 2506 ἄκουσον
762 2467 798 2506 δὲ
828 2462 883 2507 οἶα
909 2468 970 2508 καὶ
993 2471 1070 2520 μετ’
1102 2471 1204 2524 ὀλίγα
1237 2473 1342 2526 φησὶν

370 2517 432 2565 τὴν
466 2519 594 2572 ἀμφοῖν
626 2519 833 2570 ποιούμενος
867 2521 1060 2576 σύγκρισιν·
1087 2524 1179 2564 οὕτω
1213 2526 1345 2566 τούτων

372 2577 658 2630 περιχωρούντων
674 2580 752 2620 κτλ.
775 2581 843 2632 qui
863 2582 981 2630 διττὴν
1002 2583 1176 2637 διάκρισιν
1202 2594 1240 2624 et
1267 2587 1342 2626 δια-

372 2635 546 2687 κόσμησιν
565 2636 615 2676 ab
639 2637 868 2690 Anaxagora
898 2643 1013 2682 statui
1048 2644 1156 2685 dicit.
1186 2645 1342 2685 Certum

373 2703 431 2734 est
442 2693 507 2734 hic
520 2695 710 2747 disputari
725 2698 773 2737 de
786 2708 891 2738 motu
908 2714 986 2752 quo
1000 2703 1139 2741 coelum
1161 2713 1198 2742 et
1215 2705 1344 2744 sidera

1010 246 1040 282 A
1050 244 1350 284 NAXAGORAE
1379 244 1714 286 FRAGMEMA.

1478 334 1573 372 olim
1600 334 1651 372 ab
1682 334 1875 386 indigesta
1900 335 2004 375 mole
2024 345 2223 387 segregata
2254 347 2356 378 sunt.
2383 337 2459 378 Sed

1479 393 1615 431 eodem
1647 402 1754 433 motu
1787 395 1904 433 etiam
1937 409 2041 434 nunc
2062 396 2254 445 feruntur,
2272 398 2458 449 quoniam

1487 453 1603 490 durat
1637 453 1764 492 adhuc
1811 462 1927 506 atque
1967 454 2065 494 adeo
2096 455 2137 494 in
2171 465 2357 496 aeternum
2393 458 2461 497 du·

1481 512 1596 550 rabit.
1616 511 1834 551 Verborum
1862 522 2066 554 structurae
2096 517 2119 562 ἡ
2151 515 2188 554 δὲ
2218 515 2374 570 ταχυτὴς
2393 518 2460 556 αὖ-

1478 570 1566 610 τέων
1582 570 1692 611 οὐδενὶ
1727 569 1818 611 ἔοικε
1850 571 2011 625 χρήματι
2033 574 2099 622 τὴν
2115 578 2300 628 ταχυτῆτα
2320 584 2359 615 et
2378 580 2402 626 ἡ
2423 577 2460 616 δὲ

1482 629 1640 684 ταχυτὴς
1659 629 1800 675 πάντως
1818 632 2093 679 πολλαπλασίως
2111 635 2202 688 ταχύ
2222 636 2298 675 ἐστι
2311 636 2462 687 elegan-

1482 699 1557 729 tem
1585 702 1804 729 sermonem
1834 704 1915 730 non
1945 691 2098 742 decent,
2127 694 2195 733 sed
2216 694 2462 747 antiquitatis

1479 751 1767 789 excusationem
1790 749 1959 803 habent.)

1403 818 1449 845 12.
1477 803 1523 844 ‘O
1541 802 1576 842 δὲ
1593 802 1668 847 νόος
1688 802 1754 840 ὅσα
1775 802 1875 842 ἔσται
1896 820 1935 843 τε
1949 803 2010 844 καὶ
2027 807 2086 844 νῦν
2106 805 2181 845 ἔστι
2200 807 2259 845 καὶ
2276 801 2319 856 ἦν
2337 806 2397 847 καὶ
2416 807 2462 847 τὰ

1482 861 1574 900 ἄλλα
1594 860 1712 900 πάντα
1733 862 1768 900 ἐν
1787 862 1838 915 τῷ
1854 861 1971 902 πολλὰ
1991 861 2191 917 περιέχοντι
2216 865 2278 904 καὶ
2308 867 2344 905 ἐν
2370 871 2463 906 τοῖσι

1479 920 1726 975 προσκριθεῒσι
1740 920 1801 960 καὶ
1833 922 1869 960 ἐν
1900 927 1991 962 τοῖσι
2020 923 2328 976 ἀποκεκριμένοισι
2347 924 2462 980 κάρτα

1481 979 1707 1030 διεκόσμησε.

1537 1038 1780 1094 (Simplicius
1814 1039 2032 1080 comment.
2070 1041 2112 1080 in
2148 1041 2308 1082 Aristot.
2339 1042 2459 1095 Phys.

1484 1099 1553 1139 sol.
1580 1100 1628 1137 33
1649 1098 1676 1137 b
1700 1113 1709 1137 :
1730 1097 1782 1138 ὅτι
1803 1099 1839 1138 δὲ
1860 1099 1979 1148 διττήν
1998 1116 2076 1140 τινα
2095 1100 2328 1154 διακόσμησιν
2345 1102 2465 1143 ὑποτί-

1484 1161 1606 1207 θεται,
1627 1158 1691 1207 τὴν
1722 1157 1785 1210 μὲν
1817 1158 1956 1213 νοεράν,
1985 1158 2049 1207 τὴν
2083 1159 2119 1200 δὲ
2149 1160 2336 1210 αἰσθητήν,
2359 1162 2464 1210 δῆλον

1484 1216 1547 1268 μὲν
1569 1218 1631 1258 καὶ
1650 1219 1689 1257 ἐκ
1709 1220 1779 1257 τῶν
1800 1216 2010 1271 εἰρημένων,
2034 1219 2138 1267 δῆλον
2159 1219 2196 1260 δὲ
2212 1217 2277 1260 nai
2289 1222 2329 1261 ἐκ
2341 1222 2463 1261 τῶνδε·

1483 1279 1502 1316 ὁ
1521 1277 1559 1318 δὲ
1578 1282 1656 1323 νοῦς
1675 1278 1741 1318 ὅσα
1761 1278 1836 1317 ἐστί
1855 1294 1893 1317 τε
1916 1277 2018 1333 [cod.
2042 1279 2076 1317 D
2109 1278 2209 1320 ἔσται
2237 1279 2290 1337 τι]
2323 1281 2463 1334 κάρτα,

1481 1336 1543 1377 καὶ
1561 1341 1620 1377 νῦν
1638 1336 1745 1386 ἔστιν,
1764 1336 1821 1377 ἵνα
1837 1336 1899 1376 καὶ
1915 1337 1960 1376 τὰ
1980 1337 2073 1377 ἄλλα
2088 1339 2204 1379 πάντα
2227 1341 2262 1380 ἐν
2278 1343 2330 1394 τῷ
2348 1340 2466 1381 πολλὰ

1483 1395 1706 1451 περιέχοντι,
1729 1395 1790 1436 καὶ
1808 1397 1842 1435 ἐν
1858 1403 1947 1436 τοῖσι
1966 1402 2210 1451 προσκριθεῖσι
2223 1399 2284 1439 καὶ
2299 1402 2334 1440 ἐν
2353 1406 2464 1440 τοῖσιν
2497 1400 2501 1404 ’

1486 1455 1809 1509 ἀποκεκριμένοισι.
1827 1456 1972 1495 Locum
1989 1457 2169 1495 mutilum
2184 1466 2223 1496 et
2235 1467 2463 1511 corruptum

1482 1516 1688 1555 emendavi
1708 1524 1746 1555 et
1763 1516 1946 1568 supplevi
1967 1529 1988 1555 e
2009 1516 2145 1567 fragm.
2168 1518 2223 1568 6.)

1403 1589 1450 1616 13.
1474 1577 1528 1615 Οὐ
1543 1575 1758 1628 κεχώρισται
1773 1575 1816 1614 τὰ
1828 1577 1862 1614 ἐν
1872 1578 1922 1628 τῷ
1934 1575 1984 1615 ἑνὶ
1995 1575 2118 1629 κόσμῳ
2129 1576 2207 1616 οὐδὲ
2223 1577 2466 1619 ἀποκέκοπται

1481 1635 1625 1674 πελέκεϊ
1656 1635 1734 1675 οὔτε
1755 1635 1795 1675 τὸ
1827 1635 1952 1689 θερμὸν
1973 1636 2043 1676 ἀπὸ
2074 1639 2136 1675 τοῦ
2164 1639 2301 1691 ψυχροῦ
2327 1638 2407 1678 οὔτε
2425 1637 2466 1679 τὸ

1483 1694 1618 1749 ψυχρὸν
1637 1694 1706 1733 ἀπὸ
1728 1697 1789 1733 τοῦ
1810 1697 1950 1752 θερμοῗξ.
2370 1748 2377 1750 ὴ

1539 1754 1780 1807 (Simplicius
1806 1753 2026 1794 Comment.
2047 1754 2090 1792 in
2108 1754 2229 1793 Arist.
2251 1755 2371 1808 Phys.
2393 1755 2460 1796 fol.

1486 1815 1534 1862 37
1562 1812 1604 1852 b.
1626 1821 1664 1851 et
1692 1812 1741 1850 38
1764 1826 1798 1851 a.
1830 1812 1875 1851 ln
1895 1812 2058 1851 eandem
2089 1814 2316 1854 sententiam
2346 1828 2466 1867 supra

1486 1873 1738 1923 Anaxagoras
1753 1870 1957 1926 (fragm.6)
1969 1872 2069 1911 dixit
2091 1887 2100 1911 ε
2122 1873 2331 1915 παντάπασι
2349 1874 2386 1914 δὲ
2405 1875 2468 1914 οὗ·

1485 1931 1542 1971 δὲν
1576 1930 1803 1984 ἀποκρίνεται
1830 1931 1908 1970 οὐδὲ
1939 1930 2153 1985 διακρίνεται
2181 1932 2221 1972 τὸ
2249 1933 2367 1987 ἕτερον
2396 1933 2466 1973 ἀπὸ

1483 1996 1544 2031 τοῦ
1574 1991 1708 2044 ἑτέρου.
1737 1991 1796 2031 Cf.
1818 1991 1998 2044 Simplic.
2019 1993 2063 2031 in
2081 1993 2307 2034 Aristotelis
2338 1995 2461 2047 Phys.

1484 2066 1522 2104 p.
1544 2053 1614 2090 106
1636 2052 1663 2091 b
1683 2067 1692 2090 ε
1714 2050 1775 2091 καὶ
1796 2051 2044 2105 διακρινόμενα
2069 2051 2138 2107 γὰρ
2155 2057 2268 2094 ταῦτα
2288 2055 2352 2094 οὔκ
2373 2055 2466 2094 ἀπέ-

1484 2126 1642 2149 σπασται
1661 2109 1779 2163 πάντῃ
1800 2109 1861 2149 ἀπ’
1879 2111 2057 2159 ἀλλήλων.
2077 2111 2141 2150 Διό
2160 2126 2265 2165 φησιν
2285 2115 2304 2151 ὃ
2323 2112 2467 2159 Ἀναξα-

1483 2170 1611 2224 γόρας,
1632 2170 1716 2222 μηδ’
1732 2169 1935 2224 ἐνδέχεσθαι
1954 2170 2073 2210 πάντα
2091 2173 2343 2226 διακριθῆναι.)

1404 2244 1451 2271 14.
1476 2229 1641 2270 Τουτέων
1670 2229 1706 2269 δὲ
1738 2229 1829 2269 οὕτω
1850 2230 2125 2285 διακεκριμένων
2155 2232 2339 2285 γινώσκειν
2370 2233 2465 2286 χρή,

1485 2288 1539 2328 ὅτι
1559 2288 1676 2329 πάντα
1697 2289 1794 2328 οὐδὲν
1813 2289 1954 2330 ἐλάσσω
1972 2289 2047 2330 ἐστὶ
2065 2289 2145 2330 οῦδὲ
2169 2290 2277 2333 πλέω.
2326 2294 2380 2333 Οὐ
2399 2292 2468 2347 γὰρ

1485 2347 1633 2387 ἀνυστὸν
1648 2347 1789 2388 πάντων
1806 2348 1906 2389 πλέω
1923 2341 2030 2399 εἶναι,
2052 2350 2142 2390 ἀλλὰ
2158 2350 2278 2390 πάντα
2296 2349 2358 2392 ἴσα
2375 2353 2460 2393 niet.

1540 2407 1781 2460 (Simplicius
1805 2408 2022 2450 Comment.
2041 2411 2082 2449 in
2109 2410 2230 2451 Arist.
2250 2411 2372 2463 Phys.
2397 2412 2465 2453 sol.

1488 2468 1536 2506 33
1557 2466 1599 2506 b.
1624 2468 1704 2506 Pro
1724 2466 1778 2507 ὅτι
1800 2466 1917 2507 πάντα
1947 2482 2032 2520 quae
2050 2478 2108 2508 est
2126 2470 2297 2523 exempli
2330 2471 2466 2510 Aldini

1486 2527 1701 2579 scriptura,
1738 2527 1823 2567 cod.
1851 2529 1886 2566 D
1925 2528 2004 2566 non
2045 2528 2146 2567 male
2178 2527 2295 2568 habet
2332 2527 2386 2568 ὅτι
2422 2529 2468 2568 τὰ

1484 2586 1618 2629 πάντα.
1641 2588 1699 2626 De
1722 2589 1876 2640 reliquo
1896 2589 2155 2642 philosophus
2179 2590 2235 2628 ait
2265 2590 2466 2630 materiam

1486 2660 1613 2699 neque
1645 2650 1895 2698 generatione
1923 2650 2058 2700 augeri
2089 2662 2216 2700 neque
2251 2650 2377 2690 minui
2404 2651 2468 2690 in-

1490 2708 1638 2757 teritu.)

794 2793 2465 2815 Ἣ

337 2844 367 2873 9.
390 2843 439 2873 Ex
452 2840 502 2873 liis
513 2842 642 2875 secretis
654 2844 831 2878 concrescit
847 2848 933 2880 terra
952 2861 959 2880 :
977 2857 1051 2881 nam
1066 2859 1083 2882 e
1103 2851 1244 2884 nubibus
1262 2861 1345 2894 aqna

295 2899 484 2940 secernitur,
499 2909 541 2933 ex
554 2909 638 2942 aqua
659 2904 759 2944 terra;
783 2905 901 2938 eterra
935 2906 1056 2948 lapides
1075 2909 1188 2950 frigore
1209 2920 1342 2945 concre-

296 2959 391 2991 scunt
407 2967 416 2990 :
435 2958 467 2990 hi
487 2962 596 2992 autem
619 2960 718 3002 magis
729 2970 769 2994 ex
785 2971 868 3004 aqua
881 2965 1051 2998 excedunt.

342 3019 390 3049 1ο.
411 3017 621 3060 hominesque
633 3020 797 3061 etreliqua
811 3022 960 3055 animalia
983 3024 1070 3057 vitali
1082 3026 1195 3067 spiritu
1212 3029 1345 3070 praedita

297 3075 515 3117 concrevisse,
529 3078 627 3119 atque
648 3077 833 3113 hominihus
843 3089 914 3115 esse
928 3082 1022 3116 urbes
1035 3084 1193 3119 habitatas
1205 3089 1237 3120 et
1250 3097 1346 3129 opera

299 3134 382 3166 facta
395 3134 432 3167 ut
444 3135 530 3175 apud
545 3144 621 3177 nos,
641 3145 680 3169 uc
695 3137 794 3170 solem
809 3138 846 3171 iis
858 3148 928 3173 esse
942 3143 975 3174 et
989 3142 1099 3175 lunam
1117 3147 1150 3176 et
1166 3150 1295 3188 caetera,
1311 3150 1347 3181 ut

297 3193 381 3235 apud
405 3203 463 3227 nos
475 3219 484 3235 ‚
505 3196 689 3239 terramque
711 3198 749 3230 iis
764 3199 892 3240 gignere
908 3202 1010 3235 muita
1026 3205 1059 3236 et
1078 3205 1182 3245 varia,
1200 3215 1218 3239 e
1231 3208 1348 3248 quibus

298 3252 343 3285 ilii
360 3252 530 3287 utilissima
545 3263 686 3298 quaeque
699 3257 730 3290 in
744 3258 858 3292 domos
877 3263 1079 3302 comportata
1104 3263 1136 3296 in
1162 3274 1230 3298 rem
1257 3275 1346 3300 suam

298 3312 500 3344 convertunt.

344 3370 392 3402 11.
417 3370 475 3403 His
485 3371 516 3403 vi
529 3380 566 3404 ac
580 3373 742 3408 celeritate
756 3375 798 3408 ita
812 3378 975 3411 conversis
985 3381 1018 3412 ct
1031 3381 1171 3415 secretis.
1185 3384 1261 3416 Vim
1273 3393 1348 3419 vero

301 3426 445 3462 celeritas
457 3429 572 3471 efficit3
588 3432 733 3465 celeritas
758 3438 866 3468 antem
889 3436 1017 3470 illorum
1039 3438 1077 3471 ad
1098 3441 1216 3475 nullius
1237 3451 1346 3477 earum

301 3493 374 3526 quae
390 3496 476 3522 nunc
494 3493 567 3523 sunt
593 3491 674 3525 inter
691 3491 836 3527 homines
858 3504 965 3529 rerum
982 3497 1238 3542 similitudinem,
1259 3503 1285 3535 si
1309 3503 1349 3536 de

1403 2862 1513 2886 earum
1533 2854 1696 2887 celeritate
1712 2855 1828 2896 agitur,
1845 2856 1988 2898 accedit,
2006 2857 2061 2890 sed
2082 2858 2215 2890 omnino
2237 2858 2341 2891 multo
2363 2859 2466 2900 maior

1403 2910 1466 2944 ista
1482 2912 1627 2946 celeritas
1638 2914 1699 2946 est.

1450 2975 1499 3004 12.
1522 2972 1644 3004 verum
1660 2980 1752 3005 mens
1768 2981 1973 3014 quaecunque
1986 2975 2083 3006 erunt
2100 2975 2132 3006 et
2146 2982 2233 3006 nunc
2252 2977 2330 3007 suut
2346 2976 2379 3008 et
2396 2975 2466 3008 sue·

1405 3034 1480 3063 runt
1499 3031 1532 3064 et
1546 3031 1670 3073 reliqua
1682 3031 1792 3064 omnia
1810 3041 1883 3074 qnae
1901 3033 2107 3066 continentur
2122 3033 2204 3066 coelo
2225 3043 2332 3067 rerum
2354 3035 2465 3068 mniti-

1403 3091 1517 3123 tudine
1534 3091 1692 3139 instructo
1705 3092 1738 3124 et
1759 3100 1835 3133 quae
1852 3092 1961 3126 insunt
1977 3093 2009 3125 in
2027 3093 2162 3126 accretis
2186 3094 2237 3127 vel
2251 3094 2318 3135 jam
2334 3095 2467 3128 secretis

1404 3148 1516 3181 sedulo
1528 3148 1701 3183 ordinavit.

1450 3209 1497 3240 13.
1520 3210 1591 3241 Non
1605 3210 1751 3251 separata
1768 3211 1847 3243 sunt
1861 3219 1938 3251 quae
1951 3219 2014 3243 uno
2028 3211 2090 3244 hoc
2104 3212 2310 3246 continentur
2327 3213 2462 3254 mundo,

1405 3275 1511 3309 neque
1524 3268 1628 3301 securi
1647 3268 1784 3311 abrupta
1797 3266 1899 3302 calida
1912 3279 1930 3302 a
1953 3270 2074 3312 frigidis
2088 3272 2138 3305 vel
2153 3272 2265 3313 frigida
2286 3282 2306 3306 a
2327 3273 2451 3308 calidis.

1451 3328 1499 3360 14.
1523 3327 1582 3361 His
1607 3328 1652 3361 ita
1677 3328 1824 3362 discretis
1851 3329 2016 3362 sciendum
2035 3333 2086 3364 est
2109 3333 2218 3365 omnia
2237 3332 2337 3366 nihilo
2355 3342 2460 3375 neque

1406 3386 1559 3426 pauciora
1584 3396 1653 3420 esse
1677 3396 1784 3430 neque
1813 3388 1915 3430 plura.
1944 3390 2073 3423 Etenim
2102 3391 2169 3424 fieri
2195 3401 2259 3425 non
2286 3395 2410 3434 potest,
2427 3394 2465 3426 ut

1407 3446 1498 3487 plura
1510 3446 1574 3479 sint
1585 3447 1745 3481 universis
1757 3457 1831 3490 qnae
1841 3451 1985 3490 exstant,
1994 3450 2050 3483 sed
2061 3453 2175 3485 cuncta
2189 3461 2316 3494 semper
2329 3451 2466 3494 aeqnalis

1406 3510 1492 3539 sunt.
