2612 3814
275 290 349 322 280

267 367 375 410 ἀΐδιόν
399 384 436 407 τε
470 367 529 406 καὶ
555 365 696 419 ἄπειρον
717 362 777 402 καὶ
807 360 923 413 πάντῃ
942 360 1062 411 ὅμοιον
1087 358 1169 396 αὐτὸ
1201 358 1312 410 αὑτῷ.

266 422 343 482 ’Ἆρ’
364 421 423 467 οὖν
439 427 490 465 δεῖ
508 427 646 479 πρῶτον
665 421 727 471 μὲν
748 420 797 473 μὴ
814 426 932 460 πᾶσαν
952 417 1109 458 λαὸόντα
1128 415 1229 461 δόξαν
1245 415 1316 467 ἄρ-

219 505 251 531 ιο
265 491 408 542 χεσθαι,
444 487 520 524 ἀλλ’
543 483 581 523 αἳ
613 482 769 535 μάλιστά
798 483 866 520 εἶσι
899 479 1053 532 piemon
1074 475 1159 515 ὥστ’
1185 478 1215 514 εἰ
1252 474 1314 525 μὲν

216 795 249 821 lb

266 548 405 587 ἅπαντα
431 545 474 584 τὰ
495 546 662 584 δοκοῦντα
690 541 740 594 μὴ
760 542 867 595 ὀρθῶς
889 536 1197 589 ὑπολαμβάνεται,
1220 532 1315 573 οὐθὲν

266 606 350 652 ἴσως
363 606 533 659 προσήκει
549 603 626 643 οῦδὲ
641 602 752 655 τούτῳ
767 602 1013 654 προσχρῆσθαι
1025 599 1075 650 τῷ
1093 595 1255 646 δόγματι,
1270 593 1317 636 ὡς

268 668 330 706 οὐκ
346 667 387 705 ἄν
407 680 492 704 ποτε
513 663 610 703 οὐδὲν
626 661 759 713 γένοιτο
775 661 813 698 ἐκ
834 658 993 710 μηδενός·
1011 656 1076 708 μία
1091 654 1158 707 γάρ
1177 653 1228 697 τίς
1243 653 1316 690 ἐστι

269 725 350 771 δόξα
380 725 439 764 καὶ
461 724 548 770 αὔτη
566 725 634 760 τῶν
656 721 718 759 οὐκ
743 720 866 772 ὀρθῶν,
886 717 928 764 ἣν
946 718 986 756 ἐκ
1006 717 1068 754 τοῦ
1090 707 1317 752 αἰσθάνεσθαί

269 801 343 829 πως
362 785 420 823 ἐπὶ
435 784 572 822 πολλῶν
586 780 713 823 πάντες
727 777 985 830 ὑπειλήφαμεν.
1029 775 1074 813 Εἰ
1085 772 1121 811 δὲ
1132 771 1182 823 μὴ
1199 769 1316 808 πάντα

1070 266 1407 309 ARISTOTELIS
1437 265 1590 306 LIBER

1377 359 1462 408 ἡμῖν
1482 355 1592 410 ψευδῆ
1609 353 1656 393 τὰ
1674 353 1890 409 φαινόμενα,
1912 352 2006 393 ἀλλά
2024 351 2111 397 τινές
2132 353 2198 390 εἶσι
2218 351 2280 391 καὶ
2300 351 2435 392 τούτων

1378 414 1478 470 ὀρθαὶ
1496 412 1709 468 ὑπολήψεις,
1735 411 1758 460 ἢ
1791 411 2013 459 ἐπιδείξαντα
2044 410 2211 459 τοιαύτην
2238 410 2322 451 ποία
2339 411 2434 451 ἐστὶν

1377 468 1400 517 ἢ
1422 469 1484 513 τὰς
1507 467 1665 519 μάλιστα
1695 465 1865 510 δοκούσας
1891 466 2014 519 ὀρθάς,
2043 465 2172 509 ταύτας
2202 465 2369 513 ληπτέον,
2394 464 2436 510 ἃς

1378 527 1432 568 ἀεὶ
1458 525 1687 579 βεὸαιοτέρας
1715 518 1807 564 εἶναι
1835 524 1899 573 δεῖ,
1925 523 1948 572 ἢ
1969 523 2008 563 αἳ
2024 523 2209 574 μέλλουσιν
2230 523 2264 569 ἐξ
2294 523 2435 564 ἐκείνων

1377 589 1446 626 τῶν
1466 586 1580 639 λόγων
1612 582 1875 637 δειχθήσεσθαι.
1931 584 1978 623 Εἰ
1997 583 2065 637 γὰρ
2085 582 2147 623 καὶ
2172 576 2240 622 εἶεν
2261 581 2323 624 δύο
2338 582 2435 629 δόξαι

1378 643 1586 686 ὑπεναντίαι
1610 643 1796 693 ἀλλήλαις,
1821 641 1944 697 ὥσπερ
1972 641 2107 693 οἴεται,
2126 641 2226 686 εἴτις
2241 642 2358 682 πολλὰ
2376 657 2437 694 γε·
2453 656 2493 684 20
2555 656 2557 658 ’

1378 706 1497 746 νέσθαι
1514 704 1641 761 φησίν,
1662 703 1820 756 ἀνάγκην
1831 696 1922 742 εἶναι
1938 704 1978 742 ἐκ
1996 702 2046 754 μὴ
2060 701 2186 743 ὄντων.
2217 703 2264 743 Εἰ
2280 701 2317 741 δὲ
2333 705 2437 742 τοῦτο

1380 764 1430 818 μὴ
1446 758 1516 805 οἷόν
1534 779 1589 815 τε,
1610 764 1674 804 οὒκ
1694 755 1784 802 εἶναι
1812 760 1858 801 τὰ
1876 760 1961 801 ὄντα
1991 761 2107 800 πολλὰ
2135 760 2238 823 γένη·
2255 760 2296 800 τὸ
2311 759 2381 815 γὰρ
2398 759 2448 807 ὄν,

278 837 2434 874 ἐμβῇ-*-

267 897 365 938 gigni,
378 904 481 936 neque
497 894 526 926 id
545 891 629 934 qnod
648 891 690 923 sit
707 888 807 921 multa
819 894 901 927 esse,
917 884 971 918 sed
991 891 1091 916 unum
1109 881 1207 922 idque
1223 881 1317 911 aeter·

268 954 345 978 num
366 947 397 976 et
414 943 574 975 inlinitum
589 942 622 972 et
635 938 778 978 undique
795 935 856 968 sibi
874 934 932 974 ipsi
952 932 1068 965 simile.
1087 943 1104 958 ι»
1247 968 1254 976 ·

310 991 345 1019 8.
372 988 444 1018 Jain
473 983 584 1015 iisdem
613 978 813 1020 argumentis
830 975 950 1017 quibus
970 982 1047 1005 usus
1062 972 1133 1004 erat
1154 970 1316 1003 Eleaticus

269 1033 480 1075 philosophus
498 1030 648 1070 placitum
663 1026 732 1067 ejus
744 1024 887 1058 refellere
904 1021 1013 1054 studet
1026 1018 1203 1059 Stagirites.
1216 1021 1314 1057 Quae-

269 1082 308 1113 rit
338 1080 432 1120 igitur
449 1077 497 1118 ἆρ’
518 1076 572 1109 οὖν
600 1076 645 1107 δεῖ
669 1077 791 1116 πρῶτον
815 1071 870 1114 μὲν
887 1070 929 1112 μὴ
953 1072 1060 1102 πᾶσαν
1076 1067 1210 1100 λαθόντα
1226 1067 1316 1103 δόξαν

267 1128 414 1169 ἀργεσθαι
424 1149 433 1165 ,
457 1123 521 1156 ἀλλ’
535 1124 567 1155 αἳ
585 1121 719 1162 μάλιστά
732 1120 791 1152 εἰσι
806 1118 946 1160 βέὸαιοι,
962 1118 1013 1150 Ita
1029 1115 1110 1147 Cod.
1131 1115 1316 1155 Lipsiensis,

267 1163 358 1214 cujus
378 1172 538 1212 scriptura
555 1169 582 1201 ei
599 1177 674 1209 quae
692 1167 894 1200 subnectitur
910 1163 1081 1198 sententiae
1100 1164 1315 1194 consentanea

265 1224 325 1254 est.
369 1221 489 1252 Contra
505 1217 705 1259 Spaldingius
718 1215 860 1256 proetulit
880 1212 967 1254 quod
979 1221 996 1244 a
1014 1210 1173 1244 Feliciano
1189 1217 1319 1249 expres-

265 1277 338 1301 sum
360 1270 407 1300 est
424 1267 502 1299 ἀλλὰ
527 1267 563 1298 τὸ
581 1265 628 1298 ἀεὶ
657 1263 794 1305 μάλιστα
824 1262 948 1304 βέὸαιον
974 1260 1008 1292 ὄν
1031 1271 1039 1291 :
1058 1267 1131 1291 nam
1149 1257 1317 1297 vulgatum

266 1315 345 1348 illud
364 1314 430 1347 ἀλλ’
453 1314 500 1346 ἀεὶ
524 1312 660 1354 μάλιστα
678 1311 712 1343 ὃν
728 1310 853 1352 βέὸαιον
866 1308 955 1341 nullo
966 1307 1062 1340 modo
1080 1305 1207 1338 tolerari
1225 1313 1319 1346 posse

265 1363 347 1397 bene
361 1362 527 1396 intellexit.

311 1415 359 1444 tl.
375 1410 461 1443 οὐθὲν
469 1409 548 1446 ’ἱσως
556 1407 707 1450 προσήκει
719 1405 790 1438 οὐδὲ
800 1404 903 1445 τούτῳ
916 1402 1130 1445 προσχρῆσθαι
1142 1404 1188 1443 τῷ
1204 1400 1318 1443 δόγμα-

265 1470 308 1492 τι.
352 1458 437 1491 Nihil
453 1456 579 1498 planius
604 1455 653 1486 his
675 1453 794 1485 verbis.
842 1454 902 1484 Pro
926 1451 1027 1490 οὐθὲν,
1055 1449 1149 1490 cnjus
1168 1450 1241 1481 loco
1264 1448 1317 1480 alii

266 1506 355 1539 οὐδὲν
365 1506 487 1546 legunt,
504 1503 588 1535 male
603 1502 683 1534 liber
701 1501 783 1542 Lips.
801 1499 882 1540 ὅθεν,
896 1499 951 1539 qui
967 1499 1076 1531 tamen
1087 1499 1174 1529 recte
1187 1495 1319 1528 exbibet

266 1554 493 1596 προσχρῆσθαι.
539 1550 643 1591 Vulgo
661 1548 868 1590 προχρῆσθαι.

312 1603 361 1633 12.
379 1598 513 1633 Eleatici
534 1595 716 1640 philosophi
733 1595 863 1636 dogma,
877 1592 964 1635 quod
980 1591 1143 1634 improbat
1157 1590 1317 1623 Aristote-

267 1649 326 1688 les,
344 1648 489 1680 oratione
504 1647 590 1678 recta
607 1642 766 1677 enuntiari
791 1642 921 1674 videtur
945 1639 1074 1680 Beckio,
1092 1639 1147 1680 qui
1168 1638 1240 1671 ideo
1254 1647 1317 1670 non

267 1697 359 1737 putat
378 1704 453 1727 cum
470 1691 652 1735 Spaldinglo
673 1690 720 1722 ὅτι
739 1690 813 1722 ante
829 1689 886 1721 οὐκ
902 1687 940 1720 ἄν
960 1685 1144 1728 ponendum
1166 1693 1247 1725 esse,
1263 1684 1317 1716 sed

265 1746 374 1777 tamen
389 1743 438 1774 vel
455 1742 501 1774 ὅτι
519 1740 569 1773 vel
583 1741 625 1776 ὡς
648 1738 700 1770 bic
717 1737 930 1775 desideratur,
943 1735 976 1767 id
987 1733 1073 1776 quod
1088 1732 1223 1774 optativi
1241 1741 1320 1764 usus

264 1792 297 1824 in
311 1790 446 1824 citandis
461 1790 597 1822 aliorum
613 1786 750 1820 decretis
763 1785 843 1817 satis
858 1783 1008 1816 ostendit.

309 1842 359 1871 14.
395 1839 446 1871 ἐπὶ
471 1838 594 1870 πολλῶν
618 1834 731 1871 πάντες
753 1832 963 1874 ὑπειλήφαμεν
989 1830 1071 1863 cod.
1091 1831 1129 1863 L.
1151 1837 1211 1871 pro
1228 1829 1318 1870 vulg.

265 1888 315 1920 ἐπὶ
331 1887 454 1920 πολλῶν
468 1886 551 1922 ὄντες
566 1886 622 1917 ὑπ.

313 1940 364 1967 15.
386 1936 424 1967 Εἰ
443 1935 476 1966 δὲ
493 1935 534 1975 μὴ
556 1933 660 1965 πάντα
681 1934 758 1973 ἡμῖν
779 1932 877 1973 ψευδῆ
899 1930 938 1962 τόι
955 1927 1137 1970 φαινόμενα,
1153 1926 1231 1958 ἀλλά
1242 1927 1320 1962 τινές

268 1983 329 2015 εἰσι
343 1982 396 2013 καὶ
414 1982 532 2013 τούτων
548 1980 635 2020 ὀρθαὶ
646 1980 826 2021 ὑπολήψεις.
872 1979 925 2010 Sic
940 1977 977 2008 C.
999 1978 1034 2008 Ι..
1054 1974 1112 2006 nisi
1129 1974 1216 2014 quod
1239 1973 1320 2004 iuter

267 2029 295 2061 et
311 2028 345 2060 δὲ
366 2028 409 2069 μὴ
425 2029 457 2059 et
469 2026 572 2059 πάντα
585 2026 693 2058 inserit
707 2025 740 2067 ᾖ,
756 2025 841 2067 quod
857 2033 916 2057 nos
928 2025 966 2055 ut
978 2023 1086 2055 minus
1103 2020 1320 2053 necessarium

268 2074 455 2115 abjecimus,
517 2075 671 2106 Neutram
697 2072 874 2114 Spaldingii
898 2070 1123 2111 conjecturam
1152 2067 1250 2109 ψευδῆ
1282 2066 1322 2097 τὰ

266 2123 341 2163 ἡμῖν
355 2120 525 2162 φαινόμενα
548 2121 581 2152 et
607 2120 728 2152 τούτων
743 2120 795 2151 καὶ
817 2119 904 2161 ὀρθαὶ
922 2117 1090 2158 ὑπολήψεις
1105 2114 1321 2155 recipiendam

268 2162 391 2204 putavi,
409 2171 510 2203 quum
530 2161 702 2194 verborum
729 2161 777 2194 sic
796 2159 1064 2201 transpositorum
1089 2157 1236 2197 exempla
1255 2156 1320 2188 sre-

269 2209 400 2251 quentia
415 2209 500 2250 apud
517 2208 722 2241 Aristotelem
736 2209 813 2240 sint.

314 2261 363 2290 1-6.
386 2258 406 2295 ἢ
419 2257 610 2293 ἐπιδείξαντα
631 2257 776 2294 τοιαύτην
798 2256 875 2288 ποία
893 2254 978 2287 ἐστὶν
991 2254 1011 2292 ἢ
1039 2251 1092 2289 τὰς
1107 2251 1244 2293 μάλιστα
1264 2251 1318 2283 δο-

269 2305 384 2341 κούσας
398 2304 505 2345 ὀρθάς,
526 2303 571 2335 ita
590 2303 759 2335 emendavi
783 2303 889 2334 locum
912 2301 945 2333 in
961 2300 1112 2333 omnibus
1127 2299 1216 2331 libris
1229 2298 1323 2330 vitio·

269 2359 354 2383 Sum.
399 2351 478 2384 cod.
511 2352 598 2392 Lips.
624 2364 631 2383 ε
661 2352 681 2390 ἢ
716 2351 908 2388 ἐπιδείξαντα
931 2349 1061 2387 τοιαύτη
1086 2347 1156 2388 (aut
1179 2347 1323 2388 τοιαύτῃ)

269 2398 363 2431 ποία·
384 2400 405 2438 ἢ
418 2400 470 2436 τὰς
484 2400 618 2440 μάλιστα
631 2399 658 2431 δ.
686 2398 731 2439 ὂ.;
749 2398 820 2431 libri
839 2400 994 2439 quattuor
1012 2405 1030 2428 a
1048 2395 1190 2428 Bekkero
1215 2395 1322 2426 collati

270 2447 292 2486 ἢ
304 2448 493 2484 ἐπιδείξαντα
504 2449 660 2486 τοιαύτην,
675 2447 790 2487 reliqui
806 2448 826 2485 ἢ
842 2446 988 2482 ἐπιδεῖξαι
1001 2445 1055 2481 τὰς
1073 2445 1219 2480 τοιαύτας
1231 2442 1322 2475 ποιό-

271 2505 363 2532 τητας
380 2495 516 2536 μάλιστα
536 2495 688 2531 δοκούσας
719 2494 820 2536 ὀρθάς.
863 2492 1065 2534 Spaldingius
1085 2494 1171 2523 recte
1190 2491 1323 2531 quidem

272 2541 471 2582 observavit,
498 2542 558 2574 hoc
587 2543 789 2574 enuntiatum
817 2551 856 2574 eo
879 2541 1002 2580 valere,
1029 2541 1064 2572 ut
1093 2547 1135 2572 ex
1165 2539 1241 2570 visis
1269 2538 1324 2570 illa

274 2588 406 2629 seligere
424 2597 563 2628 veraque
579 2589 785 2630 pronuntiare
809 2589 994 2629 jubeamur,
1014 2596 1090 2629 quae
1110 2587 1252 2619 maxime
1264 2586 1323 2618 sibi

275 2637 440 2676 constent,
465 2635 520 2667 sed
547 2636 579 2667 in
609 2636 750 2668 sanando
780 2636 887 2668 ulcere
918 2635 1004 2677 quod
1038 2636 1070 2667 in
1093 2643 1173 2667 voce
1194 2634 1324 2672 ποιότη-

273 2693 328 2719 τας
347 2682 445 2714 latere
463 2682 553 2723 dicit,
571 2691 682 2723 parum
699 2683 758 2715 sibi
774 2683 833 2724 ipsi
854 2683 1037 2715 satisfacere
1055 2683 1145 2715 visus
1158 2685 1219 2714 est.
1244 2683 1324 2714 con-

275 2729 341 2766 iicit
360 2729 445 2761 enim
462 2738 518 2769 pro
530 2729 697 2767 ποιότητας
712 2729 880 2770 legendum
899 2739 971 2763 esse
985 2730 1120 2772 πονηρὰς
1139 2729 1201 2761 hoc
1214 2728 1324 2761 verbo-

275 2785 347 2808 rum
358 2776 469 2808 ordine
481 2778 501 2815 ἢ
515 2777 704 2813 ἐπιδείξαντα
711 2778 843 2818 πονηρὰς
850 2778 903 2813 τὰς
913 2776 1047 2817 μάλιστα
1059 2776 1212 2812 δοκούσας
1220 2775 1323 2818 ὀρθάς,

274 2824 386 2859 ταύτας
393 2823 536 2864 ληπτέον,
551 2823 586 2859 ἃς
597 2824 641 2855 ἀεὶ
651 2824 845 2865 βεὸαιοτὲρας
859 2824 936 2856 εἶναι
944 2824 1023 2860 δόξει
1041 2822 1113 2864 (pro
1123 2824 1178 2862 δεῖ)
1192 2823 1323 2862 ἢτοιαύ-

273 2882 339 2911 τας,
353 2871 385 2903 αἳ
400 2871 563 2913 μέλλουσιν
579 2871 608 2907 ἐξ
626 2871 750 2903 ἐκείνων
766 2875 828 2903 τῶν
845 2871 946 2911 λόγων
957 2872 1186 2913 δειχθήσεσθαι,
1201 2880 1276 2913 quae
1293 2872 1324 2903 in

280 2919 366 2950 hunc
378 2917 510 2949 modum
522 2918 771 2957 interpretatur:
788 2931 804 2946 «
813 2919 867 2951 Sin
877 2921 985 2951 autern
999 2919 1105 2951 minus
1117 2919 1237 2956 omnia,
1251 2929 1325 2961 quae

276 2965 423 2998 sensibus
439 2965 557 2997 nostris
573 2965 799 3004 subjiciuntur,
822 2965 900 2997 salsa
915 2966 992 3005 sint,
1013 2966 1068 2998 sed
1083 2966 1200 3007 aliquae
1218 2968 1269 2999 vel
1285 2968 1325 3000 de

277 3012 315 3044 iis
329 3012 494 3053 opiniones
517 3011 644 3053 probari
657 3015 853 3052 mereantur,
865 3012 931 3053 iam
942 3013 1102 3053 oportebit
1121 3015 1188 3055 aut,
1210 3015 1325 3048 docen·

277 3061 342 3091 tem
367 3059 415 3091 vel
433 3059 572 3091 maxime
592 3059 755 3100 speciosas
779 3058 868 3091 nihili
886 3067 956 3092 esse
976 3061 1160 3101 opiniones,
1178 3070 1242 3093 non
1266 3063 1324 3094 nisi

277 3107 471 3139 certissimas
487 3115 634 3148 quasque
647 3109 768 3149 tenere,
779 3109 835 3140 aut
845 3115 901 3138 eas
916 3107 1067 3149 probare,
1084 3117 1159 3149 quae
1174 3109 1250 3149 ipsis
1263 3110 1326 3142 illis

277 3153 457 3190 rationibus
473 3154 602 3195 (quibus
618 3153 765 3186 videlicet
777 3155 896 3195 priores
910 3164 963 3188 eas
978 3155 1142 3196 opiniones
1161 3157 1326 3197 redargue-

278 3208 331 3232 ras
346 3200 448 3241 prima
469 3200 573 3241 specie
589 3200 724 3233 mirifice
736 3209 805 3234 sese
820 3202 1100 3242 commendantes3
1114 3202 1159 3234 ita
1171 3204 1256 3235 enim
1274 3214 1325 3237 ra-

279 3246 399 3280 tionem
412 3247 472 3280 sibi
492 3248 621 3281 reddere
639 3248 767 3281 videtur
786 3250 873 3282 vocis
890 3249 1016 3282 ἐκείνων
1029 3253 1090 3281 τῶν
1105 3250 1220 3291 λόγων)
1236 3253 1327 3286 unice

277 3303 364 3327 verre
376 3297 559 3336 appareant.
576 3308 593 3324 n
637 3296 737 3328 Aliter
752 3298 850 3338 atque
872 3297 1074 3339 Spaldingins
1090 3298 1188 3330 verba
1201 3299 1327 3332 ἐκείνων

278 3343 341 3373 τῶν
356 3341 457 3383 λόγων
476 3343 600 3384 accepit
627 3343 806 3376 Felicianus
833 3344 917 3385 apud
939 3353 1037 3384 quem
1059 3344 1130 3376 haec
1152 3345 1325 3386 leguntur:

281 3401 298 3417 α
315 3389 370 3422 sin
390 3392 497 3422 autem
515 3399 578 3422 uon
598 3390 705 3422 omnia
736 3391 814 3423 salsa
836 3393 925 3431 sunt,
947 3401 1022 3433 quae
1049 3392 1140 3424 nobis
1161 3398 1326 3436 apparent,

280 3436 336 3469 sed
349 3437 466 3477 aliquoe
483 3439 578 3470 etiam
597 3438 710 3470 horum
729 3442 824 3471 rectae
837 3439 1090 3471 existimationes
1107 3440 1265 3473 habentur
1278 3444 1327 3475 vel

281 3493 322 3516 ex
341 3481 622 3525 demonstratione,
657 3494 730 3526 quae
761 3487 900 3519 maxime
924 3488 1019 3519 rectae
1049 3495 1118 3519 esse
1148 3487 1329 3529 videantur,

280 3532 364 3563 sumi
384 3531 513 3569 dehent,
532 3541 613 3573 quas
641 3531 813 3565 identidem
842 3533 992 3566 certiores
1019 3543 1091 3567 csse
1118 3543 1245 3568 neeesse
1268 3541 1328 3578 est,

1378 876 1430 909 vel
1444 884 1519 917 qum
1538 882 1577 907 ex
1594 874 1723 907 illarum
1742 871 1923 905 rationibus
1936 871 2196 905 demonstrandae
2216 872 2303 905 sunt.
2319 883 2336 900 ιι
2374 870 2437 905 Sed

1377 933 1480 966 quum
1493 923 1563 955 haec
1575 922 1685 955 omnia
1698 921 1737 954 iis
1746 920 1801 961 qui
1817 919 2001 952 accuratius
2010 919 2176 960 scriptoris
2190 921 2334 952 mentem
2352 918 2442 952 inda-

1378 973 1454 1012 gant
1464 971 1516 1003 vix
1531 969 1716 1003 satisfacere
1733 967 1868 1010 possint,
1881 966 2018 1008 agedum
2035 966 2143 999 locum
2159 965 2441 1007 quemadmodum

1376 1029 1395 1052 a
1407 1018 1502 1052 nohis
1519 1026 1608 1051 nunc
1623 1017 1819 1050 constitutus
1832 1017 1895 1056 est,
1910 1013 1984 1047 inde
1997 1022 2017 1046 a
2030 1022 2125 1046 versu
2141 1015 2161 1046 8
2179 1013 2228 1046 sic
2243 1017 2412 1047 vertamus
2427 1025 2438 1046 ι

1378 1080 1395 1095 κ
1417 1069 1530 1100 Nonne
1548 1066 1645 1106 igitur
1674 1065 1817 1106 primum
1838 1071 1901 1095 non
1928 1062 2020 1094 omni
2044 1063 2152 1093 sumta
2168 1061 2318 1102 opinione
2332 1069 2449 1104 neque·

1376 1115 1465 1147 omni
1481 1113 1569 1155 quod
1590 1114 1725 1154 apparet
1756 1110 1976 1152 incipiendum
2009 1111 2070 1148 est,
2091 1108 2146 1142 sed
2170 1108 2210 1141 iis
2230 1108 2444 1151 opinionibus

1377 1170 1451 1202 quae
1465 1160 1607 1193 maxime
1625 1160 1725 1192 tirmae
1742 1160 1819 1190 suut
1835 1166 1873 1190 ac
1887 1157 2032 1190 stabiles.
2062 1157 2171 1194 Quare
2186 1156 2213 1188 si
2226 1156 2349 1198 omnia,
2364 1165 2440 1204 quae

1378 1210 1410 1240 in
1427 1208 1612 1249 opinionem
1624 1207 1759 1239 veniunt
1775 1207 1809 1238 et
1825 1207 1994 1246 apparent,
2012 1213 2077 1236 non
2091 1205 2176 1236 recte
2198 1203 2439 1245 existimantur,

1377 1256 1456 1288 nihil
1474 1255 1609 1287 fortasse
1623 1254 1776 1286 convenit
1792 1253 1852 1285 hoc
1866 1255 2022 1293 practerea
2035 1251 2082 1282 uti
2096 1250 2260 1291 dogmate,
2280 1259 2348 1293 quo
2360 1250 2444 1284 nibil

1377 1313 1419 1337 ex
1437 1303 1538 1335 nihilo
1568 1302 1637 1335 sieri
1668 1302 1836 1342 statuitur,
1860 1300 1980 1341 quippe
2009 1307 2112 1340 quum
2132 1306 2195 1330 una
2220 1298 2319 1331 etiam
2341 1307 2441 1332 enon

1379 1353 1473 1384 rectis
1490 1350 1559 1382 haec
1574 1349 1683 1391 opinio
1701 1349 1755 1387 sit,
1775 1357 1881 1389 quam.
1903 1346 2052 1379 sensibus
2072 1344 2313 1387 quodammodo
2330 1346 2443 1380 multis

1378 1402 1410 1432 in
1432 1399 1528 1432 rebus
1552 1406 1666 1430 omnes
1696 1396 1895 1429 imbibimus.
1939 1394 1996 1427 Sin
2013 1397 2122 1426 nutem
2149 1402 2216 1426 non
2234 1394 2343 1426 omnia
2362 1395 2441 1428 tals·

1378 1451 1466 1485 sunt,
1481 1454 1556 1488 quae
1572 1445 1665 1478 nobis
1678 1445 1846 1486 apparent,
1860 1442 1916 1475 sed
1936 1442 2100 1475 nonnullae
2115 1442 2213 1474 etiam
2232 1442 2265 1474 in
2281 1442 2332 1475 his
2344 1447 2445 1477 rectae

1378 1494 1634 1528 existimationes
1648 1493 1737 1531 sunt,
1752 1492 1880 1533 oportet
1901 1490 2180 1522 demonstrantem
2195 1491 2253 1522 ant
2268 1490 2374 1530 qualis
2398 1491 2443 1525 sit

1378 1542 1562 1584 hujusmodi
1583 1540 1783 1574 existimatio
1810 1542 1867 1572 ant
1887 1547 1962 1580 quae
1986 1537 2163 1571 verissimae
2180 1537 2365 1580 videantur,
2384 1538 2446 1574 has

1377 1599 1517 1630 sumere,
1533 1597 1614 1630 quas
1626 1595 1753 1627 semper
1767 1586 1925 1618 firmiores
1938 1594 2007 1618 esse
2021 1593 2079 1626 par
2094 1585 2158 1624 est,
2176 1586 2235 1617 aut
2249 1593 2304 1617 eas
2312 1593 2449 1621 sumere

1378 1638 1546 1679 opiniones
1559 1644 1633 1677 quae
1647 1634 1809 1667 rationum
1820 1642 1860 1666 ex
1874 1633 1938 1666 illis
1954 1632 2126 1674 petitarum
2140 1641 2202 1673 ope
2214 1631 2443 1668 demonstran·

1379 1687 1429 1718 doe
1447 1686 1534 1717 sunt.
1560 1696 1577 1712 υ

1421 1742 1473 1770 20.
1489 1736 1596 1777 Vulgo
1607 1736 1715 1776 ὥσπερ
1729 1733 1827 1767 οἴεται
1839 1758 1848 1774 ,
1864 1734 1891 1766 εἶ
1906 1734 1948 1774 μή
1963 1733 2064 1766 πολλὰ
2077 1733 2219 1774 γενέσθαι
2233 1733 2339 1776 φησίν,
2354 1733 2435 1776 ἀνάγ

1378 1797 1419 1823 κη
1443 1785 1521 1817 εἶναι
1549 1785 1586 1816 ἐκ
1605 1784 1648 1823 μὴ
1665 1782 1776 1815 ὄντων.
1800 1782 1827 1814 εἰ
1851 1781 1884 1813 δὲ
1899 1784 1992 1813 τοῦτο
2020 1782 2063 1821 μὴ
2082 1780 2148 1812 οἷόν
2168 1791 2216 1822 τε,
2232 1781 2291 1813 οὐκ
2311 1781 2391 1815 εἶναι
2405 1783 2448 1815 τὰ

1379 1832 1454 1864 ὄντα
1468 1831 1580 1864 πολλοὶ.
1600 1830 1721 1870 γένοιτο
1733 1830 1794 1870 γὰρ
1806 1830 1844 1861 ἂν
1858 1828 1905 1868 ὄν,
1932 1828 1979 1860 ὅτι
1996 1829 2081 1860 ἐστιν
2095 1828 2222 1869 ἄπειρον
2237 1827 2330 1862 εἶναι.
2373 1830 2401 1862 εἷ
2415 1830 2444 1863 δ’

1380 1880 1491 1920 οὕτως,
1512 1879 1566 1911 καὶ
1581 1878 1626 1910 ἕν.
1641 1877 1758 1919 ὁμοίως
1772 1876 1827 1917 μὲν
1838 1876 1871 1908 δὲ
1880 1878 1958 1918 ἡμῖν
1968 1877 1987 1908 ὁ
1998 1876 2209 1917 ἀμφοτέρωνπ
2219 1875 2308 1908 οὐδὲν
2327 1877 2446 1917 μᾶλλόν

1379 1938 1407 1958 τι
1425 1927 1469 1965 ἓν,
1486 1927 1506 1965 ἢ
1523 1925 1571 1958 ὅτι
1590 1924 1692 1957 πολλὰ
1715 1923 1884 1956 δείκνυται.
1929 1923 1956 1955 εἰ
1976 1923 2009 1955 δὲ
2026 1923 2150 1963 βέὸαιος
2173 1924 2291 1962 μᾶλλον
2308 1925 2329 1963 ἡ
2341 1924 2445 1967 ἑτέρα,

1379 1975 1442 2007 ἀπὸ
1457 1975 1569 2013 ταύτης
1583 1972 1831 2014 ξυμπερανθέντα
1849 1971 1965 2012 μᾶλλον
1979 1970 2145 2003 δέδεικται.
2169 1971 2335 2012 ingeniose
2350 1973 2445 2014 Spal-

1381 2022 1508 2062 dingius
1524 2021 1608 2053 hanc
1622 2020 1711 2061 ῥῆσιν
1719 2018 1859 2051 correxit
1876 2027 1884 2049 :
1901 2019 1928 2050 εἰ
1935 2018 1996 2060 γὰρ
2008 2018 2062 2049 καὶ
2076 2018 2137 2050 εἶεν
2144 2017 2200 2050 δύο
2213 2017 2299 2056 δόξαι
2311 2019 2447 2061 ὑπενανς-

1380 2069 1456 2107 τίαι,
1471 2069 1578 2109 ὥσπερ
1591 2066 1702 2103 οἴεται,
1717 2067 1743 2098 εἰ
1762 2065 1817 2107 μὲν
1832 2065 1934 2097 πολλὰ
1951 2064 2029 2096 εἷναί
2042 2076 2147 2106 φησιν,
2165 2065 2286 2107 ἀνάγκῃ
2301 2067 2446 2107 γενέσθαι,

1382 2117 1417 2148 ἐκ
1433 2117 1476 2158 μή
1494 2116 1603 2149 ὄντων·
1620 2115 1647 2147 εἰ
1664 2113 1698 2146 δὲ
1711 2116 1804 2145 τοῦτο
1823 2114 1866 2153 μὴ
1884 2111 1952 2144 οἷόν
1964 2123 2010 2151 τε,
2026 2112 2085 2144 οὐκ
2100 2112 2178 2144 εἶναι
2191 2113 2231 2144 τὰ
2243 2113 2320 2146 ὄντα
2329 2115 2446 2149 πολλά.

1385 2166 1514 2204 (γένοιτο
1526 2165 1586 2205 γὰρ
1599 2164 1637 2195 ἂν
1651 2162 1685 2195 ὃν
1697 2161 1759 2202 ὅ,τι
1776 2160 1876 2200 ἐστίν)
1895 2160 2023 2201 ἄπειρον
2038 2159 2072 2191 δὲ
2085 2159 2162 2191 εἶναι
2175 2168 2183 2175 ·
2196 2161 2224 2192 εἰ
2241 2161 2274 2193 δὲ
2290 2165 2445 2204 τοιοῦτον,

1380 2213 1434 2244 καὶ
1450 2213 1494 2244 ἓν.
1539 2211 1649 2251 ’Όμως
1678 2208 1734 2249 μὲν
1753 2208 1791 2246 δὴ
1813 2209 1887 2248 ἡμῖν
1910 2207 1928 2238 ὁ
1949 2206 2041 2246 λόγος
2061 2206 2244 2249 ἀμφοτέρων
2261 2208 2332 2249 πέρι
2356 2208 2447 2243 οὐδὲν

1384 2260 1499 2299 μᾶλλον
1513 2259 1559 2290 ὅτι
1575 2258 1619 2296 ἕν,
1637 2258 1658 2295 ἢ
1674 2256 1721 2288 ὅτι
1738 2254 1850 2294 πολλά,
1867 2253 2023 2286 δείκνυται
2087 2254 2127 2285 Εἰ
2144 2253 2178 2285 δὲ
2189 2251 2316 2295 βὲὅαιος
2328 2255 2445 2297 μᾶλλον

1382 2309 1402 2345 ἡ
1416 2307 1516 2347 ἑτέρα,
1533 2306 1596 2337 ἀπὸ
1611 2304 1725 2341 ταύτης
1741 2302 1990 2344 ξυμπερανθέντα
2011 2301 2127 2341 μῶλον
2144 2301 2312 2333 δέδεικται.
2354 2304 2446 2341 Quo·

1384 2363 1455 2385 rum
1479 2353 1650 2384 verborum
1680 2350 1840 2383 sententia
1859 2349 1936 2382 satis
1957 2349 2053 2390 plana
2065 2351 2114 2380 est
2131 2357 2140 2380 z
2157 2361 2173 2376 α
2202 2348 2338 2382 Etiamsi
2357 2349 2449 2387 enim

1383 2402 1446 2432 sint
1465 2400 1547 2432 inter
1561 2408 1596 2432 se
1608 2399 1786 2440 pugnantes
1801 2397 1875 2429 duae
1887 2396 2066 2438 opiniones,
2078 2396 2164 2428 sieut
2177 2397 2270 2437 putat
2281 2395 2446 2438 (adversa-

1384 2449 1458 2486 rius)
1475 2460 1484 2480 :
1499 2448 1525 2479 si
1541 2447 1631 2488 plura
1644 2455 1714 2479 esse
1729 2445 1826 2485 dicat,
1842 2454 1883 2477 ex
1896 2444 1997 2476 nihilo
2014 2443 2083 2475 fieri
2096 2444 2342 2484 eanecessari03
2357 2443 2449 2486 quod

1383 2495 1408 2526 si
1427 2495 1500 2535 poni
1530 2495 1681 2535 nequeat,
1700 2493 1773 2534 plus
1798 2501 1864 2524 uno
1888 2500 1954 2524 non
1976 2500 2046 2524 esse
2066 2491 2098 2523 in
2120 2499 2228 2523 rerum
2256 2493 2372 2524 natura
2393 2491 2446 2533 (en

1386 2543 1506 2574 ratione
1515 2542 1600 2574 enim
1614 2541 1833 2583 quodcunque
1851 2539 1892 2571 sit
1906 2538 1975 2572 fieri
1988 2539 2119 2571 demum
2136 2537 2168 2570 id
2184 2538 2274 2580 quod
2285 2539 2357 2581 sit),
2373 2548 2450 2573 esse

1383 2593 1492 2621 autem
1512 2588 1592 2621 illud
1618 2588 1781 2620 infinitum
1806 2586 1978 2628 idemque,
2003 2585 2164 2627 siquidem
2195 2585 2357 2620 infinitum
2381 2587 2444 2628 sit,

1385 2647 1484 2670 unum
1498 2648 1507 2676 ;
1535 2637 1567 2669 in
1587 2638 1703 2669 neutra
1718 2636 1829 2668 tamen
1858 2643 1970 2666 earum
2002 2633 2193 2674 opinionum
2218 2633 2284 2665 ulla
2311 2636 2449 2676 apparet

1387 2685 1479 2726 ratio,
1508 2693 1609 2726 quare
1640 2692 1743 2716 unum
1763 2682 1871 2724 potius
1897 2682 1952 2722 sit,
1975 2690 2073 2722 quam
2105 2680 2211 2722 plura.
2254 2681 2311 2714 Sin
2331 2682 2446 2714 autem

1384 2734 1538 2765 alterutra
1558 2733 1606 2764 est
1623 2730 1741 2763 certior
1757 2729 1885 2770 opinio,
1901 2729 1973 2762 tum
1994 2727 2126 2769 quidem
2142 2736 2180 2760 ea
2195 2736 2271 2769 qnoe
2283 2727 2359 2761 inde
2374 2727 2445 2762 effi·

1384 2780 1523 2818 ciantur,
1541 2778 1726 2811 evidentius
1744 2779 1852 2817 patere
1866 2775 1952 2808 credi
1973 2777 2119 2816 possunt.
2138 2787 2155 2803 u
2202 2774 2329 2808 periodi
2347 2774 2449 2816 buius

1386 2826 1521 2867 protasis
1541 2834 1559 2857 a
1576 2824 1683 2857 verbis
1704 2825 1732 2856 εἰ
1747 2824 1808 2865 γὰρ
1823 2823 1862 2855 ad
1877 2823 1929 2854 καὶ
1950 2822 1982 2854 ἕν
2003 2830 2104 2862 usque
2122 2821 2282 2862 pertinere
2299 2821 2443 2863 videtur,

1385 2873 1471 2905 unde
1495 2871 1646 2914 apodosis
1672 2870 1777 2904 tendit
1803 2870 1844 2903 ad
1876 2869 2033 2902 δείκνυται
2069 2869 2120 2901 vel
2143 2869 2251 2910 potius
2276 2868 2317 2901 ad
2349 2869 2448 2903 δέδει-

1384 2932 1469 2954 κται.
1514 2921 1598 2953 Sunt
1631 2922 1739 2952 autem
1769 2918 1866 2951 verba
1899 2917 2146 2958 γένοιτο-ἐστὶν
2171 2925 2232 2958 pro
2262 2917 2448 2959 parenthesi

1386 2967 1543 3002 habenda.
1592 2970 1666 3001 ,lam
1689 2966 1770 2999 nihil
1797 2966 1869 2998 luce
1897 2965 2015 2997 clarius
2044 2966 2112 3004 est,
2144 2974 2242 3006 quam
2274 2965 2445 3006 significari

1386 3027 1403 3049 a
1419 3017 1575 3058 scriptore
1591 3015 1785 3048 celebratam
1801 3013 1948 3045 omnium
1971 3021 2028 3044 ore
2041 3012 2257 3045 Eleaticorum
2276 3021 2446 3054 argumen-

1387 3065 1554 3103 tationem,
1569 3072 1634 3105 qua
1649 3062 1846 3102 simulatque
1866 3061 1957 3101 plura
1976 3059 2091 3100 aliquis
2104 3068 2174 3092 esse
2193 3060 2334 3102 dixerat,
2350 3069 2389 3094 ea
2403 3070 2444 3094 ex

1385 3112 1486 3144 nihilo
1506 3113 1582 3144 nata
1598 3110 1690 3144 fateri
1711 3108 1898 3149 cogebatur.
1943 3109 2059 3148 ingens
2081 3109 2191 3140 autem
2210 3107 2295 3141 inter
2306 3108 2339 3140 id
2356 3108 2450 3150 quod

1386 3162 1434 3192 est
1455 3161 1488 3192 et
1509 3159 1542 3191 id
1566 3158 1654 3200 quod
1684 3157 1722 3190 tit
1743 3154 1914 3189 discrimen
1937 3154 2136 3189 intercedere
2168 3155 2309 3188 Eleatica
2335 3155 2446 3190 schola

1386 3206 1527 3239 volebat.
1573 3207 1734 3239 coeterum
1748 3203 1836 3242 duae,
1860 3201 1901 3234 de
1918 3202 2035 3242 quibus
2048 3202 2169 3243 agitur,
2188 3202 2360 3236 contrariae
2372 3204 2445 3244 opi-

1387 3255 1500 3287 niones
1514 3255 1630 3296 sponte
1651 3252 1741 3295 quasi
1761 3259 1834 3284 sese
1863 3249 2016 3282 offerunt.
2062 3251 2134 3283 Una
2156 3254 2204 3282 est
2229 3250 2448 3283 ssleaticorum

1387 3301 1439 3334 illa
1455 3300 1652 3343 praeceptio:
1682 3307 1727 3333 ex
1745 3297 1856 3332 nihilo
1878 3297 1970 3330 nihil
1988 3297 2049 3339 fit,
2065 3298 2099 3330 in
2120 3306 2184 3339 qua
2208 3306 2276 3330 non
2291 3306 2446 3339 magnum

1388 3349 1589 3382 momentum
1608 3347 1750 3389 positum
1772 3353 1842 3378 esse
1863 3345 2039 3377 arbitratur
2065 3345 2245 3386 Stagirites,
2265 3344 2328 3377 nisi
2356 3344 2448 3386 quod·

1389 3396 1425 3428 iis
1442 3405 1516 3436 quae
1533 3405 1640 3428 rerum
1665 3404 1724 3428 usu
1751 3394 1905 3427 notantur
1929 3392 2171 3434 quodammodo
2186 3391 2356 3425 conveniat
2372 3392 2446 3434 (μία

1388 3444 1432 3480 τίς
1449 3443 1516 3475 ἐστι
1533 3443 1606 3480 δόξα
1617 3443 1671 3475 καὶ
1692 3442 1772 3480 αὕτη
1785 3445 1848 3473 τῶν
1872 3441 1930 3472 οὐκ
1943 3441 2055 3483 ὀρθῶν,
2074 3442 2112 3479 ἢν
2122 3441 2161 3472 ’ἐκ
2171 3444 2227 3472 τοῦ
2241 3438 2448 3472 αἰσθάνεσθαί

1389 3502 1456 3527 πως
1471 3491 1709 3533 ὑπειλήφαμεν).
1753 3489 1863 3522 Altera
1887 3489 1996 3530 opinio
2016 3487 2115 3529 priori
2137 3496 2317 3529 repugnans
2331 3488 2444 3526 eaesi,

1390 3548 1452 3579 qua
1465 3538 1581 3579 ‘plures
1597 3547 1659 3578 res,
1681 3546 1746 3570 non
1769 3545 1866 3569 uuam
1893 3537 1924 3568 in
1944 3545 2053 3568 rerum
2071 3538 2185 3568 natura
2202 3533 2332 3576 reperiri
2350 3532 2446 3566 nobis
