2612 3814
247 219 323 253 562

233 300 337 354 ἔχων.
409 300 477 340 Διὰ
513 301 576 353 μὲν
605 303 673 354 γὰρ
701 308 764 346 τᾶς
796 302 993 354 ἐπιστάμας
1024 302 1138 355 κρίνεν
1178 304 1288 356 ὀρθῶς

234 362 458 410 δυνασεῖται,
479 360 537 399 διὰ
554 362 590 401 δὲ
618 368 681 406 τᾶς
701 361 865 413 δυνάμιος
890 361 1050 409 κολάζεν,
1077 362 1133 402 διὰ
1163 363 1198 403 δὲ
1227 369 1289 407 τᾶς

229 419 467 473 χρηστότατος
485 420 525 459 τὸ
543 419 732 473 εὐεργετέν,
757 419 815 459 διὰ
844 421 879 459 δὲ
899 423 968 459 τῶν
987 422 1103 473 νόμων
1135 421 1174 460 τὸ
1204 422 1290 460 ποτὶ

228 484 287 522 τὸν
321 482 423 535 λόγον
453 483 571 521 πάντα
603 486 715 521 ταῦτα
747 482 860 522 ποιέν.
918 482 1078 535 Ἄριστος
1109 484 1145 523 δέ
1173 485 1205 522 κ’
1233 484 1287 531 εἴη

231 541 350 595 ἄρχων
372 544 390 580 ὁ
418 541 606 594 ἀγχοτάτω
627 545 677 596 τῷ
698 542 796 595 νόμῳ
821 545 835 564 ‘⁸
859 540 919 580 ὤν·
946 537 1043 586 οὗτος
1076 543 1114 582 δέ
1138 544 1169 580 κ’
1192 541 1245 590 εἴη
1273 546 1291 582 ὁ
1327 546 1329 552 '

229 599 340 648 μηδὲν
361 602 457 638 αὑτῶ
477 600 577 640 ἕνεκα
603 600 732 640 ποιέων
760 599 852 638 ἀλλὰ
873 602 940 638 τῶν
962 602 1021 639 ὑπ’
1045 599 1165 650 αὐτόν,
1188 602 1289 639 ἐπει-

230 658 342 710 δήπερ
361 659 439 698 οὐδὲ
459 659 562 711 νόμος
584 662 681 698 αὑτῶ
702 659 805 698 ἕνεκα
825 659 915 698 ἀλλὰ
937 663 1006 698 τῶν
1029 663 1088 698 ὑπ’
1112 661 1231 700 αὐτόν.

283 717 473 768 (Stobaeus
497 719 600 757 Flor.
619 718 751 766 XLVI,
769 720 834 757 6ι.
859 719 1003 757 Addidi
1021 727 1035 744 ⁵¹
1053 719 1100 758 ὤν
1122 720 1226 771 quod
1247 721 1288 759 in

229 779 467 816 membranis
490 778 757 826 desideratur.)

472 853 498 893 ε’
503 854 609 893 Ἐκ
632 857 692 892 τοῦ
711 853 791 907 περὶ
813 852 1050 905 μαθημάτων.

284 934 330 972 κ’.
363 937 426 973 Δεῖ
446 934 512 986 γὰρ
545 933 567 981 ἢ
601 933 758 985 μαθόντα
793 937 877 988 παρ’
898 936 997 975 ἄλλω
1019 935 1041 983 ἢ
1064 937 1167 977 αὐτὸν
1194 936 1291 981 ἐξευ-

232 994 360 1046 ρόντα,
388 985 436 1031 ὧν
470 993 675 1045 ἐπιστάμων
713 988 830 1043 ησθα,
861 995 1082 1047 ἐπιστάμονα
1113 996 1288 1049 γενέσθαι.

229 1053 282 1093 'ib
312 1051 375 1102 μὲν
405 1045 452 1090 ὧν
486 1053 595 1102 μαθὲν
625 1056 710 1106 παρ’
744 1053 840 1093 ἄλλω
864 1054 925 1094 καὶ
960 1055 1156 1109 ἀλλότριον,
1188 1056 1227 1095 τὸ
1257 1056 1288 1095 δ’

228 1110 364 1163 ἐξευρὲν
399 1110 503 1150 αὐτον
534 1112 578 1150 δι’
606 1114 703 1151 αὑτῶ
730 1112 837 1152 καὶ”
824 1114 923 1154 ιδιον.
983 1114 1145 1168 Ἐξευρὲν
1179 1115 1215 1154 δὲ
1237 1115 1287 1167 μὴ

227 1173 397 1216 ζατοῧντα
426 1171 555 1224 ἄπορον
582 1171 652 1224 καὶ,
676 1172 839 1224 σπάνιον,
875 1176 1045 1220 ζατοῧντα
1073 1176 1109 1214 δὲ
1141 1174 1288 1228 εὔπορον

226 1230 286 1269 καὶ
310 1229 442 1284 ῥᾴδιον,
467 1230 516 1281 μὴ
540 1231 772 1283 ἐπιστάμενον
793 1233 829 1272 δὲ
849 1233 951 1279 ζατὲν
976 1233 1159 1274 ἀδύνατον.

281 1289 416 1329 Στάσιν
434 1290 498 1341 μὲν
525 1289 689 1340 ἔπαυσεν,
711 1291 876 1344 ὁμόνοιαν
895 1292 931 1332 δὲ
952 1293 1101 1341 αὕξησεν
1121 1293 1289 1345 λογισμὸς

227 1349 392 1403 εὑρεθείς·
422 1349 606 1395 πλεονεξία
626 1366 664 1389 τε
693 1350 760 1404 γὰρ
781 1353 843 1391 οὐκ
863 1352 934 1392 ἕντι
967 1352 1080 1393 τούτω
1109 1351 1288 1405 γενομένω

226 1408 287 1448 καὶ
309 1409 428 1454 ἷσότας
445 1408 528 1448 ἐντί.
553 1408 680 1464 Τούτῳ
698 1410 766 1464 γὰρ
786 1410 868 1465 περὶ
890 1413 958 1450 τῶν
980 1411 1285 1464 συναλλαγμάτων

227 1467 530 1520 διαλλασσόμεθα·
551 1468 608 1507 διὰ
625 1472 749 1509 τοῦτον
769 1463 818 1510 ὦν
847 1473 879 1510 οἱ
898 1469 1046 1517 πένητες
1065 1470 1287 1521 λαμὸάνοντι

225 1526 326 1580 παρὰ
346 1530 415 1566 τῶν
440 1527 656 1578 δυναμένων,
677 1527 712 1566 οἵ
732 1543 770 1566 τε
789 1526 953 1567 πλούσιοι
974 1528 1101 1567 διδόντι
1121 1535 1193 1573 τοῖς
1211 1529 1285 1568 δεο-

225 1585 362 1637 μένοις,
382 1586 604 1630 πιστεύοντες
623 1586 814 1639 ἀμφότεροι
830 1587 887 1625 διὰ
904 1586 1017 1625 τούτω
1034 1587 1073 1625 τὸ
1087 1587 1162 1627 ἴσον
1180 1587 1282 1633 ἑξεῖν.

227 1644 352 1685 Κανὼν
370 1643 406 1683 δὲ
426 1644 486 1683 καὶ
506 1644 670 1699 κωλυτὴρ
693 1647 760 1684 τῶν
778 1646 990 1685 ἀδικούντων
1014 1646 1082 1692 τὼς
1112 1646 1176 1699 μὲν
1204 1649 1282 1687 ἐπι-

228 1703 409 1755 σταμένοις
428 1703 628 1756 ὀργίζεσθαι
648 1703 730 1758 πρὶν
750 1704 868 1744 ἀδικὲν
897 1705 1061 1755 ἔπαυσεν,
1081 1706 1207 1750 πείσας
1226 1705 1280 1746 ὅτι

222 1765 260 1802 οὗ
282 1764 511 1802 δυνασοῧνται
539 1762 642 1802 λαθὲν
664 1763 746 1803 ὅταν
775 1764 830 1804 ἐπ’
851 1765 938 1804 αὐτὸ,
956 1765 1099 1805 ἔλθωντι
1113 1797 1124 1815 ,
1146 1765 1215 1811 τὼς
1243 1766 1278 1805 δὲ

224 1822 273 1874 μὴ
290 1821 532 1874 ἐπισταμένως
548 1825 582 1863 ἐν
599 1823 694 1877 αὐτῷ
708 1823 872 1872 δηλώσας
887 1826 1091 1870 ἀδικοῦντας
1106 1824 1279 1865 ἐκώλυσεν

222 1883 402 1930 ἀδικῆσαι.

225 2028 365 2061 habebit.
412 2028 549 2061 seientia
572 2029 657 2061 enim
678 2032 764 2063 recte
787 2030 932 2071 iudicare
958 2031 1095 2072 poterit,
1121 2032 1279 2072 potestate

224 2088 337 2129 punire
349 2111 358 2127 ‚
374 2087 568 2128 benignitate
583 2088 765 2121 beneficum
786 2098 820 2122 se
837 2089 1000 2130 praebere,
1015 2089 1152 2132 denique
1171 2091 1279 2131 legum

218 2156 279 2187 ope
311 2146 382 2178 haec
418 2147 526 2179 omnia
560 2147 673 2180 rationi
706 2148 934 2181 convenienter
968 2148 1082 2182 facere.
1128 2150 1280 2190 Optimus

216 2208 325 2239 autem
340 2207 401 2240 erit
415 2207 563 2249 princeps
578 2207 634 2249 qui
649 2217 746 2249 quam
759 2208 906 2250 proxime
916 2209 955 2242 ad
974 2209 1078 2250 legum
1092 2210 1278 2252 exemplum

215 2267 406 2307 accesserit,
425 2268 532 2308 qualis
558 2267 689 2300 tuturus
714 2269 779 2307 est,
797 2268 823 2301 si
840 2268 919 2301 nihil
933 2277 1011 2309 sua,
1029 2269 1084 2302 sed
1104 2270 1214 2302 omnia
1234 2270 1276 2302 ci-

217 2325 307 2358 vium
328 2327 428 2366 gratia
446 2327 558 2367 saciat,
575 2327 837 2370 quandoquidem
852 2331 882 2361 et
897 2328 947 2361 lex
965 2337 1030 2362 nou
1047 2329 1148 2371 ipsius
1160 2329 1214 2362 sed
1230 2329 1277 2362 ci-

218 2386 305 2417 vium
328 2394 402 2426 ergo
419 2386 480 2419 est.
622 2391 624 2393 ’

511 2473 541 2497 e.
566 2466 613 2497 Ex
628 2464 710 2498 libro
726 2464 767 2514 de
778 2465 975 2507 Disciplinis.
1009 2447 1012 2450 ’

221 2559 232 2570 ³
257 2547 326 2578 ΧΧ.
349 2546 473 2578 Etenim
489 2555 621 2580 necesse
635 2549 684 2580 est
701 2551 732 2580 te
754 2549 803 2581 vel
818 2549 859 2581 ab
875 2548 937 2581 alio
953 2548 1122 2590 disciplina
1144 2550 1277 2590 accepta

216 2604 268 2635 vel
288 2605 343 2636 tua
363 2604 469 2645 ipsum
489 2605 674 2639 inventione
695 2615 731 2640 ea
754 2616 826 2648 quoe
841 2611 930 2640 tenes
944 2607 1104 2640 didicisse.
1151 2607 1202 2640 Ab
1214 2607 1277 2640 alio

215 2662 337 2695 discere
349 2688 358 2703 ‚
373 2664 513 2696 alienum
526 2665 767 2706 quodammodo
783 2679 792 2700 z
811 2676 866 2708 per
878 2676 913 2700 se
927 2667 1072 2700 invenire
1083 2690 1092 2707 ,
1108 2667 1275 2709 proprium

217 2723 358 2755 hominis
374 2726 432 2756 est.
478 2725 583 2766 Atque
600 2726 745 2760 invenire
761 2727 892 2768 quidem
907 2728 951 2760 illi
965 2728 1020 2770 qui
1034 2737 1098 2761 non
1111 2728 1276 2770 inquisivit

211 2780 343 2814 difficile
360 2785 408 2815 est
425 2784 456 2814 et
476 2791 602 2822 rarum,
620 2784 794 2827 inquirenti
817 2789 927 2820 autem
949 2788 1093 2829 proclive
1112 2789 1145 2821 et
1163 2787 1273 2828 facite,

210 2839 371 2882 ignoranti
388 2840 527 2882 denique
545 2842 689 2876 invenire
707 2853 771 2877 non
790 2845 877 2878 licet.

252 2899 346 2932 Ratio
362 2901 448 2932 certe
461 2899 592 2933 inventa
610 2901 802 2935 seditionem
823 2904 995 2946 compescit
1017 2906 1050 2939 et
1067 2906 1272 2939 concordiam

210 2959 336 2999 auget:
362 2959 448 3000 quod
470 2959 526 2992 ubi
559 2959 578 2992 s
582 2961 615 3001 t
640 2962 790 2994 avaritia
803 2963 909 2996 locum
938 2974 1002 2998 non
1034 2965 1152 3006 habet,
1185 2966 1271 3007 viget

210 3017 394 3058 aequaiitas.
439 3019 535 3051 Ratio
556 3021 604 3052 est
625 3029 699 3062 quie
719 3022 903 3055 contractus
922 3024 1103 3058 conciliat.
1122 3024 1196 3058 hinc
1222 3029 1271 3058 est

208 3076 294 3116 quod
312 3085 471 3118 pauperes
490 3086 509 3110 a
531 3078 768 3119 potentioribus
792 3080 950 3122 accipiant
980 3085 1013 3115 et
1042 3083 1159 3116 divites
1186 3083 1271 3116 indi-

207 3135 357 3175 gentibus
370 3145 463 3177 opem
484 3136 605 3179 serant,
618 3138 746 3180 utrique
762 3147 797 3171 se
812 3147 849 3171 ea
869 3149 902 3172 re
916 3140 997 3181 juris
1015 3142 1270 3183 aequabilitatem

209 3193 399 3227 obtenturos
417 3204 486 3228 esse
514 3196 729 3232 confidentes.
775 3198 870 3232 Ratio
892 3199 1030 3242 denique
1050 3202 1142 3243 quasi
1162 3203 1270 3244 regula

204 3253 360 3294 ,quaedam
377 3255 410 3287 et
423 3256 595 3296 prohibitio
610 3257 798 3298 injuriarum
816 3258 990 3300 prudentes
1006 3260 1047 3293 ab
1069 3260 1118 3293 ira
1138 3265 1269 3296 revocat

207 3315 398 3356 priusquam
417 3316 567 3357 injuriam
581 3318 715 3360 faciant,
725 3319 751 3352 si
769 3319 926 3360 facerent,
940 3320 1038 3354 latere
1049 3330 1083 3354 se
1094 3331 1157 3355 non
1171 3332 1264 3364 posse

209 3375 313 3415 ratos;
337 3377 556 3416 imprudentes
571 3379 679 3411 autem
697 3379 728 3411 in
753 3379 931 3413 manifestis
954 3380 1078 3422 injuriis
1101 3383 1267 3417 convictos

210 3441 303 3472 porro
323 3434 510 3477 delinquere
529 3438 630 3470 vetat.

1325 769 1327 774 ·
1354 749 1486 788 καττὰν
1513 750 1586 803 πὰρ
1607 750 1661 790 τὶν
1682 752 1873 804 γενομέναν
1890 755 1979 804 ὁμο)
1972 754 2096 805 ογίαν.

1202 215 1466 255 ARCHYTAE

1409 302 1608 355 (Stobaeus
1630 308 1732 347 fior.
1752 309 1896 359 XLiti,
1925 313 2035 365 135.)

1734 397 1778 444 ζ’.
1807 398 2034 442 Ἐπιστολαί.

1884 477 1893 491 Ι

1861 493 1882 516 α
1899 507 1909 516 .

1597 553 1770 607 Ἀρχύτας
1789 556 1962 611 Διονυσίω
1983 557 2161 609 ὑγιαίνειν

1408 629 1697 682 Ἀπεστάλκαμες
1719 633 1847 677 πάντες
1871 634 1902 671 οἱ
1922 634 2111 679 Πλάτωνος
2134 635 2224 688 φίλοι
2247 635 2317 681 τὼς
2334 638 2413 692 περὶ

1354 689 1540 740 Λαμίσκον
1558 707 1594 729 τε
1621 707 1680 731 και
1709 693 1879 731 Φωτίδαν
1905 695 2190 747 ἀπολαψούμενοι
2221 695 2283 739 τὸν,
2302 696 2413 751 ἄνδρα

2152 755 2288 808 Ὀρθῶς
2305 756 2343 796 δέ
2366 773 2413 796 κα

1351 812 1485 862 ποιοῖς,
1527 811 1813 862 μιμνασκόμενος
1846 811 1954 859 τήνας
1989 829 2052 857 τας
2092 816 2265 863 σπουδᾶς,
2307 815 2413 863 ἡνίκα

1352 867 1486 912 πάντας
1521 869 1621 921 ἄμμε
1655 870 1866 922 παρεκάλεις
1890 871 2022 909 ποττὰν
2054 872 2245 918 Πλάτωνος
2278 873 2411 928 ἄφιξιν,

1352 925 1456 970 ἀξιῶν
1478 927 1740 1003 προτρέπεσθαί
1761 944 1798 967 τε
1820 927 1924 968 αὐτὸν
1952 929 2012 968 καὶ
2042 931 2276 983 ἀναδέχεσθαι
2300 932 2345 972 τά
2374 948 2431 976 τε,

1351 984 1441 1023 ἄλλα
1460 986 1520 1025 και
1541 987 1585 1025 τὰ
1609 987 1690 1040 περι
1707 986 1771 1026 τὰν
1789 988 2016 1042 ἀσφάλειαν
2010 988 2148 1028 μένοντί
2166 1005 2203 1028 τε
2225 990 2285 1029 καὶ
2303 993 2411 1045 ἄφορ-

1563 1046 1741 1097 Μέμνασο
1780 1047 1815 1086 δὲ
1849 1048 1909 1087 καὶ
1944 1050 2047 1096 τ’ἥνο,
2083 1048 2136 1088 ὅτι
2170 1050 2251 1104 περὶ
2287 1052 2413 1090 πολλῶ

1350 1104 1506 1152 ἐποιήσω
1538 1104 1603 1143 τὰν
1637 1106 1752 1158 ἄφιξιν
1787 1107 1903 1155 αὐτῶ,
1925 1106 1986 1146 καὶ
2014 1105 2155 1161 ἀγάπαις
2176 1109 2216 1147 ἐκ
2243 1107 2340 1157 τήνω
2358 1113 2413 1150 τῶ

1348 1162 1488 1214 χρόνω,
1512 1165 1558 1207 ὡς
1590 1165 1713 1204 οὐδένα
1740 1167 1809 1204 τῶν
1833 1164 1906 1220 πὰρ
1937 1165 2004 1206 τίν.
2067 1169 2114 1207 At
2142 1166 2182 1206 δέ
2208 1183 2258 1212 τις
2290 1166 2410 1220 γέγονε

1348 1221 1546 1275 τραχύτας,
1568 1224 1781 1277 ἀνθρωπίζεν
1802 1225 1892 1278 χρή,
1907 1227 2142 1276 κάποδιδόμεν
2159 1227 2244 1279 ἇμῖν
2264 1227 2409 1276 ἀῦλαὸἦ

1348 1280 1406 1319 τὸν
1426 1282 1550 1335 ἄνδρα.
1609 1286 1734 1324 Ταῦτα
1753 1282 1821 1338 γὰρ
1837 1285 2003 1337 πράττων
2033 1285 2153 1325 δίκαια
2181 1286 2322 1341 πραξεῖς
2347 1287 2409 1327 καὶ
2437 1295 2439 1297 ’

1352 1047 1491 1094 μιῶντι.
1518 1055 1520 1059 “

1302 1362 1305 1364 >
1348 1340 1435 1391 ἁμῖν
1454 1346 1580 1395 χαριῇ.

1401 1401 1615 1454 (Diogenes
1633 1403 1812 1443 Laertius
1828 1404 1896 1444 lib.
1916 1405 1990 1455 111,
2016 1408 2095 1459 22.)

1861 1488 1909 1540 β’·

1591 1565 1763 1618 Ἀρχύτας
1784 1566 1951 1605 Πλάτωνι
1972 1567 2152 1619 ὑγιαίνειν.

1401 1646 1530 1688 Καλῶς
1551 1647 1662 1688 ποιεῖς
1676 1675 1686 1693 ,
1710 1644 1763 1683 ὅτι
1780 1644 2029 1698 ἀποπέφευγας
2046 1647 2085 1684 ἐκ
2111 1652 2173 1691 τᾶς
2191 1648 2402 1702 ἀρρωστίας.

1344 1707 1471 1745 Ταῦτα
1485 1704 1555 1758 γὰρ
1571 1704 1674 1749 αὐτός
1687 1721 1726 1744 τε
1741 1703 1959 1750 ἐπέσταλκας
1980 1705 2039 1744 καὶ
2053 1706 2107 1745 τοὶ
2123 1706 2202 1759 περὶ
2216 1706 2404 1758 Λαμίσκον

1346 1765 1564 1816 ἀπάγγελον.
1624 1764 1712 1817 Περὶ
1736 1765 1771 1803 δὲ
1790 1766 1860 1804 τῶν
1880 1766 2147 1816 ὕπομναμάτων
2177 1766 2403 1840 ἐπεμελήθη,-

1347 1840 1410 1875 μες
1422 1855 1433 1871 ,
1453 1824 1514 1863 καὶ
1536 1823 1764 1874 ἀνήλθομεςε
1745 1839 1792 1868 ως
1808 1824 2016 1871 Λευκανὼς,
2038 1825 2097 1863 καὶ
2114 1826 2318 1880 ἐνετύχομες
2331 1828 2404 1872 τοῖς

1348 1883 1510 1923 Ὀκέλλω
1534 1883 1699 1936 εκγόνοις.
1757 1883 1815 1923 Τὰ
1839 1876 1945 1935 μὲν
1924 1899 1971 1922 ων
1991 1899 2070 1938 περι
2092 1885 2188 1937 νόμω
2216 1901 2277 1926 και
2300 1889 2403 1939 βασι-

1762 2031 1783 2064 s.
1809 2031 1969 2073 Epistolae.

1862 2127 1890 2154 1.

1615 2203 1775 2245 Archytas
1798 2203 1950 2245 Dionysio
1967 2203 2118 2235 salutem.

1381 2291 1527 2325 Misimus
1542 2301 1655 2326 omnes
1673 2293 1817 2326 Platonis
1842 2294 2007 2326 necessarii
2028 2294 2211 2326 Lamiscnm
2233 2295 2267 2327 et
2287 2294 2397 2329 Photi-

1339 2350 1413 2383 dam
1426 2375 1435 2391 ‚
1457 2351 1563 2383 virum
1580 2351 1670 2383 illum
1689 2351 1746 2383 abs
1763 2354 1794 2384 te
1814 2351 1992 2393 recepturi,
2009 2352 2093 2383 sicut
2111 2352 2195 2384 inter
2213 2360 2272 2384 nos
2284 2359 2397 2385 conve-

1340 2411 1443 2442 nerat.
1488 2412 1587 2443 Recte
1604 2410 1703 2451 igitur
1723 2410 1852 2451 seceris,
1875 2410 1903 2443 si
1921 2410 2123 2452 memineris,
2137 2411 2259 2452 quanto
2272 2419 2291 2443 a
2304 2411 2397 2444 nobis

1338 2469 1491 2502 omnibus
1518 2469 1626 2502 studio
1646 2471 1741 2502 antea
1761 2469 1989 2511 efflagitaveris
2006 2470 2146 2503 Platonis
2162 2469 2203 2502 ad
2222 2471 2254 2503 te
2275 2470 2396 2504 adveu-

1339 2530 1409 2561 tum
1421 2555 1430 2570 ‚
1441 2529 1554 2562 voleus
1570 2538 1646 2562 eum
1660 2529 1792 2562 incitare
1809 2539 1848 2563 ac
1867 2529 1962 2563 simul
1977 2539 2050 2562 cum
2067 2529 2129 2562 alia
2148 2529 2181 2562 in
2197 2531 2230 2562 te
2242 2529 2396 2572 recipere,

1339 2591 1407 2620 tum
1431 2589 1575 2621 manenti
1597 2591 1694 2630 atque
1722 2589 1811 2622 abire
1839 2589 1979 2631 cupienti
2003 2589 2165 2631 publicam
2191 2589 2288 2622 fidem
2308 2589 2394 2622 dare.

1337 2647 1419 2680 Illud
1444 2648 1541 2681 etiam
1559 2649 1740 2689 memento,
1759 2648 1865 2689 magni
1881 2652 1911 2681 te
1926 2649 1995 2689 eius
2011 2648 2185 2685 adventum
2199 2649 2392 2690 oestimasse,

1336 2717 1475 2750 eumque
1489 2717 1527 2741 ex
1545 2717 1584 2741 eo
1600 2709 1744 2749 tempore
1760 2708 1818 2741 tibi
1835 2708 1880 2741 ita
1890 2707 1923 2740 in
1937 2708 2101 2740 amoribus
2119 2708 2233 2747 tuisse,
2245 2709 2282 2741 ut
2295 2717 2394 2741 nemo

1335 2777 1353 2800 e
1372 2768 1500 2800 caeteris
1522 2767 1687 2801 sodalibus
1715 2767 1784 2800 ruit.
1840 2767 1961 2805 Quodsi
1984 2776 2059 2809 quae
2079 2776 2186 2800 rerum
2205 2767 2395 2809 asperitates

1335 2828 1536 2868 inciderunt,
1560 2827 1746 2860 humaniter
1764 2829 1795 2860 te
1814 2836 1908 2868 agere
1933 2826 2083 2860 convenit
2112 2827 2269 2868 illumque
2297 2826 2391 2859 nobis

1333 2887 1528 2920 incolumem
1546 2886 1689 2920 reddere.
1715 2888 1794 2920 Haec
1814 2886 1899 2920 enim
1912 2887 1938 2919 si
1954 2886 2050 2919 facias
2061 2911 2070 2926 ‚
2085 2887 2117 2919 et
2130 2886 2290 2928 justitiam
2303 2875 2393 2918 coles

1332 2948 1365 2980 et
1381 2946 1473 2980 nobis
1488 2946 1730 2988 gratificaberis.
2320 2936 2322 2938 ¹

1845 3037 1874 3066 2.

1621 3114 1779 3157 Archytas
1795 3113 1917 3147 Platoni
1936 3112 2084 3146 salutem.

1373 3205 1459 3237 Bene
1483 3204 1575 3245 sacis,
1607 3204 1694 3245 quod
1720 3213 1738 3236 e
1764 3203 1878 3236 morbo
1906 3202 2106 3235 convaluisti.
2150 3204 2220 3236 Hoc
2243 3202 2329 3236 enim
2352 3203 2386 3236 et

1330 3263 1396 3305 ipse
1410 3263 1490 3296 mihi
1505 3263 1753 3306 perscripseras,
1767 3265 1800 3296 et
1817 3262 1982 3296 Lamiscus
2001 3262 2175 3295 nuntiavit.
2209 3263 2384 3295 Commen-

1330 3309 1484 3356 lariorum
1506 3331 1616 3356 curam
1640 3323 1781 3365 egimus,
1803 3322 1843 3355 ad
1866 3323 2012 3355 Lucanos
2032 3322 2185 3363 profecti,
2200 3322 2256 3354 ubi
2282 3321 2384 3355 ocelli

1328 3384 1462 3425 nepotes
1486 3382 1709 3416 convenimus.
1754 3385 1800 3416 Ac
1816 3381 1857 3414 de
1874 3381 1995 3423 legibus
2021 3381 2173 3422 quidem,
2193 3381 2233 3414 de
2262 3390 2382 3421 regno,

1328 3442 1369 3476 de
1399 3442 1518 3484 pietate
1544 3444 1577 3477 et
1602 3442 1643 3476 de
1663 3441 1803 3476 universi
1830 3443 1905 3476 ortu
1933 3441 2182 3475 commentarios
2203 3441 2297 3474 simul
2321 3441 2381 3482 ipsi
