2612 3814
1160 318 1497 358 FRAGMENTA.

245 407 326 460 ἔχον
349 408 394 451 ὡς
415 408 452 445 αἱ
471 404 599 451 εἰκόνες
617 403 663 444 τὰ
682 404 762 458 περὶ
783 404 977 456 μαθήματα
990 404 1093 457 γένεά
1114 406 1182 443 ἐντι
1203 406 1224 443 ¹.
1249 407 1296 445 Οἱ

242 466 314 519 γὰρ
335 465 415 520 περὶ
440 464 636 518 γαμετρίαν
651 468 695 512 ¹¹¹,
719 464 925 515 ὑποθέμενοι
945 464 986 504 τό
1002 481 1040 504 τε
1055 465 1219 519 περισσὸν
1235 466 1297 505 καὶ

244 526 285 564 τὸ
305 524 425 578 ἄρτιον
454 525 513 563 καὶ
538 524 710 577 σχήματα
737 523 798 562 καὶ
818 531 948 576 γωνιᾶν
968 524 1094 577 τρισσὰ
1123 525 1238 574 εἴδεα,
1259 527 1298 564 ἐκ.

243 583 376 623 τούτων
410 584 719 636 πραγματεύονται
753 582 799 622 τὰ
818 584 943 623 λοιπά·
964 584 1008 622 τὰ
1034 583 1070 622 δὲ
1104 584 1297 637 πράγματα

241 644 344 682 ἐῶντι
367 644 412 686 ὡς
431 642 581 691 εἰδότες,
602 642 704 694 λόγον
718 658 755 681 τε
778 645 840 682 οὐκ
861 642 974 696 ἔχοντι
988 643 1126 692 διδόμεν
1146 642 1216 682 οὔθ’
1235 645 1299 681 αὺ-

242 708 314 748 τοῖς
330 707 347 725 “
367 702 438 742 οὔτ’
457 703 594 752 ἄλλοις,
622 702 714 742 ἀλλὰ
739 709 810 748 τοῖς
831 702 895 755 μὲν
917 694 1113 752 αἷσθατοῗς,
1132 706 1178 747 ὡς
1196 703 1297 751 εἰκός,

239 764 420 815 χρῶνται,
445 766 604 808 ζατοῧντι
633 762 669 801 δὲ
699 763 737 801 οὗ
769 767 905 812 ταῦτα,
933 762 1012 802 οὐδὲ
1039 762 1170 802 τούτων
1197 762 1298 802 ἕνεκα

243 826 398 862 ποιεῦντι
432 822 499 866 τὼς
526 823 658 875 λόγως,
682 822 774 861 ἀλλὰ
809 829 872 867 τᾶς
907 822 1084 876 διαμέτρω
1110 823 1214 876 χάριν
1240 823 1299 861 καὶ

239 885 338 923 αὐτῶ
353 883 577 937 τετραγώνω.
635 883 689 924 Τὸ
707 883 864 936 δεύτερον
879 882 1009 934 τμᾶμά
1025 884 1094 921 ἕντι
1106 884 1158 921 τῶ
1171 884 1298 932 νοατῶ,

242 943 323 996 περὶ
339 942 357 982 ὃ
377 945 399 983 ἃ
418 948 435 966 ⁰
449 941 652 982 διαλεκτικὰ
668 943 945 996 κατασχολεῖται
964 948 992 982 ⁹.
1009 942 1111 982 ,Αὕτα
1125 945 1142 970 ‘¹
1161 940 1229 994 γὰρ
1248 943 1298 994 τῷ

239 1003 316 1042 ὄντι
335 1004 375 1041 οὐ
394 1002 454 1047 τὰς
473 1002 658 1048 ὕποθέσιας
687 1006 717 1050 ¹'‚
742 1002 819 1041 ἀλλ’
838 1003 950 1055 ἀρχάς
968 1017 1006 1040 τε
1028 1001 1088 1040 καὶ
1115 999 1299 1045 ἐπιὸάσιας

241 1068 416 1110 ποιεῖται,
436 1062 541 1115 μέχρι
563 1062 603 1100 ἂν
623 1061 676 1100 ἐπ’
700 1061 940 1100 ἀνυπόθετονει
959 1063 1010 1099 τῶ
1037 1060 1167 1103 παντὸς
1186 1059 1298 1112 ἀρχὰν

238 1122 345 1175 ἔλθῃ,
366 1122 426 1161 καὶ
446 1122 551 1160 πάλιν
574 1122 683 1164 αὐτᾶς
711 1119 863 1173 ἐχομένα
889 1119 1029 1171 καταὸῇ
1045 1120 1056 1142 ῑ
1073 1118 1130 1158 ἐπὶ
1158 1119 1220 1157 τὰν
1237 1134 1299 1157 τε-

239 1183 385 1230 λευτάν,
404 1180 513 1220 οὐδενὶ
537 1179 796 1234 προσχρωμένα
814 1185 842 1203 '¹¹
861 1180 1039 1230 αἷσθατῷ,
1068 1179 1145 1216 ἀλλ’
1173 1177 1298 1215 εἴδεσιν

240 1244 357 1285 αὐτοῖς
374 1242 416 1279 δι’
438 1242 563 1279 αὐτῶν.
621 1239 707 1279 Ἐπὶ
725 1237 761 1277 δὲ
776 1237 938 1290 τέτταρσι
957 1243 972 1260 ¹
988 1237 1121 1282 τούτοις
1136 1238 1298 1287 τμάμασι

240 1304 359 1346 καλῶς
391 1301 464 1354 ἔχει
486 1299 647 1349 διανέμεν
682 1299 742 1339 καὶ
769 1299 814 1337 τὰ
843 1299 958 1336 πάθεα
993 1304 1055 1341 τᾶς
1079 1299 1215 1351 ψυχᾶς,
1239 1297 1300 1336 καὶ

240 1361 389 1402 καλέσαι
405 1360 524 1399 νόασιν
549 1359 611 1410 μὲν
632 1358 672 1397 τὸ
691 1362 708 1386 ’¹
726 1358 783 1397 ἐπὶ
800 1359 850 1396 τῶ
867 1356 1050 1410 ἀκροτάτω
1063 1387 1072 1405 ,
1093 1357 1247 1394 διάνοιαν
1262 1356 1298 1394 δὲ

240 1420 298 1459 ἐπὶ
315 1422 364 1459 τῶ
390 1418 540 1471 δευτέρω
554 1448 565 1468 ,
588 1417 645 1455 ε’πὶ
666 1416 702 1455 δὲ
721 1418 770 1455 τῶ
793 1417 899 1470 τρίτω
920 1416 1055 1464 πίστιν,
1085 1415 1298 1454 εἰκασίαν”δὲ

240 1479 300 1518 ἐπὶ
323 1481 372 1518 τῶ
399 1477 569 1531 τετάρτω.

294 1538 490 1591 (Stobaeus
521 1537 653 1586 Eclog.
673 1535 740 1573 lib.
763 1535 781 1573 l
809 1548 890 1587 cap.
909 1541 956 1580 4ο
975 1548 1063 1586 pag.
1094 1536 1166 1583 317
1189 1548 1296 1585 seqq.

236 1601 301 1640 ed.
327 1597 527 1638 Gaisford.
550 1610 675 1648 usque
696 1596 743 1634 ad
765 1594 887 1634 verba
905 1595 926 1634 ἆ
944 1596 979 1634 δὲ
1000 1594 1081 1639 δόξα
1104 1598 1174 1633 τῶν
1195 1595 1293 1640 δοξα-

240 1661 332 1699 στῶν
346 1689 356 1708 ,
373 1658 395 1697 ἁ
413 1657 449 1696 δὲ
472 1657 630 1700 αἴσθασις
652 1658 720 1694 τῶν
739 1656 931 1694 αἰσθατῶν.
952 1656 1116 1706 Reliqua
1130 1655 1299 1693 servavit

236 1718 484 1758 ,lamblichus
535 1717 575 1755 in
629 1716 839 1754 Villoisoni
896 1715 1105 1754 Anecdotis
1150 1715 1298 1753 Graecis

240 1789 335 1819 tom.
352 1778 387 1816 ll
403 1790 492 1829 pag.
519 1789 609 1827 199.
631 1775 823 1825 Congruit
843 1783 969 1812 autem
991 1774 1055 1812 bic
1082 1774 1192 1812 locus
1210 1787 1296 1811 cum

240 1839 292 1878 iis
325 1850 411 1889 quae
447 1837 631 1885 leguntur
665 1834 768 1885 apud
805 1834 1008 1871 Platonem
1042 1832 1090 1870 de
1134 1832 1297 1884 Republ.

240 1897 310 1936 lib.
333 1896 383 1934 Vl
409 1910 450 1946 p.
482 1895 558 1932 510
590 1907 670 1944 seq.
694 1892 908 1931 Emendavi
946 1907 954 1930 :
978 1897 994 1915 ὃ
1021 1891 1104 1944 φύσι
1130 1891 1296 1943 πράτων;

240 1957 358 1996 codd.
387 1955 488 2009 φύσει
520 1956 659 2005 πρῶτον
679 1954 739 1991 vel
771 1951 929 2004 πράτων.
949 1949 965 1974 ¹'
997 1950 1081 2003 φύσι
1106 1949 1295 2003 δευτέρωνς

240 2016 336 2054 libri
358 2015 459 2066 φύσει
477 2013 662 2065 δευτέρων.
677 2016 693 2035 ⁰
717 2011 779 2055 τὰς
796 2016 1025 2063 χειροτεχνᾶν
1044 2009 1208 2062 ἐργασίας
1225 2008 1300 2061 βλέ-

240 2090 319 2122 πεις
340 2074 452 2113 codd.
477 2072 540 2116 τὰς
559 2073 854 2124 χειροτεχνατῶν.
875 2068 891 2092 ¹¹
911 2068 1061 2116 ποιητέα
1083 2073 1296 2122 θεωροῦντας

240 2134 330 2173 cod.
351 2133 506 2184 ποιητά,
536 2130 773 2184 θεωρούμενα.
791 2135 805 2153 e
822 2129 955 2169 τούτων
979 2128 1023 2168 τὰ
1053 2129 1185 2177 νοατὰ;
1207 2129 1294 2168 cod'.

242 2197 373 2235 τούτων
417 2194 461 2233 τὰ
496 2192 561 2245 μὲν,
597 2190 748 2233 miii-aff
781 2191 952 2244 ἔχουσαν,
986 2191 1093 2229 deest
1127 2191 1169 2229 in
1212 2190 1295 2229 cod.

238 2263 257 2287 Β
269 2256 380 2304 κατὰ,
400 2255 484 2294 cod.
497 2254 567 2293 καὶ.
579 2253 596 2277 ¹²
612 2252 703 2292 ὥστε
721 2252 880 2305 διαφέρεν
897 2250 1070 2304 σαφηνείᾳ
1084 2265 1120 2288 τε
1136 2249 1196 2288 καὶ
1213 2251 1297 2288 ἀσα-

241 2316 323 2370 φείᾳ
341 2317 418 2354 ποτ’
441 2314 597 2361 ἄλλαλα;
626 2312 713 2351 cod.
730 2310 791 2350 καὶ
813 2310 973 2365 διαφέρεν
994 2309 1167 2364 σαφηνείᾳ
1186 2325 1222 2347 τε
1238 2309 1298 2348 καὶ

237 2478 443 2520 segmentum
460 2476 544 2519 parti
568 2475 744 2516 imaginum
764 2473 868 2516 plenae
895 2473 1091 2514 respondens
1117 2472 1297 2512 disciplina·

242 2549 315 2572 rum
344 2546 460 2579 genera
490 2537 713 2577 repraesentat.
759 2534 888 2567 Etenim
919 2535 1093 2574 geometrae
1125 2534 1296 2573 postquam

243 2608 395 2632 numeros
415 2601 555 2640 impares
570 2598 602 2629 et
625 2605 718 2638 pares
737 2596 769 2628 et
787 2594 902 2636 figuras
919 2593 1175 2633 angulorumque
1192 2591 1297 2632 tripli-

241 2669 312 2693 cem
333 2658 474 2700 speciem
497 2657 692 2699 posuerunt,
717 2655 766 2687 liis
787 2654 1015 2686 convenienter
1035 2652 1158 2693 reliqua
1179 2653 1298 2692 pertra-

244 2720 335 2752 ctant
363 2727 370 2746 :
400 2718 485 2759 ipsas
518 2719 627 2748 autem
659 2723 708 2747 res
741 2704 997 2755 praetermittunt
1024 2711 1114 2753 quasi
1142 2711 1296 2750 seientes,

239 2786 419 2819 earumque
431 2785 536 2817 neque
551 2775 611 2807 sibi
630 2783 732 2814 neque
744 2773 813 2806 aliis
830 2773 985 2805 rationem
1002 2771 1134 2803 reddere
1149 2771 1296 2811 possunt,

239 2839 299 2872 sed
327 2839 422 2871 rebus
442 2845 515 2879 quae
540 2835 600 2868 sub
621 2843 735 2867 sensus
762 2832 903 2873 cadunt,
925 2834 962 2865 ut
987 2841 1043 2873 par
1065 2832 1138 2870 est,
1160 2832 1298 2862 utuntur

243 2907 351 2940 neque
367 2898 424 2930 lias
451 2896 709 2938 perscrutantur,
729 2902 834 2934 neque
852 2893 982 2934 propter
1003 2900 1057 2924 eas
1070 2891 1170 2923 multa
1199 2889 1297 2922 verba

249 2958 391 2998 faciunt,
408 2957 464 2989 sed
483 2956 524 2988 (le
540 2955 696 2988 diametro
713 2954 746 2986 et
770 2953 837 2994 ipso
855 2951 1013 2992 quadrato
1030 2949 1203 2981 disserunt.
1250 2948 1299 2980 ΑΙ-

241 3019 351 3051 terum
373 3017 576 3058 segmentum
603 3015 652 3046 est
687 3010 934 3052 intelligibilium
951 3032 960 3048 .
985 3008 1068 3041 circa
1100 3016 1172 3048 quae
1196 3005 1296 3038 diale-

243 3077 328 3109 ctica
358 3077 512 3108 versatur.
558 3075 637 3106 Haec
657 3072 743 3105 enim
773 3078 884 3103 revera
913 3077 978 3101 non
1012 3066 1216 3107 argumenta,
1243 3063 1296 3096 sed

245 3137 401 3179 principia
421 3139 452 3170 et
471 3135 681 3168 fundamenta
703 3133 810 3175 ponit,
828 3131 931 3164 donec
951 3129 990 3162 ad
1015 3126 1154 3160 universi
1178 3125 1297 3167 princi·

243 3197 336 3238 pium
358 3204 421 3228 non
437 3194 578 3236 positum
604 3193 787 3236 perveniat,
815 3191 912 3232 atque
932 3188 977 3221 illi
993 3196 1102 3220 rursus
1127 3185 1298 3218 adhaerens

242 3256 286 3288 ad
306 3255 402 3288 linem
418 3254 608 3294 descendat,
630 3253 718 3286 nulla
736 3261 770 3285 re
796 3259 870 3292 quae
887 3248 1034 3290 subjecta
1059 3245 1205 3278 sensibus
1225 3247 1295 3283 est,

242 3315 304 3348 sed
332 3314 409 3356 ipsis
437 3322 492 3355 per
518 3322 552 3345 se
580 3322 685 3345 rerum
718 3310 828 3344 formis
864 3311 969 3341 utens,
1017 3308 1074 3339 Per
1108 3305 1179 3337 boec
1204 3303 1297 3344 quat-

242 3378 324 3407 tuor
349 3373 514 3414 segmenta
539 3371 632 3404 decet
654 3371 750 3404 etiam
783 3368 881 3401 animi
899 3366 1086 3403 affectiones
1106 3361 1296 3403 dispertire,

242 3440 345 3475 atque
358 3432 518 3474 appellare
533 3439 671 3463 summae.
691 3429 789 3472 partis
805 3427 1012 3460 affectionem
1032 3420 1274 3463 intelligentiam
1285 3444 1294 3460 ‚

243 3491 400 3524 secundae
434 3490 681 3532 cogitationem,
713 3488 822 3522 tertiae
848 3486 966 3524 fidem,
990 3483 1115 3525 quartae
1143 3479 1297 3520 imagina-

246 3552 379 3585 tionem.

2331 332 2407 365 567

1357 406 1510 460 ἀσαφείᾳ
1526 406 1624 445 ποττ’
1640 406 1746 445 ἄλλα.
1763 407 1770 430 ¹
1790 407 1911 460 ἅτερον
1925 438 1935 457 ,
1949 410 2034 448 cod.
2056 410 2187 462 ἕτερον.
2204 411 2220 435 k
2233 407 2335 451 αὗται
2352 415 2408 461 αἷ;

1357 466 1444 505 cod.
1465 468 1578 504 ταῦτ’.
1596 463 1720 518 Ιγε’νεοί
1739 469 1830 516 ε’ντι;
1847 469 1931 508 cod.
1952 469 2033 519 γένη
2051 471 2136 511 ἐντί.
2158 476 2183 494 ¹¹¹
2201 473 2409 526 γαμετρίαν;

1359 526 1444 564 cod.
1459 526 1691 579 γεωμετρίαν.
1718 538 1736 558 n
1750 526 1819 565 οὔθ’
1838 529 1975 576 αὑτοῒς;
1997 532 2084 571 cod.
2108 531 2179 571 οὔτ’
2205 534 2332 577 αὐτοῖς.
2353 537 2368 556 ⁰
2389 535 2411 572 ἁ

1360 585 1583 634 διαλεκτικὰ;
1609 587 1695 625 cod.
1724 587 1941 627 διαλεκτικά.
1966 598 1984 622 1³
2004 593 2296 643 κατασχολεῖταις
2319 595 2407 634 cod.

1359 648 1639 699 κατασχόληται.
1658 647 1800 696 Ἷαῧτας
1816 649 1902 688 cod.
1925 649 2030 689 αὐτά.
2066 654 2081 672 ¹'
2106 654 2156 705 τῷ
2175 653 2247 691 ὄντι
2279 655 2316 691 οὐ
2349 653 2411 697 τὰς

1359 706 1562 753 ὑποθέσιας,
1597 707 1674 745 ἀλλ’
1708 706 1820 759 ἀρχάς
1851 722 1889 746 τε
1925 707 1985 746 καὶ
2018 709 2205 754 ἐπιὸάσιας
2238 719 2409 760 ποιεῖται;

1359 765 1447 805 cod.
1463 767 1513 818 τῷ
1532 764 1604 804 ὄντι
1625 764 1689 811 τὰς
1705 766 1913 815 ὃποθεσίας,
1936 768 2014 807 ἀλλ’
2031 770 2234 817 ὑποθεσίας,
2254 772 2332 809 ἀλλ’
2353 773 2412 823 ἀρ-

1358 823 1424 875 χάς
1443 839 1480 863 τε
1500 824 1559 863 καὶ
1582 825 1769 870 ἐπιὸασίας
1789 832 1954 867 ποιεῖται.
1975 833 1988 850 ⁵
2010 828 2115 880 μέγρι
2137 829 2178 867 ἂν
2205 831 2258 867 ἐπ’
2279 831 2411 870 ἀνυπό-

1360 887 1456 922 θετον
1485 886 1535 922 τῶ
1554 884 1682 929 παντὸς
1707 883 1820 937 ἀρχὰν
1841 885 1949 939 ἔλθῃ;
1973 888 2059 928 cod.
2072 876 2185 941 'psl-pt
2203 891 2252 927 τῶ
2275 892 2412 928 ἀνυπο-

1360 942 1446 981 θέτω
1480 944 1537 982 ἐπὶ
1571 944 1700 989 παντὸς
1732 944 1845 998 ἀρχὰν
1883 945 1979 999 ἔλθῃ.
2013 947 2025 970 t
2052 947 2112 986 καὶ
2159 949 2265 988 πάλιν
2308 952 2413 993 αὐτᾶς

1360 1003 1510 1054 ἐχομένα
1543 1004 1711 1057 καταὸῇς
1737 1005 1823 1045 cod.
1847 1005 1908 1044 καὶ
1940 1006 2047 1045 πάλιν
2076 1007 2227 1059 ἐχομένα
2256 1008 2411 1047 καταὸᾶ.

1361 1066 1378 1084 “
1395 1064 1505 1103 οὐδενὶ
1547 1064 1831 1118 προσχρωμένας
1863 1066 1948 1106 cod.
1978 1066 2089 1106 οὐδενὶ
2132 1067 2408 1120 προσχρώμενοι.

1359 1127 1375 1145 ¹
1390 1124 1572 1177 τέτταρας
1588 1125 1676 1164 cod.
1696 1124 1852 1178 τέταρσι.
1867 1131 1885 1156 5
1905 1126 1964 1164 καὶ
1981 1126 2128 1165 καλέσαι
2150 1126 2266 1165 νόασιν
2288 1125 2350 1176 μὲν
2371 1127 2411 1166 τὸ

1359 1181 1417 1219 ἐπὶ
1435 1184 1486 1220 τῶ
1513 1184 1716 1235 ἀκροτάτω;
1739 1184 1824 1224 cod.
1855 1184 1915 1223 καὶ
1935 1186 2082 1225 καλέσαι
2102 1187 2141 1225 τὸ
2161 1186 2331 1239 νοάσεμεν
2354 1186 2410 1226 ἐπὶ

1359 1244 1408 1280 τῶ
1427 1243 1620 1296 ἀκροτάτω.
1635 1244 1646 1295 )

1627 1330 1672 1370 δ’.
1705 1330 1770 1370 Ἐκ
1799 1334 1858 1370 τοῦ
1887 1331 1966 1384 περὶ
1997 1335 2130 1385 ἀρχῶν.

1417 1421 1484 1460 lV.
1516 1419 1671 1472 Ἀνάγκα
1691 1420 1750 1458 καὶ
1771 1420 1829 1460 δύο
1852 1420 1962 1474 ἀρχὰς
1983 1415 2070 1472 ἦμεν
2086 1425 2153 1461 τῶν
2172 1422 2278 1462 ὄντων
2293 1454 2303 1471 ,
2327 1424 2410 1475 μίαν

1362 1479 1447 1530 μέν,
1468 1477 1531 1517 τὰν
1561 1482 1782 1532 συστοιχείαν
1818 1478 1968 1532 ἔχουσαν
2001 1484 2068 1519 τῶν
2101 1481 2323 1533 τεταγμένων
2351 1483 2411 1521 καὶ

1360 1541 1525 1591 ὁριστῶν,
1547 1538 1667 1591 ἑτέραν
1688 1539 1724 1578 δὲ
1744 1537 1806 1578 τὰν
1827 1539 2047 1592 συστοιχείαν
2072 1540 2220 1594 ἔχουσαν
2241 1545 2309 1580 τῶν
2330 1543 2412 1582 ἀτά-

1361 1614 1451 1637 κτων
1481 1599 1541 1638 καὶ
1572 1598 1755 1651 ἀορίστων.
1813 1598 1884 1638 Καὶ
1913 1599 1976 1638 τὰν
2003 1599 2064 1650 μὲν
2097 1600 2205 1655 ῥητὰν
2231 1602 2290 1640 καὶ
2309 1603 2409 1653 λόγον

1360 1658 1509 1710 ἔχουσαν
1537 1657 1596 1697 καὶ
1627 1657 1673 1696 τὰ
1708 1657 1806 1697 ἐόντα
1842 1657 1972 1708 ὁμοίως
2002 1659 2169 1712 συνέχεν,
2196 1660 2256 1700 καὶ
2286 1660 2330 1699 τὰ
2360 1662 2409 1712 μὴ

1362 1718 1461 1757 ἐόντα
1481 1718 1591 1770 ὁρίζεν
1612 1717 1672 1755 καὶ
1701 1717 1891 1756 συντάσσεν
1911 1722 1939 1757 ³.
1970 1718 2239 1764 Πλατιάζουσαν
2268 1719 2336 1772 γὰρ
2357 1721 2410 1758 ἀεὶ

1359 1783 1430 1821 τοῖς
1458 1776 1649 1826 γινομένοις
1670 1775 1819 1826 εὐλόγως
1834 1775 1893 1814 καὶ
1915 1775 2092 1829 εὐρύθμως
2118 1778 2243 1825 ἀνάγεν
2272 1782 2381 1816 ταῦτα
2397 1808 2407 1825 ,

1359 1836 1419 1874 καὶ
1437 1835 1476 1874 τὸ
1497 1838 1574 1873 καθ’
1595 1836 1665 1874 ὅλω
1684 1835 1791 1879 ὠσίας
1806 1851 1845 1874 τε
1861 1834 1920 1874 καὶ
1938 1835 2044 1879 εἴδεος
2063 1836 2304 1887 μεταδιδόμεν.
2335 1836 2409 1876 Τὰν

1361 1897 1389 1932 δ’
1411 1894 1535 1946 ἄλογον
1552 1895 1612 1933 καὶ
1633 1894 1784 1949 ἄῤῥητον
1804 1894 1864 1933 καὶ
1890 1893 1934 1932 τὰ
1957 1895 2218 1946 συντεταγμένα
2238 1896 2411 1946 λυμαίνε-

1361 1957 1461 2002 σθαι,
1482 1953 1542 1992 καὶ
1571 1952 1616 1992 τὰ
1637 1954 1670 1997 ἐς
1696 1953 1828 2004 γένεσίν
1849 1968 1887 1992 τε
1920 1952 1981 1991 καὶ
2006 1953 2115 1992 ὠσίαν
2146 1953 2410 2006 παραγινόμενα

1361 2013 1516 2064 διαλύεν·
1549 2013 1810 2058 πλατιάζουσαν
1833 2012 1901 2066 γὰρ
1930 2013 1983 2052 ἀεὶ
2012 2014 2082 2057 τοῖς
2102 2014 2306 2066 πράγμασιν
2337 2013 2410 2059 ἐξο-

1360 2076 1479 2123 μοιοῦν
1501 2071 1657 2111 αὔταυτα
1677 2071 1710 2112 b.
1731 2071 1822 2110 Ἀλλ’
1839 2071 1980 2125 ἐπείπερ
2002 2071 2109 2124 ἀρχαὶ
2127 2071 2186 2110 δύο
2205 2065 2297 2111 κατὰ
2316 2072 2410 2123 γένος

1360 2131 1679 2194 ἀντιιῖιαιρούμεναι
1692 2133 1759 2169 τῶν
1775 2130 1991 2183 πραγμάτων
2008 2158 2022 2176 c
2040 2130 2267 2182 τυγχάνοντι,
2282 2133 2332 2184 τῷ
2345 2130 2407 2170 τὰν

1361 2191 1422 2242 μὲν
1446 2195 1533 2241 ἠμεν
1557 2189 1766 2251 ἀγαθαποιόν
1779 2220 1790 2241 ,
1803 2188 1866 2228 τὰν
1887 2191 1916 2228 δ’
1936 2184 2026 2241 ἦμεν
2045 2190 2232 2228 κακοποιόν
2245 2219 2254 2235 ,
2273 2189 2408 2242 ἀνάγκα

1359 2250 1419 2289 καὶ
1442 2250 1502 2288 δύο
1523 2250 1634 2302 λόγως
1653 2253 1741 2300 ἠμεν
1757 2279 1767 2296 ,
1793 2249 1851 2287 τὸν
1873 2248 1935 2300 μὲν
1959 2248 2020 2288 ἕνα
2043 2255 2104 2293 τᾶς
2124 2250 2325 2300 ἀγαθοποιῶ
2344 2249 2409 2302 φύ-

1361 2325 1452 2357 σιος,
1484 2309 1542 2349 τὸν
1564 2309 1592 2347 δ’
1623 2309 1685 2348 ἕνα
1720 2314 1781 2353 τᾶς
1806 2311 2000 2349 κακοποιῶ.
2058 2307 2125 2348 Διὰ
2144 2313 2246 2348 τοῦτο
2276 2308 2336 2347 καὶ
2362 2308 2408 2347 τὰ

1655 2527 1690 2565 ,4.
1717 2527 1741 2558 Ε
1763 2524 1844 2557 libro
1868 2524 1908 2557 de
1934 2523 2110 2563 Principiis.

1400 2640 1452 2672 lv.
1478 2640 1550 2671 Duo
1566 2639 1663 2671 etiam
1676 2645 1806 2670 necesse
1818 2638 1866 2669 est
1880 2645 1987 2668 rerum
2001 2644 2069 2668 esse
2083 2635 2234 2676 principia
2244 2658 2253 2673 ,
2269 2634 2405 2667 alterum

1358 2701 1472 2732 seriem
1492 2698 1712 2738 ordinatorum
1739 2698 1771 2730 et
1789 2697 1969 2734 finitorum,
1989 2695 2124 2727 alterum
2150 2694 2402 2726 inordinatorum

1359 2761 1390 2791 et
1414 2758 1614 2795 infinitorum
1640 2757 1857 2797 complectens
1882 2767 1889 2787 z
1910 2757 1943 2788 et
1970 2754 2048 2786 illud
2065 2753 2198 2794 quidem
2219 2753 2344 2785 effabile
2367 2761 2405 2784 ac

1359 2819 1493 2851 rationis
1513 2817 1672 2860 particeps
1695 2817 1766 2848 tum
1786 2823 1823 2847 ea
1840 2823 1912 2856 quae
1938 2818 2013 2846 sunt
2032 2806 2216 2852 continere}
2247 2814 2316 2844 tum
2332 2819 2406 2852 quae

1360 2887 1422 2910 non
1443 2879 1518 2910 sunt
1533 2875 1667 2908 definire
1683 2877 1714 2907 et
1736 2882 1946 2915 componere,
1967 2880 2159 2913 semperque
2185 2870 2278 2902 rebus
2294 2869 2406 2909 adJun-

1358 2940 1448 2970 ctum
1469 2935 1586 2968 rationi
1613 2943 1651 2967 ac
1674 2942 1808 2966 numero
1824 2931 2053 2965 convenienter
2077 2938 2129 2962 eas
2145 2928 2323 2969 producere
2340 2927 2406 2959 uni-

1361 3004 1518 3038 versoque
1536 2995 1685 3028 naturam
1703 3002 1741 3026 ac
1762 2991 1900 3034 speciem
1931 2990 2034 3029 largiri
2061 2998 2068 3018 :
2093 2989 2154 3020 boc
2177 2996 2252 3019 vero
2282 2987 2406 3019 ratione

1361 3066 1472 3090 carens
1495 3058 1528 3088 et
1548 3054 1709 3087 ineffabile
1726 3054 1794 3085 tum
1820 3050 1995 3092 composita
2018 3055 2238 3088 corrumpere,
2257 3047 2326 3078 tum
2351 3055 2406 3078 na-

1359 3119 1482 3149 scentia
1498 3115 1675 3147 dissolvere
1698 3114 1915 3154 perpetuoque
1931 3108 2025 3140 rebus
2041 3106 2210 3138 adhaerens
2235 3104 2318 3145 ipsas
2344 3104 2406 3137 sibi

1359 3175 1546 3208 assimilare.
1593 3172 1654 3206 Sed
1686 3170 1839 3213 quoniam
1868 3166 2038 3209 generatim
2072 3165 2135 3196 duo
2175 3163 2405 3196 contrariarum

1359 3243 1466 3268 rerum
1496 3232 1652 3275 principia
1671 3234 1763 3270 sunt,
1793 3227 1877 3270 quod
1907 3226 2045 3259 alterum
2076 3223 2151 3256 honi
2179 3224 2240 3262 sit,
2266 3222 2404 3254 alterum

1359 3294 1432 3326 mali
1449 3301 1546 3326 causa
1565 3301 1573 3321 ‘-
1594 3291 1669 3324 duoe
1685 3296 1813 3330 quoque
1832 3286 1988 3326 rationes,
2007 3284 2106 3316 altera
2123 3281 2272 3315 beneficae
2283 3304 2292 3320 ,
2306 3280 2406 3312 altera

1359 3353 1514 3387 maleficae
1557 3352 1680 3384 naturae
1723 3347 1940 3388 requiruntur.
1986 3343 2187 3384 Quapropter
2218 3341 2284 3372 tam
2328 3338 2406 3371 artis

1360 3423 1458 3455 quam
1481 3414 1605 3445 naturae
1626 3417 1721 3451 opera
1742 3407 1811 3439 lioec
1839 3405 1904 3437 duo
1924 3403 2064 3445 primum
2089 3400 2327 3439 nanciscuntur,
2343 3399 2405 3430 for-

1362 3482 1447 3505 mam
1466 3473 1498 3504 et
1510 3468 1736 3503 substantiam.
1781 3467 1828 3498 Ex
1846 3463 1896 3496 his
1913 3463 2013 3494 forma
2029 3460 2118 3499 facit,
2135 3460 2171 3491 nt
2189 3459 2313 3490 certum
2327 3455 2403 3497 quid

1362 3543 1414 3566 res
1431 3533 1471 3565 sit
1494 3529 1703 3565 :substantia
1729 3525 1871 3567 subjecta
1889 3523 2024 3556 formam
2053 3519 2179 3561 accipit.
2225 3518 2319 3559 Atqui
2348 3525 2405 3550 nec

1340 3381 1356 3398 β
