<?xml version="1.0" encoding="UTF-8"?>
<!DOCTYPE html PUBLIC "-//W3C//DTD XHTML 1.0 Transitional//EN"
    "http://www.w3.org/TR/xhtml1/DTD/xhtml1-transitional.dtd">
<html xmlns="http://www.w3.org/1999/xhtml" xml:lang="en" lang="en">
 <head>
  <title>
</title>
<meta http-equiv="Content-Type" content="text/html;charset=utf-8" />
  <meta name='ocr-system' content='tesseract 3.04.00' />
  <meta name='ocr-capabilities' content='ocr_page ocr_carea ocr_par ocr_line ocrx_word'/>
</head>
<body>
  <div class='ocr_page' id='page_1' title='image "./fragmentaphiloso01mulluoft_0340.png"; bbox 0 0 2612 3814; ppageno 0'>
   <div class='ocr_carea' id='block_1_1' title="bbox 0 2960 49 3814">
    <p class='ocr_par' dir='ltr' id='par_1_1' title="bbox 0 2960 49 3814">
     <span class='ocr_line' id='line_1_1' title="bbox 0 2960 49 3814; baseline 0 0"><span class='ocrx_word' id='word_1_1' title='bbox 0 2960 49 3814; x_wconf 95' lang='lat' dir='ltr'> </span> 
     </span>
    </p>
   </div>
   <div class='ocr_carea' id='block_1_2' title="bbox 311 255 386 287">
    <p class='ocr_par' dir='ltr' id='par_1_2' title="bbox 311 255 386 287">
     <span class='ocr_line' id='line_1_2' title="bbox 311 255 386 287; baseline -0.013 0"><span class='ocrx_word' id='word_1_2' title='bbox 311 255 386 287; x_wconf 81' lang='lat'>300</span> 
     </span>
    </p>
   </div>
   <div class='ocr_carea' id='block_1_3' title="bbox 250 430 1360 793">
    <p class='ocr_par' dir='ltr' id='par_1_3' title="bbox 250 430 1360 793">
     <span class='ocr_line' id='line_1_3' title="bbox 302 430 1353 490; baseline -0.014 -8"><span class='ocrx_word' id='word_1_3' title='bbox 302 460 354 488; x_wconf 86' lang='grc' dir='ltr'>τις</span> <span class='ocrx_word' id='word_1_4' title='bbox 371 440 562 487; x_wconf 77' lang='grc' dir='ltr'>ὑπολάὸοι,</span> <span class='ocrx_word' id='word_1_5' title='bbox 582 433 672 479; x_wconf 73' lang='grc' dir='ltr'>εἶναι</span> <span class='ocrx_word' id='word_1_6' title='bbox 701 438 741 478; x_wconf 77' lang='grc' dir='ltr'>τὸ</span> <span class='ocrx_word' id='word_1_7' title='bbox 772 437 822 490; x_wconf 82' lang='grc' dir='ltr'>μὴ</span> <span class='ocrx_word' id='word_1_8' title='bbox 842 438 1012 476; x_wconf 84' lang='grc' dir='ltr'>κινεῖσθαι</span> <span class='ocrx_word' id='word_1_9' title='bbox 1034 432 1094 472; x_wconf 81' lang='grc' dir='ltr'>καὶ</span> <span class='ocrx_word' id='word_1_10' title='bbox 1126 431 1166 471; x_wconf 79' lang='grc' dir='ltr'>τὸ</span> <span class='ocrx_word' id='word_1_11' title='bbox 1191 430 1353 476; x_wconf 76' lang='grc' dir='ltr'>ἀκίνητον</span> 
     </span>
     <span class='ocr_line' id='line_1_4' title="bbox 304 488 1357 551; baseline -0.016 -8"><span class='ocrx_word' id='word_1_12' title='bbox 304 498 392 544; x_wconf 68' lang='grc' dir='ltr'>εἶναι</span> <span class='ocrx_word' id='word_1_13' title='bbox 408 532 418 549; x_wconf 85' lang='grc'>,</span> <span class='ocrx_word' id='word_1_14' title='bbox 442 501 532 541; x_wconf 72' lang='grc' dir='ltr'>ἀλλὰ</span> <span class='ocrx_word' id='word_1_15' title='bbox 548 499 589 539; x_wconf 79' lang='grc' dir='ltr'>τὸ</span> <span class='ocrx_word' id='word_1_16' title='bbox 611 499 674 551; x_wconf 79' lang='grc' dir='ltr'>μὲν</span> <span class='ocrx_word' id='word_1_17' title='bbox 695 498 871 551; x_wconf 73' lang='grc' dir='ltr'>ἀπόφασιν</span> <span class='ocrx_word' id='word_1_18' title='bbox 891 498 949 534; x_wconf 66' lang='grc' dir='ltr'>τοῧ</span> <span class='ocrx_word' id='word_1_19' title='bbox 977 495 1149 533; x_wconf 81' lang='grc' dir='ltr'>κινεῖσθαι</span> <span class='ocrx_word' id='word_1_20' title='bbox 1177 488 1297 541; x_wconf 79' lang='grc' dir='ltr'>ὥσπερ</span> <span class='ocrx_word' id='word_1_21' title='bbox 1317 488 1357 526; x_wconf 81' lang='grc' dir='ltr'>τὸ</span> 
     </span>
     <span class='ocr_line' id='line_1_5' title="bbox 305 547 1358 615; baseline -0.016 -13"><span class='ocrx_word' id='word_1_22' title='bbox 305 563 355 615; x_wconf 80' lang='grc' dir='ltr'>μὴ</span> <span class='ocrx_word' id='word_1_23' title='bbox 373 561 464 613; x_wconf 77' lang='grc' dir='ltr'>ἴσον,</span> <span class='ocrx_word' id='word_1_24' title='bbox 486 560 572 614; x_wconf 81' lang='grc' dir='ltr'>ὅπερ</span> <span class='ocrx_word' id='word_1_25' title='bbox 587 558 647 598; x_wconf 77' lang='grc' dir='ltr'>καὶ</span> <span class='ocrx_word' id='word_1_26' title='bbox 667 557 759 597; x_wconf 76' lang='grc' dir='ltr'>κατὰ</span> <span class='ocrx_word' id='word_1_27' title='bbox 780 559 840 596; x_wconf 78' lang='grc' dir='ltr'>τοῦ</span> <span class='ocrx_word' id='word_1_28' title='bbox 862 554 911 605; x_wconf 82' lang='grc' dir='ltr'>μὴ</span> <span class='ocrx_word' id='word_1_29' title='bbox 929 553 1024 598; x_wconf 81' lang='grc' dir='ltr'>ὄντος</span> <span class='ocrx_word' id='word_1_30' title='bbox 1047 551 1140 591; x_wconf 71' lang='grc' dir='ltr'>ἐστὶν</span> <span class='ocrx_word' id='word_1_31' title='bbox 1162 548 1300 598; x_wconf 75' lang='grc' dir='ltr'>ἀληθές,</span> <span class='ocrx_word' id='word_1_32' title='bbox 1319 547 1358 586; x_wconf 85' lang='grc' dir='ltr'>τὸ</span> 
     </span>
     <span class='ocr_line' id='line_1_6' title="bbox 250 605 1358 671; baseline -0.016 -9"><span class='ocrx_word' id='word_1_33' title='bbox 250 635 288 661; x_wconf 78' lang='lat'>20</span> <span class='ocrx_word' id='word_1_34' title='bbox 305 624 341 662; x_wconf 76' lang='grc' dir='ltr'>δὲ</span> <span class='ocrx_word' id='word_1_35' title='bbox 363 621 524 669; x_wconf 78' lang='grc' dir='ltr'>ἀκίνητον</span> <span class='ocrx_word' id='word_1_36' title='bbox 542 618 600 658; x_wconf 72' lang='grc' dir='ltr'>ἐπὶ</span> <span class='ocrx_word' id='word_1_37' title='bbox 619 619 669 671; x_wconf 80' lang='grc' dir='ltr'>τῷ</span> <span class='ocrx_word' id='word_1_38' title='bbox 691 616 783 670; x_wconf 78' lang='grc' dir='ltr'>ἔχειν</span> <span class='ocrx_word' id='word_1_39' title='bbox 804 631 876 659; x_wconf 88' lang='grc' dir='ltr'>πως</span> <span class='ocrx_word' id='word_1_40' title='bbox 889 614 957 662; x_wconf 79' lang='grc' dir='ltr'>ἤδη</span> <span class='ocrx_word' id='word_1_41' title='bbox 971 612 1156 664; x_wconf 87' lang='grc' dir='ltr'>λέγεσθαι,</span> <span class='ocrx_word' id='word_1_42' title='bbox 1178 607 1297 660; x_wconf 77' lang='grc' dir='ltr'>ὥσπερ</span> <span class='ocrx_word' id='word_1_43' title='bbox 1319 605 1358 645; x_wconf 84' lang='grc' dir='ltr'>τὸ</span> 
     </span>
     <span class='ocr_line' id='line_1_7' title="bbox 306 671 1357 731; baseline -0.017 -9"><span class='ocrx_word' id='word_1_44' title='bbox 306 684 440 731; x_wconf 78' lang='grc' dir='ltr'>ἄνισον,</span> <span class='ocrx_word' id='word_1_45' title='bbox 465 679 526 720; x_wconf 75' lang='grc' dir='ltr'>καὶ</span> <span class='ocrx_word' id='word_1_46' title='bbox 541 678 597 718; x_wconf 70' lang='grc' dir='ltr'>ἐπὶ</span> <span class='ocrx_word' id='word_1_47' title='bbox 613 680 663 731; x_wconf 81' lang='grc' dir='ltr'>τῷ</span> <span class='ocrx_word' id='word_1_48' title='bbox 684 675 830 729; x_wconf 75' lang='grc' dir='ltr'>ἐναντίῳ</span> <span class='ocrx_word' id='word_1_49' title='bbox 859 678 919 713; x_wconf 82' lang='grc' dir='ltr'>τοῦ</span> <span class='ocrx_word' id='word_1_50' title='bbox 939 675 1108 712; x_wconf 88' lang='grc' dir='ltr'>κινεῖσθαι</span> <span class='ocrx_word' id='word_1_51' title='bbox 1127 674 1177 723; x_wconf 82' lang='grc' dir='ltr'>τῷ</span> <span class='ocrx_word' id='word_1_52' title='bbox 1196 671 1357 722; x_wconf 82' lang='grc' dir='ltr'>ἠρεμεῖν,</span> 
     </span>
     <span class='ocr_line' id='line_1_8' title="bbox 304 726 1360 793; baseline -0.016 -12"><span class='ocrx_word' id='word_1_53' title='bbox 304 745 350 786; x_wconf 78' lang='grc' dir='ltr'>ὣς</span> <span class='ocrx_word' id='word_1_54' title='bbox 369 740 428 781; x_wconf 65' lang='grc' dir='ltr'>καὶ</span> <span class='ocrx_word' id='word_1_55' title='bbox 460 737 584 793; x_wconf 78' lang='grc' dir='ltr'>σχεδὸν</span> <span class='ocrx_word' id='word_1_56' title='bbox 604 738 639 776; x_wconf 79' lang='grc' dir='ltr'>αἱ</span> <span class='ocrx_word' id='word_1_57' title='bbox 669 735 812 776; x_wconf 77' lang='grc' dir='ltr'>ἀπὸτοῦ</span> <span class='ocrx_word' id='word_1_58' title='bbox 837 750 858 772; x_wconf 88' lang='grc' dir='ltr'>α</span> <span class='ocrx_word' id='word_1_59' title='bbox 880 731 1072 786; x_wconf 67' lang='grc' dir='ltr'>ἀποφοίσεις</span> <span class='ocrx_word' id='word_1_60' title='bbox 1102 729 1160 769; x_wconf 77' lang='grc' dir='ltr'>ἐπὶ</span> <span class='ocrx_word' id='word_1_61' title='bbox 1194 726 1360 770; x_wconf 74' lang='grc' dir='ltr'>ἐναντίοις</span> 
     </span>
    </p>
   </div>
   <div class='ocr_carea' id='block_1_4' title="bbox 330 810 2473 835">
    <p class='ocr_par' dir='ltr' id='par_1_4' title="bbox 330 810 2473 835">
     <span class='ocr_line' id='line_1_9' title="bbox 330 810 2473 835; baseline -0.001 -11"><span class='ocrx_word' id='word_1_62' title='bbox 330 810 2473 835; x_wconf 63' lang='lat'><strong>——-———-—-—-—————-—-·———-—----———-——-·</strong></span> 
     </span>
    </p>
   </div>
   <div class='ocr_carea' id='block_1_5' title="bbox 305 857 1379 3128">
    <p class='ocr_par' dir='ltr' id='par_1_5' title="bbox 305 857 1367 1713">
     <span class='ocr_line' id='line_1_10' title="bbox 306 857 1360 910; baseline -0.014 -7"><span class='ocrx_word' id='word_1_63' title='bbox 306 871 414 905; x_wconf 74' lang='lat' dir='ltr'><strong>AEscb.</strong></span> <span class='ocrx_word' id='word_1_64' title='bbox 445 870 532 910; x_wconf 85' lang='lat' dir='ltr'><strong>Sept.</strong></span> <span class='ocrx_word' id='word_1_65' title='bbox 567 870 629 900; x_wconf 81' lang='lat'>905</span> <span class='ocrx_word' id='word_1_66' title='bbox 648 877 655 898; x_wconf 90' lang='lat'><strong>:</strong></span> <span class='ocrx_word' id='word_1_67' title='bbox 671 865 801 906; x_wconf 82' lang='grc' dir='ltr'>πάρεστι</span> <span class='ocrx_word' id='word_1_68' title='bbox 827 865 853 896; x_wconf 86' lang='grc' dir='ltr'>δ’</span> <span class='ocrx_word' id='word_1_69' title='bbox 883 864 978 895; x_wconf 73' lang='grc' dir='ltr'>εἰπεῖν</span> <span class='ocrx_word' id='word_1_70' title='bbox 1005 861 1054 893; x_wconf 83' lang='grc' dir='ltr'>ἐπ’</span> <span class='ocrx_word' id='word_1_71' title='bbox 1071 859 1233 892; x_wconf 68' lang='grc' dir='ltr'>ἀθλίοισιν.</span> <span class='ocrx_word' id='word_1_72' title='bbox 1261 857 1360 898; x_wconf 86' lang='lat' dir='ltr'><strong>Sopb.</strong></span> 
     </span>
     <span class='ocr_line' id='line_1_11' title="bbox 307 907 1360 953; baseline -0.008 -4"><span class='ocrx_word' id='word_1_73' title='bbox 307 918 385 951; x_wconf 76' lang='grc' dir='ltr'>(Εά.</span> <span class='ocrx_word' id='word_1_74' title='bbox 407 915 476 949; x_wconf 83' lang='lat' dir='ltr'><strong>col.</strong></span> <span class='ocrx_word' id='word_1_75' title='bbox 505 917 566 947; x_wconf 84' lang='grc'>415</span> <span class='ocrx_word' id='word_1_76' title='bbox 583 913 690 946; x_wconf 71' lang='grc' dir='ltr'>ττοῡτ’</span> <span class='ocrx_word' id='word_1_77' title='bbox 704 913 751 953; x_wconf 75' lang='grc' dir='ltr'>ἐφ’</span> <span class='ocrx_word' id='word_1_78' title='bbox 767 913 840 951; x_wconf 86' lang='grc' dir='ltr'>ἡμῖν</span> <span class='ocrx_word' id='word_1_79' title='bbox 861 910 976 945; x_wconf 75' lang='grc' dir='ltr'>Φοῖὸος</span> <span class='ocrx_word' id='word_1_80' title='bbox 997 908 1128 950; x_wconf 65' lang='grc' dir='ltr'>εἰρηκὼς</span> <span class='ocrx_word' id='word_1_81' title='bbox 1144 909 1251 947; x_wconf 65' lang='grc' dir='ltr'><strong>κυρῖῖἱ</strong></span> <span class='ocrx_word' id='word_1_82' title='bbox 1276 907 1360 940; x_wconf 74' lang='lat'>01¹³·</span> 
     </span>
     <span class='ocr_line' id='line_1_12' title="bbox 308 952 1361 1006; baseline -0.013 -9"><span class='ocrx_word' id='word_1_83' title='bbox 308 965 438 1006; x_wconf 77' lang='lat' dir='ltr'><strong>propter</strong></span> <span class='ocrx_word' id='word_1_84' title='bbox 455 961 564 994; x_wconf 78' lang='lat' dir='ltr'><strong>licebit</strong></span> <span class='ocrx_word' id='word_1_85' title='bbox 585 960 697 992; x_wconf 88' lang='lat' dir='ltr'><strong>ultima</strong></span> <span class='ocrx_word' id='word_1_86' title='bbox 714 967 841 991; x_wconf 87' lang='lat' dir='ltr'><strong>servare</strong></span> <span class='ocrx_word' id='word_1_87' title='bbox 862 955 1138 999; x_wconf 80' lang='lat' dir='ltr'><strong>quemadmodum</strong></span> <span class='ocrx_word' id='word_1_88' title='bbox 1159 954 1189 986; x_wconf 89' lang='lat' dir='ltr'>iu</span> <span class='ocrx_word' id='word_1_89' title='bbox 1209 952 1361 994; x_wconf 79' lang='lat' dir='ltr'><strong>Lipsiensi</strong></span> 
     </span>
     <span class='ocr_line' id='line_1_13' title="bbox 306 1001 1362 1047; baseline -0.012 -3"><span class='ocrx_word' id='word_1_90' title='bbox 306 1013 388 1046; x_wconf 88' lang='lat' dir='ltr'><strong>libro</strong></span> <span class='ocrx_word' id='word_1_91' title='bbox 405 1011 534 1042; x_wconf 84' lang='lat' dir='ltr'><strong>exarata</strong></span> <span class='ocrx_word' id='word_1_92' title='bbox 549 1010 696 1047; x_wconf 84' lang='lat' dir='ltr'><strong>exstant,</strong></span> <span class='ocrx_word' id='word_1_93' title='bbox 713 1007 770 1038; x_wconf 87' lang='lat' dir='ltr'><strong>nisi</strong></span> <span class='ocrx_word' id='word_1_94' title='bbox 786 1007 870 1047; x_wconf 44' lang='lat' dir='ltr'><strong>quoii</strong></span> <span class='ocrx_word' id='word_1_95' title='bbox 892 1013 966 1037; x_wconf 90' lang='lat' dir='ltr'>cum</span> <span class='ocrx_word' id='word_1_96' title='bbox 985 1003 1129 1036; x_wconf 69' lang='lat' dir='ltr'><strong>Beklwro</strong></span> <span class='ocrx_word' id='word_1_97' title='bbox 1146 1002 1195 1034; x_wconf 77' lang='grc' dir='ltr'>ἐπὶ</span> <span class='ocrx_word' id='word_1_98' title='bbox 1217 1001 1362 1036; x_wconf 75' lang='grc' dir='ltr'>ἐναντίοις</span> 
     </span>
     <span class='ocr_line' id='line_1_14' title="bbox 307 1048 1364 1102; baseline -0.011 -11"><span class='ocrx_word' id='word_1_99' title='bbox 307 1069 364 1102; x_wconf 78' lang='lat' dir='ltr'>pro</span> <span class='ocrx_word' id='word_1_100' title='bbox 391 1058 441 1090; x_wconf 76' lang='grc' dir='ltr'>ἐπὶ</span> <span class='ocrx_word' id='word_1_101' title='bbox 467 1056 612 1088; x_wconf 71' lang='grc' dir='ltr'>ἐναντίων</span> <span class='ocrx_word' id='word_1_102' title='bbox 631 1053 834 1087; x_wconf 83' lang='lat' dir='ltr'><strong>scribendum</strong></span> <span class='ocrx_word' id='word_1_103' title='bbox 861 1052 933 1085; x_wconf 89' lang='lat' dir='ltr'><strong>erit.</strong></span> <span class='ocrx_word' id='word_1_104' title='bbox 955 1051 1077 1084; x_wconf 83' lang='lat' dir='ltr'><strong>Deinde</strong></span> <span class='ocrx_word' id='word_1_105' title='bbox 1102 1048 1303 1082; x_wconf 90' lang='lat' dir='ltr'><strong>commodior</strong></span> <span class='ocrx_word' id='word_1_106' title='bbox 1327 1048 1364 1080; x_wconf 77' lang='lat' dir='ltr'>lit</span> 
     </span>
     <span class='ocr_line' id='line_1_15' title="bbox 306 1095 1361 1144; baseline -0.011 -5"><span class='ocrx_word' id='word_1_107' title='bbox 306 1103 501 1139; x_wconf 79' lang='lat' dir='ltr'><strong>constructio</strong></span> <span class='ocrx_word' id='word_1_108' title='bbox 522 1103 546 1136; x_wconf 91' lang='lat' dir='ltr'>si</span> <span class='ocrx_word' id='word_1_109' title='bbox 567 1111 623 1144; x_wconf 90' lang='lat' dir='ltr'>pro</span> <span class='ocrx_word' id='word_1_110' title='bbox 643 1102 696 1133; x_wconf 79' lang='grc' dir='ltr'>καὶ</span> <span class='ocrx_word' id='word_1_111' title='bbox 713 1101 756 1133; x_wconf 80' lang='grc' dir='ltr'>ἔτι</span> <span class='ocrx_word' id='word_1_112' title='bbox 770 1101 830 1143; x_wconf 83' lang='grc' dir='ltr'>ἄρα</span> <span class='ocrx_word' id='word_1_113' title='bbox 847 1110 881 1141; x_wconf 89' lang='grc' dir='ltr'>γε</span> <span class='ocrx_word' id='word_1_114' title='bbox 898 1099 934 1131; x_wconf 79' lang='grc' dir='ltr'>οὐ</span> <span class='ocrx_word' id='word_1_115' title='bbox 949 1098 1043 1131; x_wconf 77' lang='grc' dir='ltr'>ταύτὸ</span> <span class='ocrx_word' id='word_1_116' title='bbox 1065 1098 1102 1130; x_wconf 85' lang='grc' dir='ltr'>ἄν</span> <span class='ocrx_word' id='word_1_117' title='bbox 1126 1109 1172 1134; x_wconf 84' lang='grc' dir='ltr'>τις</span> <span class='ocrx_word' id='word_1_118' title='bbox 1188 1095 1340 1129; x_wconf 78' lang='grc' dir='ltr'>ὑπολάὃοι</span> <span class='ocrx_word' id='word_1_119' title='bbox 1353 1120 1361 1135; x_wconf 91' lang='grc'>,</span> 
     </span>
     <span class='ocr_line' id='line_1_16' title="bbox 305 1142 1364 1194; baseline -0.012 -8"><span class='ocrx_word' id='word_1_120' title='bbox 305 1155 341 1186; x_wconf 85' lang='grc' dir='ltr'>τὸ</span> <span class='ocrx_word' id='word_1_121' title='bbox 362 1153 404 1194; x_wconf 87' lang='grc' dir='ltr'>μή</span> <span class='ocrx_word' id='word_1_122' title='bbox 428 1151 583 1183; x_wconf 79' lang='grc' dir='ltr'>κινεῖσθαι</span> <span class='ocrx_word' id='word_1_123' title='bbox 609 1157 803 1190; x_wconf 82' lang='lat' dir='ltr'><strong>reponamus</strong></span> <span class='ocrx_word' id='word_1_124' title='bbox 819 1148 872 1179; x_wconf 79' lang='grc' dir='ltr'>καὶ</span> <span class='ocrx_word' id='word_1_125' title='bbox 898 1147 946 1179; x_wconf 85' lang='grc' dir='ltr'>δεῖ</span> <span class='ocrx_word' id='word_1_126' title='bbox 961 1146 1022 1189; x_wconf 86' lang='grc' dir='ltr'>ἄρα</span> <span class='ocrx_word' id='word_1_127' title='bbox 1042 1157 1079 1186; x_wconf 90' lang='grc' dir='ltr'>γε</span> <span class='ocrx_word' id='word_1_128' title='bbox 1096 1145 1132 1178; x_wconf 88' lang='grc' dir='ltr'>οὐ</span> <span class='ocrx_word' id='word_1_129' title='bbox 1156 1143 1271 1182; x_wconf 81' lang='grc' dir='ltr'>ταύτὸ,</span> <span class='ocrx_word' id='word_1_130' title='bbox 1287 1143 1304 1175; x_wconf 88' lang='grc' dir='ltr'><strong>ὃ</strong></span> <span class='ocrx_word' id='word_1_131' title='bbox 1326 1142 1364 1175; x_wconf 83' lang='grc' dir='ltr'>ἄν</span> 
     </span>
     <span class='ocr_line' id='line_1_17' title="bbox 305 1190 1364 1238; baseline -0.011 -5"><span class='ocrx_word' id='word_1_132' title='bbox 305 1212 350 1237; x_wconf 86' lang='grc' dir='ltr'>τις</span> <span class='ocrx_word' id='word_1_133' title='bbox 367 1199 517 1233; x_wconf 77' lang='grc' dir='ltr'>ὑπολάὸοι</span> <span class='ocrx_word' id='word_1_134' title='bbox 531 1223 539 1237; x_wconf 89' lang='grc'>,</span> <span class='ocrx_word' id='word_1_135' title='bbox 557 1197 636 1230; x_wconf 79' lang='grc' dir='ltr'>εἶναι</span> <span class='ocrx_word' id='word_1_136' title='bbox 651 1197 686 1229; x_wconf 89' lang='grc' dir='ltr'>τὸ</span> <span class='ocrx_word' id='word_1_137' title='bbox 704 1197 746 1238; x_wconf 85' lang='grc' dir='ltr'>μή</span> <span class='ocrx_word' id='word_1_138' title='bbox 765 1196 916 1228; x_wconf 71' lang='grc' dir='ltr'>κινεῖσθαι</span> <span class='ocrx_word' id='word_1_139' title='bbox 931 1203 967 1227; x_wconf 85' lang='lat' dir='ltr'>ac</span> <span class='ocrx_word' id='word_1_140' title='bbox 980 1193 1138 1236; x_wconf 66' lang='lat' dir='ltr'><strong>praeterea</strong></span> <span class='ocrx_word' id='word_1_141' title='bbox 1154 1192 1239 1233; x_wconf 67' lang='lat' dir='ltr'><strong>sheep</strong></span> <span class='ocrx_word' id='word_1_142' title='bbox 1255 1190 1364 1229; x_wconf 77' lang='grc' dir='ltr'>ἀληθές</span> 
     </span>
     <span class='ocr_line' id='line_1_18' title="bbox 306 1238 1364 1283; baseline -0.01 -3"><span class='ocrx_word' id='word_1_143' title='bbox 306 1249 339 1281; x_wconf 87' lang='grc'>111</span> <span class='ocrx_word' id='word_1_144' title='bbox 366 1248 449 1280; x_wconf 86' lang='grc' dir='ltr'>ἐστὶν</span> <span class='ocrx_word' id='word_1_145' title='bbox 475 1245 584 1283; x_wconf 81' lang='grc' dir='ltr'>ἀληθές</span> <span class='ocrx_word' id='word_1_146' title='bbox 604 1248 778 1276; x_wconf 87' lang='lat' dir='ltr'><strong>mutemus.</strong></span> <span class='ocrx_word' id='word_1_147' title='bbox 809 1244 928 1276; x_wconf 88' lang='lat' dir='ltr'><strong>Totum</strong></span> <span class='ocrx_word' id='word_1_148' title='bbox 958 1242 1055 1282; x_wconf 77' lang='lat' dir='ltr'><strong>igitur</strong></span> <span class='ocrx_word' id='word_1_149' title='bbox 1087 1241 1194 1273; x_wconf 80' lang='lat' dir='ltr'><strong>iocum</strong></span> <span class='ocrx_word' id='word_1_150' title='bbox 1218 1239 1250 1271; x_wconf 90' lang='lat' dir='ltr'>in</span> <span class='ocrx_word' id='word_1_151' title='bbox 1281 1238 1364 1270; x_wconf 89' lang='lat' dir='ltr'><strong>banc</strong></span> 
     </span>
     <span class='ocr_line' id='line_1_19' title="bbox 308 1286 1363 1334; baseline -0.009 -7"><span class='ocrx_word' id='word_1_152' title='bbox 308 1295 446 1328; x_wconf 82' lang='lat' dir='ltr'><strong>sormam</strong></span> <span class='ocrx_word' id='word_1_153' title='bbox 469 1293 675 1334; x_wconf 81' lang='lat' dir='ltr'><strong>redigendum</strong></span> <span class='ocrx_word' id='word_1_154' title='bbox 692 1291 836 1324; x_wconf 57' lang='lat' dir='ltr'><strong>arbitror</strong></span> <span class='ocrx_word' id='word_1_155' title='bbox 858 1303 866 1323; x_wconf 90' lang='lat'>:</span> <span class='ocrx_word' id='word_1_156' title='bbox 887 1290 979 1323; x_wconf 80' lang='grc' dir='ltr'>πάλιν</span> <span class='ocrx_word' id='word_1_157' title='bbox 996 1290 1065 1331; x_wconf 84' lang='grc' dir='ltr'>περὶ</span> <span class='ocrx_word' id='word_1_158' title='bbox 1089 1291 1143 1320; x_wconf 78' lang='grc' dir='ltr'>τοῦ</span> <span class='ocrx_word' id='word_1_159' title='bbox 1160 1288 1203 1329; x_wconf 83' lang='grc' dir='ltr'>μή</span> <span class='ocrx_word' id='word_1_160' title='bbox 1218 1286 1363 1325; x_wconf 81' lang='grc' dir='ltr'>ἀκίνητον</span> 
     </span>
     <span class='ocr_line' id='line_1_20' title="bbox 307 1335 1364 1384; baseline -0.011 -8"><span class='ocrx_word' id='word_1_161' title='bbox 307 1344 384 1376; x_wconf 76' lang='grc' dir='ltr'>εἶναι</span> <span class='ocrx_word' id='word_1_162' title='bbox 406 1343 459 1375; x_wconf 80' lang='grc' dir='ltr'>καὶ</span> <span class='ocrx_word' id='word_1_163' title='bbox 477 1342 519 1384; x_wconf 80' lang='grc' dir='ltr'>μὴ</span> <span class='ocrx_word' id='word_1_164' title='bbox 541 1341 690 1373; x_wconf 65' lang='grc' dir='ltr'>κινεῖσθαι</span> <span class='ocrx_word' id='word_1_165' title='bbox 711 1340 746 1372; x_wconf 86' lang='grc' dir='ltr'>τὸ</span> <span class='ocrx_word' id='word_1_166' title='bbox 763 1340 797 1371; x_wconf 84' lang='grc' dir='ltr'>ὃν</span> <span class='ocrx_word' id='word_1_167' title='bbox 822 1339 875 1370; x_wconf 86' lang='grc' dir='ltr'>καὶ</span> <span class='ocrx_word' id='word_1_168' title='bbox 896 1338 932 1370; x_wconf 87' lang='grc' dir='ltr'>τὸ</span> <span class='ocrx_word' id='word_1_169' title='bbox 957 1338 1001 1378; x_wconf 81' lang='grc' dir='ltr'>ἕν,</span> <span class='ocrx_word' id='word_1_170' title='bbox 1032 1338 1079 1370; x_wconf 83' lang='grc' dir='ltr'>ὅτι</span> <span class='ocrx_word' id='word_1_171' title='bbox 1095 1337 1131 1369; x_wconf 88' lang='grc' dir='ltr'>τὸ</span> <span class='ocrx_word' id='word_1_172' title='bbox 1148 1336 1189 1376; x_wconf 87' lang='grc' dir='ltr'>μή</span> <span class='ocrx_word' id='word_1_173' title='bbox 1208 1336 1242 1367; x_wconf 82' lang='grc' dir='ltr'>ὃν</span> <span class='ocrx_word' id='word_1_174' title='bbox 1262 1335 1298 1367; x_wconf 79' lang='grc' dir='ltr'>οὐ</span> <span class='ocrx_word' id='word_1_175' title='bbox 1314 1345 1364 1366; x_wconf 85' lang='grc' dir='ltr'>κι-</span> 
     </span>
     <span class='ocr_line' id='line_1_21' title="bbox 308 1382 1365 1430; baseline -0.009 -7"><span class='ocrx_word' id='word_1_176' title='bbox 308 1394 423 1430; x_wconf 78' lang='grc' dir='ltr'>νεῖται,</span> <span class='ocrx_word' id='word_1_177' title='bbox 440 1389 518 1425; x_wconf 75' lang='grc' dir='ltr'>ῖσως</span> <span class='ocrx_word' id='word_1_178' title='bbox 538 1388 653 1430; x_wconf 86' lang='grc' dir='ltr'>ὁμοίως</span> <span class='ocrx_word' id='word_1_179' title='bbox 674 1391 740 1424; x_wconf 82' lang='grc' dir='ltr'>τοῖς</span> <span class='ocrx_word' id='word_1_180' title='bbox 761 1386 932 1427; x_wconf 83' lang='grc' dir='ltr'>ἔμπροσθεν</span> <span class='ocrx_word' id='word_1_181' title='bbox 951 1386 1079 1417; x_wconf 80' lang='grc' dir='ltr'>ἄτοπον.</span> <span class='ocrx_word' id='word_1_182' title='bbox 1101 1385 1160 1415; x_wconf 82' lang='grc' dir='ltr'>Καὶ</span> <span class='ocrx_word' id='word_1_183' title='bbox 1181 1384 1227 1415; x_wconf 83' lang='grc' dir='ltr'>δεῖ</span> <span class='ocrx_word' id='word_1_184' title='bbox 1252 1382 1314 1425; x_wconf 77' lang='grc' dir='ltr'>ἄρα</span> <span class='ocrx_word' id='word_1_185' title='bbox 1329 1392 1365 1422; x_wconf 91' lang='grc' dir='ltr'>γε</span> 
     </span>
     <span class='ocr_line' id='line_1_22' title="bbox 309 1429 1365 1477; baseline -0.009 -6"><span class='ocrx_word' id='word_1_186' title='bbox 309 1439 346 1471; x_wconf 79' lang='grc' dir='ltr'>οὐ</span> <span class='ocrx_word' id='word_1_187' title='bbox 373 1436 470 1470; x_wconf 84' lang='grc' dir='ltr'>ταὺτό</span> <span class='ocrx_word' id='word_1_188' title='bbox 482 1461 491 1477; x_wconf 90' lang='grc'>,</span> <span class='ocrx_word' id='word_1_189' title='bbox 505 1436 523 1468; x_wconf 88' lang='grc' dir='ltr'><strong>ὃ</strong></span> <span class='ocrx_word' id='word_1_190' title='bbox 541 1436 578 1468; x_wconf 82' lang='grc' dir='ltr'>ἄν</span> <span class='ocrx_word' id='word_1_191' title='bbox 594 1447 639 1473; x_wconf 90' lang='grc' dir='ltr'>τις</span> <span class='ocrx_word' id='word_1_192' title='bbox 660 1434 828 1473; x_wconf 75' lang='grc' dir='ltr'>ὑπολάὸοι,</span> <span class='ocrx_word' id='word_1_193' title='bbox 845 1433 922 1465; x_wconf 86' lang='grc' dir='ltr'>εἶναι</span> <span class='ocrx_word' id='word_1_194' title='bbox 949 1433 985 1464; x_wconf 86' lang='grc' dir='ltr'>τὸ</span> <span class='ocrx_word' id='word_1_195' title='bbox 1014 1433 1056 1473; x_wconf 86' lang='grc' dir='ltr'>μή</span> <span class='ocrx_word' id='word_1_196' title='bbox 1074 1431 1223 1463; x_wconf 82' lang='grc' dir='ltr'>κινεῖσθαι</span> <span class='ocrx_word' id='word_1_197' title='bbox 1251 1430 1305 1461; x_wconf 83' lang='grc' dir='ltr'>καὶ</span> <span class='ocrx_word' id='word_1_198' title='bbox 1328 1429 1365 1461; x_wconf 84' lang='grc' dir='ltr'>τὸ</span> 
     </span>
     <span class='ocr_line' id='line_1_23' title="bbox 309 1477 1365 1524; baseline -0.009 -6"><span class='ocrx_word' id='word_1_199' title='bbox 309 1485 453 1524; x_wconf 82' lang='grc' dir='ltr'>ἀκίνητον</span> <span class='ocrx_word' id='word_1_200' title='bbox 466 1485 543 1517; x_wconf 81' lang='grc' dir='ltr'>εἶναι</span> <span class='ocrx_word' id='word_1_201' title='bbox 554 1508 563 1524; x_wconf 87' lang='grc'>,</span> <span class='ocrx_word' id='word_1_202' title='bbox 578 1482 656 1515; x_wconf 81' lang='grc' dir='ltr'>ἀλλὰ</span> <span class='ocrx_word' id='word_1_203' title='bbox 668 1482 703 1514; x_wconf 87' lang='grc' dir='ltr'>τὸ</span> <span class='ocrx_word' id='word_1_204' title='bbox 717 1481 770 1522; x_wconf 84' lang='grc' dir='ltr'>μὲν</span> <span class='ocrx_word' id='word_1_205' title='bbox 784 1480 941 1523; x_wconf 81' lang='grc' dir='ltr'>ἀπόφασιν</span> <span class='ocrx_word' id='word_1_206' title='bbox 955 1483 1011 1512; x_wconf 75' lang='grc' dir='ltr'>τοῦ</span> <span class='ocrx_word' id='word_1_207' title='bbox 1023 1480 1192 1519; x_wconf 75' lang='grc' dir='ltr'>κινεῖσθαι,</span> <span class='ocrx_word' id='word_1_208' title='bbox 1208 1478 1316 1519; x_wconf 89' lang='grc' dir='ltr'>ὥσπερ</span> <span class='ocrx_word' id='word_1_209' title='bbox 1329 1477 1365 1509; x_wconf 86' lang='grc' dir='ltr'>τὸ</span> 
     </span>
     <span class='ocr_line' id='line_1_24' title="bbox 310 1525 1367 1574; baseline -0.009 -9"><span class='ocrx_word' id='word_1_210' title='bbox 310 1533 353 1574; x_wconf 83' lang='grc' dir='ltr'>μὴ</span> <span class='ocrx_word' id='word_1_211' title='bbox 368 1532 449 1570; x_wconf 71' lang='grc' dir='ltr'>1ἰσον,</span> <span class='ocrx_word' id='word_1_212' title='bbox 464 1531 540 1573; x_wconf 80' lang='grc' dir='ltr'>ὅπερ</span> <span class='ocrx_word' id='word_1_213' title='bbox 551 1530 604 1562; x_wconf 76' lang='grc' dir='ltr'>καὶ</span> <span class='ocrx_word' id='word_1_214' title='bbox 620 1530 700 1561; x_wconf 68' lang='grc' dir='ltr'>κατὰ</span> <span class='ocrx_word' id='word_1_215' title='bbox 720 1531 774 1559; x_wconf 77' lang='grc' dir='ltr'>τοῦ</span> <span class='ocrx_word' id='word_1_216' title='bbox 792 1529 833 1568; x_wconf 81' lang='grc' dir='ltr'>μὴ</span> <span class='ocrx_word' id='word_1_217' title='bbox 853 1527 939 1564; x_wconf 77' lang='grc' dir='ltr'>ὄντος</span> <span class='ocrx_word' id='word_1_218' title='bbox 956 1527 1038 1559; x_wconf 81' lang='grc' dir='ltr'>ἐστὶν</span> <span class='ocrx_word' id='word_1_219' title='bbox 1056 1527 1163 1565; x_wconf 78' lang='grc' dir='ltr'>ἀληθές</span> <span class='ocrx_word' id='word_1_220' title='bbox 1177 1550 1185 1565; x_wconf 94' lang='grc'>,</span> <span class='ocrx_word' id='word_1_221' title='bbox 1202 1526 1238 1557; x_wconf 80' lang='grc' dir='ltr'>τὸ</span> <span class='ocrx_word' id='word_1_222' title='bbox 1253 1526 1285 1557; x_wconf 86' lang='grc' dir='ltr'>δὲ</span> <span class='ocrx_word' id='word_1_223' title='bbox 1299 1525 1367 1557; x_wconf 82' lang='grc' dir='ltr'>ἀκί·</span> 
     </span>
     <span class='ocr_line' id='line_1_25' title="bbox 309 1574 1366 1620; baseline -0.008 -8"><span class='ocrx_word' id='word_1_224' title='bbox 309 1591 400 1616; x_wconf 87' lang='grc' dir='ltr'>νητον</span> <span class='ocrx_word' id='word_1_225' title='bbox 415 1580 464 1611; x_wconf 78' lang='grc' dir='ltr'>ἐπὶ</span> <span class='ocrx_word' id='word_1_226' title='bbox 480 1581 526 1620; x_wconf 88' lang='grc' dir='ltr'>τῷ</span> <span class='ocrx_word' id='word_1_227' title='bbox 543 1578 625 1620; x_wconf 81' lang='grc' dir='ltr'>ἔχειν</span> <span class='ocrx_word' id='word_1_228' title='bbox 644 1588 710 1613; x_wconf 86' lang='grc' dir='ltr'>πως</span> <span class='ocrx_word' id='word_1_229' title='bbox 729 1576 789 1614; x_wconf 81' lang='grc' dir='ltr'>ἤδη</span> <span class='ocrx_word' id='word_1_230' title='bbox 805 1576 968 1616; x_wconf 85' lang='grc' dir='ltr'>λέγεσθαι,</span> <span class='ocrx_word' id='word_1_231' title='bbox 982 1576 1089 1616; x_wconf 85' lang='grc' dir='ltr'>ὥσπερ</span> <span class='ocrx_word' id='word_1_232' title='bbox 1117 1575 1152 1606; x_wconf 86' lang='grc' dir='ltr'>τὸ</span> <span class='ocrx_word' id='word_1_233' title='bbox 1175 1574 1295 1611; x_wconf 83' lang='grc' dir='ltr'>ἄνισον,</span> <span class='ocrx_word' id='word_1_234' title='bbox 1313 1574 1366 1605; x_wconf 80' lang='grc' dir='ltr'>καὶ</span> 
     </span>
     <span class='ocr_line' id='line_1_26' title="bbox 311 1621 1367 1668; baseline -0.006 -10"><span class='ocrx_word' id='word_1_235' title='bbox 311 1626 362 1658; x_wconf 81' lang='grc' dir='ltr'>ἐπὶ</span> <span class='ocrx_word' id='word_1_236' title='bbox 377 1629 424 1668; x_wconf 87' lang='grc' dir='ltr'>τῷ</span> <span class='ocrx_word' id='word_1_237' title='bbox 443 1625 571 1666; x_wconf 84' lang='grc' dir='ltr'>ἐναντίῳ</span> <span class='ocrx_word' id='word_1_238' title='bbox 595 1627 651 1656; x_wconf 83' lang='grc' dir='ltr'>τοῦ</span> <span class='ocrx_word' id='word_1_239' title='bbox 671 1625 823 1655; x_wconf 85' lang='grc' dir='ltr'>κινεῖσθαι</span> <span class='ocrx_word' id='word_1_240' title='bbox 843 1626 887 1664; x_wconf 87' lang='grc' dir='ltr'>τῷ</span> <span class='ocrx_word' id='word_1_241' title='bbox 908 1622 1043 1664; x_wconf 78' lang='grc' dir='ltr'>ἠρεμεῖν,</span> <span class='ocrx_word' id='word_1_242' title='bbox 1061 1624 1102 1659; x_wconf 81' lang='grc' dir='ltr'>ὡς</span> <span class='ocrx_word' id='word_1_243' title='bbox 1128 1622 1181 1654; x_wconf 75' lang='grc' dir='ltr'>καὶ</span> <span class='ocrx_word' id='word_1_244' title='bbox 1202 1621 1314 1662; x_wconf 71' lang='grc' dir='ltr'>σχεδον</span> <span class='ocrx_word' id='word_1_245' title='bbox 1335 1622 1367 1652; x_wconf 83' lang='grc' dir='ltr'>αἱ</span> 
     </span>
     <span class='ocr_line' id='line_1_27' title="bbox 310 1670 1070 1713; baseline -0.005 -9"><span class='ocrx_word' id='word_1_246' title='bbox 310 1672 374 1704; x_wconf 83' lang='grc' dir='ltr'>ἀπὸ</span> <span class='ocrx_word' id='word_1_247' title='bbox 386 1675 441 1704; x_wconf 85' lang='grc' dir='ltr'>τοῦ</span> <span class='ocrx_word' id='word_1_248' title='bbox 457 1675 477 1704; x_wconf 88' lang='grc' dir='ltr'>ᾶ</span> <span class='ocrx_word' id='word_1_249' title='bbox 493 1671 665 1713; x_wconf 76' lang='grc' dir='ltr'>ἀποφάσεις</span> <span class='ocrx_word' id='word_1_250' title='bbox 681 1671 731 1703; x_wconf 85' lang='grc' dir='ltr'>ἐπὶ</span> <span class='ocrx_word' id='word_1_251' title='bbox 751 1670 897 1707; x_wconf 75' lang='grc' dir='ltr'>ἐναντίοις</span> <span class='ocrx_word' id='word_1_252' title='bbox 915 1670 1070 1710; x_wconf 62' lang='grc' dir='ltr'>λέγονται.</span> 
     </span>
    </p>

    <p class='ocr_par' dir='ltr' id='par_1_6' title="bbox 311 1713 1379 3128">
     <span class='ocr_line' id='line_1_28' title="bbox 353 1713 1367 1760; baseline -0.006 -9"><span class='ocrx_word' id='word_1_253' title='bbox 353 1720 403 1751; x_wconf 88' lang='grc'>23.</span> <span class='ocrx_word' id='word_1_254' title='bbox 426 1719 462 1751; x_wconf 87' lang='grc' dir='ltr'>τὸ</span> <span class='ocrx_word' id='word_1_255' title='bbox 479 1719 534 1760; x_wconf 84' lang='grc' dir='ltr'>μὲν</span> <span class='ocrx_word' id='word_1_256' title='bbox 549 1717 601 1751; x_wconf 76' lang='grc' dir='ltr'>οὑν</span> <span class='ocrx_word' id='word_1_257' title='bbox 619 1718 661 1760; x_wconf 80' lang='grc' dir='ltr'>μὴ</span> <span class='ocrx_word' id='word_1_258' title='bbox 682 1718 832 1749; x_wconf 85' lang='grc' dir='ltr'>κινεῖσθαι</span> <span class='ocrx_word' id='word_1_259' title='bbox 847 1716 954 1754; x_wconf 79' lang='grc' dir='ltr'>ἀληθὲς</span> <span class='ocrx_word' id='word_1_260' title='bbox 969 1716 1018 1747; x_wconf 78' lang='grc' dir='ltr'>ἐπὶ</span> <span class='ocrx_word' id='word_1_261' title='bbox 1035 1718 1091 1747; x_wconf 82' lang='grc' dir='ltr'>τοῦ</span> <span class='ocrx_word' id='word_1_262' title='bbox 1107 1715 1148 1757; x_wconf 85' lang='grc' dir='ltr'>μή</span> <span class='ocrx_word' id='word_1_263' title='bbox 1166 1714 1271 1754; x_wconf 84' lang='grc' dir='ltr'>ὄντος,</span> <span class='ocrx_word' id='word_1_264' title='bbox 1285 1713 1322 1746; x_wconf 88' lang='grc' dir='ltr'>τὸ</span> <span class='ocrx_word' id='word_1_265' title='bbox 1336 1713 1367 1745; x_wconf 80' lang='grc' dir='ltr'>δὲ</span> 
     </span>
     <span class='ocr_line' id='line_1_29' title="bbox 312 1761 1368 1808; baseline -0.006 -10"><span class='ocrx_word' id='word_1_266' title='bbox 312 1766 438 1808; x_wconf 82' lang='grc' dir='ltr'>ἠρεμεῖν</span> <span class='ocrx_word' id='word_1_267' title='bbox 461 1767 521 1808; x_wconf 74' lang='grc' dir='ltr'>οὐχ</span> <span class='ocrx_word' id='word_1_268' title='bbox 538 1765 670 1807; x_wconf 81' lang='grc' dir='ltr'>ὑπάρχει</span> <span class='ocrx_word' id='word_1_269' title='bbox 697 1767 743 1806; x_wconf 88' lang='grc' dir='ltr'>τῷ</span> <span class='ocrx_word' id='word_1_270' title='bbox 768 1765 810 1804; x_wconf 87' lang='grc' dir='ltr'>μή</span> <span class='ocrx_word' id='word_1_271' title='bbox 839 1763 920 1796; x_wconf 85' lang='grc' dir='ltr'>ὄντι·</span> <span class='ocrx_word' id='word_1_272' title='bbox 940 1763 1054 1805; x_wconf 84' lang='grc' dir='ltr'>ὁμοίως</span> <span class='ocrx_word' id='word_1_273' title='bbox 1075 1763 1107 1795; x_wconf 83' lang='grc' dir='ltr'>δὲ</span> <span class='ocrx_word' id='word_1_274' title='bbox 1131 1762 1202 1794; x_wconf 78' lang='grc' dir='ltr'>οὐδὲ</span> <span class='ocrx_word' id='word_1_275' title='bbox 1223 1761 1368 1799; x_wconf 80' lang='grc' dir='ltr'>ἀκίνητον</span> 
     </span>
     <span class='ocr_line' id='line_1_30' title="bbox 311 1809 1368 1854; baseline -0.006 -9"><span class='ocrx_word' id='word_1_276' title='bbox 311 1814 389 1846; x_wconf 85' lang='grc' dir='ltr'>εἶναι</span> <span class='ocrx_word' id='word_1_277' title='bbox 402 1813 545 1854; x_wconf 79' lang='grc' dir='ltr'>σημαίνει</span> <span class='ocrx_word' id='word_1_278' title='bbox 558 1812 683 1845; x_wconf 80' lang='grc' dir='ltr'>ταύτόν.</span> <span class='ocrx_word' id='word_1_279' title='bbox 699 1811 765 1844; x_wconf 86' lang='grc' dir='ltr'>ἀλλ’</span> <span class='ocrx_word' id='word_1_280' title='bbox 782 1811 871 1846; x_wconf 81' lang='grc' dir='ltr'>οὗτος</span> <span class='ocrx_word' id='word_1_281' title='bbox 884 1810 935 1843; x_wconf 83' lang='grc' dir='ltr'>ἐπὶ</span> <span class='ocrx_word' id='word_1_282' title='bbox 947 1813 994 1852; x_wconf 86' lang='grc' dir='ltr'>τῷ</span> <span class='ocrx_word' id='word_1_283' title='bbox 1006 1811 1130 1852; x_wconf 82' lang='grc' dir='ltr'>ἠρεμεῖν</span> <span class='ocrx_word' id='word_1_284' title='bbox 1143 1809 1228 1850; x_wconf 78' lang='grc' dir='ltr'>αὐτῷ</span> <span class='ocrx_word' id='word_1_285' title='bbox 1243 1811 1368 1850; x_wconf 82' lang='grc' dir='ltr'>χρῆται,</span> 
     </span>
     <span class='ocr_line' id='line_1_31' title="bbox 312 1856 1368 1902; baseline -0.007 -9"><span class='ocrx_word' id='word_1_286' title='bbox 312 1862 365 1893; x_wconf 81' lang='grc' dir='ltr'>καὶ</span> <span class='ocrx_word' id='word_1_287' title='bbox 382 1861 457 1902; x_wconf 77' lang='grc' dir='ltr'>φησὶ</span> <span class='ocrx_word' id='word_1_288' title='bbox 469 1861 505 1893; x_wconf 89' lang='grc' dir='ltr'>τὸ</span> <span class='ocrx_word' id='word_1_289' title='bbox 520 1860 562 1901; x_wconf 85' lang='grc' dir='ltr'>μὴ</span> <span class='ocrx_word' id='word_1_290' title='bbox 574 1860 608 1892; x_wconf 84' lang='grc' dir='ltr'>ὃν</span> <span class='ocrx_word' id='word_1_291' title='bbox 623 1860 758 1902; x_wconf 83' lang='grc' dir='ltr'>ἠρεμεῖν,</span> <span class='ocrx_word' id='word_1_292' title='bbox 774 1858 820 1890; x_wconf 85' lang='grc' dir='ltr'>ὅτι</span> <span class='ocrx_word' id='word_1_293' title='bbox 834 1858 891 1890; x_wconf 84' lang='grc' dir='ltr'>οὐκ</span> <span class='ocrx_word' id='word_1_294' title='bbox 904 1858 969 1899; x_wconf 79' lang='grc' dir='ltr'>ἔχει</span> <span class='ocrx_word' id='word_1_295' title='bbox 984 1868 1021 1899; x_wconf 89' lang='grc' dir='ltr'>με</span> <span class='ocrx_word' id='word_1_296' title='bbox 1027 1857 1163 1889; x_wconf 79' lang='grc' dir='ltr'>τάὸασιν.</span> <span class='ocrx_word' id='word_1_297' title='bbox 1181 1856 1256 1897; x_wconf 85' lang='grc' dir='ltr'>ὅπερ</span> <span class='ocrx_word' id='word_1_298' title='bbox 1270 1866 1302 1887; x_wconf 89' lang='grc' dir='ltr'>τε</span> <span class='ocrx_word' id='word_1_299' title='bbox 1315 1857 1368 1887; x_wconf 87' lang='grc' dir='ltr'>καὶ</span> 
     </span>
     <span class='ocr_line' id='line_1_32' title="bbox 313 1902 1369 1949; baseline -0.007 -8"><span class='ocrx_word' id='word_1_300' title='bbox 313 1909 345 1941; x_wconf 86' lang='grc' dir='ltr'>ἐν</span> <span class='ocrx_word' id='word_1_301' title='bbox 365 1913 431 1945; x_wconf 87' lang='grc' dir='ltr'>τοῖς</span> <span class='ocrx_word' id='word_1_302' title='bbox 447 1908 512 1940; x_wconf 85' lang='grc' dir='ltr'>ἄνω</span> <span class='ocrx_word' id='word_1_303' title='bbox 531 1907 671 1949; x_wconf 73' lang='grc' dir='ltr'>εἴπομεν,</span> <span class='ocrx_word' id='word_1_304' title='bbox 686 1907 802 1939; x_wconf 83' lang='grc' dir='ltr'>ἄτοπον</span> <span class='ocrx_word' id='word_1_305' title='bbox 818 1905 914 1944; x_wconf 75' lang='grc' dir='ltr'>ἴσως,</span> <span class='ocrx_word' id='word_1_306' title='bbox 931 1904 958 1937; x_wconf 83' lang='grc' dir='ltr'>εἷ</span> <span class='ocrx_word' id='word_1_307' title='bbox 976 1916 1004 1937; x_wconf 90' lang='grc' dir='ltr'>τι</span> <span class='ocrx_word' id='word_1_308' title='bbox 1030 1908 1075 1946; x_wconf 87' lang='grc' dir='ltr'>τῷ</span> <span class='ocrx_word' id='word_1_309' title='bbox 1095 1905 1136 1945; x_wconf 84' lang='grc' dir='ltr'>μὴ</span> <span class='ocrx_word' id='word_1_310' title='bbox 1161 1903 1224 1936; x_wconf 88' lang='grc' dir='ltr'>ὄντι</span> <span class='ocrx_word' id='word_1_311' title='bbox 1251 1902 1369 1945; x_wconf 81' lang='grc' dir='ltr'>προσά-</span> 
     </span>
     <span class='ocr_line' id='line_1_33' title="bbox 313 1952 1369 1997; baseline -0.005 -10"><span class='ocrx_word' id='word_1_312' title='bbox 313 1957 546 1997; x_wconf 83' lang='grc' dir='ltr'>πτομεν,τοῦτο</span> <span class='ocrx_word' id='word_1_313' title='bbox 558 1954 600 1994; x_wconf 81' lang='grc' dir='ltr'>μὴ</span> <span class='ocrx_word' id='word_1_314' title='bbox 617 1953 724 1992; x_wconf 78' lang='grc' dir='ltr'>ἀληθὲς</span> <span class='ocrx_word' id='word_1_315' title='bbox 735 1953 814 1984; x_wconf 84' lang='grc' dir='ltr'>εἶναι</span> <span class='ocrx_word' id='word_1_316' title='bbox 828 1952 909 1984; x_wconf 70' lang='grc' dir='ltr'>κατὰ</span> <span class='ocrx_word' id='word_1_317' title='bbox 925 1956 980 1984; x_wconf 84' lang='grc' dir='ltr'>τοῦ</span> <span class='ocrx_word' id='word_1_318' title='bbox 997 1952 1083 1989; x_wconf 84' lang='grc' dir='ltr'>ὄντος</span> <span class='ocrx_word' id='word_1_319' title='bbox 1101 1952 1209 1991; x_wconf 78' lang='grc' dir='ltr'>εἰπεῖν,</span> <span class='ocrx_word' id='word_1_320' title='bbox 1219 1952 1319 1987; x_wconf 75' lang='grc' dir='ltr'>ἄλλως</span> <span class='ocrx_word' id='word_1_321' title='bbox 1336 1961 1369 1982; x_wconf 90' lang='grc' dir='ltr'>τε</span> 
     </span>
     <span class='ocr_line' id='line_1_34' title="bbox 312 1999 1368 2043; baseline -0.004 -8"><span class='ocrx_word' id='word_1_322' title='bbox 312 2003 370 2035; x_wconf 71' lang='grc' dir='ltr'>κᾶν</span> <span class='ocrx_word' id='word_1_323' title='bbox 383 2002 538 2042; x_wconf 65' lang='grc' dir='ltr'>ἀπόφασις</span> <span class='ocrx_word' id='word_1_324' title='bbox 554 2001 574 2043; x_wconf 90' lang='lat'>5</span> <span class='ocrx_word' id='word_1_325' title='bbox 593 2002 627 2033; x_wconf 85' lang='grc' dir='ltr'>τὸ</span> <span class='ocrx_word' id='word_1_326' title='bbox 646 2001 765 2042; x_wconf 81' lang='grc' dir='ltr'>λεχθέν,</span> <span class='ocrx_word' id='word_1_327' title='bbox 781 2003 844 2032; x_wconf 82' lang='grc' dir='ltr'>τῶν</span> <span class='ocrx_word' id='word_1_328' title='bbox 863 2000 918 2032; x_wconf 85' lang='grc' dir='ltr'>καὶ</span> <span class='ocrx_word' id='word_1_329' title='bbox 937 1999 972 2032; x_wconf 88' lang='grc' dir='ltr'>τὸ</span> <span class='ocrx_word' id='word_1_330' title='bbox 988 2001 1029 2041; x_wconf 86' lang='grc' dir='ltr'>μή</span> <span class='ocrx_word' id='word_1_331' title='bbox 1045 2001 1195 2032; x_wconf 83' lang='grc' dir='ltr'>κινεῖσθαι</span> <span class='ocrx_word' id='word_1_332' title='bbox 1214 2000 1289 2042; x_wconf 78' lang='grc' dir='ltr'>μηδὲ</span> <span class='ocrx_word' id='word_1_333' title='bbox 1313 2010 1368 2040; x_wconf 82' lang='grc' dir='ltr'>με·</span> 
     </span>
     <span class='ocr_line' id='line_1_35' title="bbox 313 2046 1370 2091; baseline -0.004 -10"><span class='ocrx_word' id='word_1_334' title='bbox 313 2049 520 2091; x_wconf 77' lang='grc' dir='ltr'>ταλαμὸάνειν</span> <span class='ocrx_word' id='word_1_335' title='bbox 534 2047 629 2080; x_wconf 87' lang='grc' dir='ltr'>ἐστίν.</span> <span class='ocrx_word' id='word_1_336' title='bbox 648 2047 748 2080; x_wconf 81' lang='grc' dir='ltr'>πολλὰ</span> <span class='ocrx_word' id='word_1_337' title='bbox 766 2047 825 2089; x_wconf 85' lang='grc' dir='ltr'>γὰρ</span> <span class='ocrx_word' id='word_1_338' title='bbox 842 2047 890 2087; x_wconf 83' lang='grc' dir='ltr'>ἄν,</span> <span class='ocrx_word' id='word_1_339' title='bbox 904 2047 1044 2089; x_wconf 70' lang='grc' dir='ltr'>καθάπερ</span> <span class='ocrx_word' id='word_1_340' title='bbox 1060 2048 1113 2079; x_wconf 82' lang='grc' dir='ltr'>καὶ</span> <span class='ocrx_word' id='word_1_341' title='bbox 1131 2047 1259 2089; x_wconf 75' lang='grc' dir='ltr'>ἐλέχθη,</span> <span class='ocrx_word' id='word_1_342' title='bbox 1278 2046 1370 2087; x_wconf 71' lang='grc' dir='ltr'>ἆραι-</span> 
     </span>
     <span class='ocr_line' id='line_1_36' title="bbox 313 2094 1370 2139; baseline -0.005 -10"><span class='ocrx_word' id='word_1_343' title='bbox 313 2100 397 2139; x_wconf 83' lang='grc' dir='ltr'>ροῖτο</span> <span class='ocrx_word' id='word_1_344' title='bbox 416 2099 478 2128; x_wconf 80' lang='grc' dir='ltr'>τῶν</span> <span class='ocrx_word' id='word_1_345' title='bbox 495 2096 592 2128; x_wconf 84' lang='grc' dir='ltr'>ὄντων</span> <span class='ocrx_word' id='word_1_346' title='bbox 608 2098 784 2137; x_wconf 84' lang='grc' dir='ltr'>κατηγορεῖ.</span> <span class='ocrx_word' id='word_1_347' title='bbox 805 2094 875 2126; x_wconf 81' lang='grc' dir='ltr'>οὐδὲ</span> <span class='ocrx_word' id='word_1_348' title='bbox 891 2094 950 2137; x_wconf 84' lang='grc' dir='ltr'>γὰρ</span> <span class='ocrx_word' id='word_1_349' title='bbox 965 2095 1001 2127; x_wconf 80' lang='grc' dir='ltr'>ἂν</span> <span class='ocrx_word' id='word_1_350' title='bbox 1026 2094 1127 2127; x_wconf 78' lang='grc' dir='ltr'>πολλὰ</span> <span class='ocrx_word' id='word_1_351' title='bbox 1145 2094 1254 2133; x_wconf 79' lang='grc' dir='ltr'>ἀληθὲς</span> <span class='ocrx_word' id='word_1_352' title='bbox 1274 2094 1370 2126; x_wconf 82' lang='grc' dir='ltr'>εἰπεῖν</span> 
     </span>
     <span class='ocr_line' id='line_1_37' title="bbox 313 2140 1371 2186; baseline -0.005 -9"><span class='ocrx_word' id='word_1_353' title='bbox 313 2145 361 2183; x_wconf 76' lang='grc' dir='ltr'>εἴη</span> <span class='ocrx_word' id='word_1_354' title='bbox 376 2145 418 2184; x_wconf 84' lang='grc' dir='ltr'>μὴ</span> <span class='ocrx_word' id='word_1_355' title='bbox 433 2143 477 2184; x_wconf 78' lang='grc' dir='ltr'>ἔν,</span> <span class='ocrx_word' id='word_1_356' title='bbox 490 2143 575 2186; x_wconf 67' lang='grc' dir='ltr'>εἴπερ</span> <span class='ocrx_word' id='word_1_357' title='bbox 588 2143 641 2174; x_wconf 89' lang='grc' dir='ltr'>καὶ</span> <span class='ocrx_word' id='word_1_358' title='bbox 656 2143 692 2175; x_wconf 89' lang='grc' dir='ltr'>τὸ</span> <span class='ocrx_word' id='word_1_359' title='bbox 706 2143 748 2185; x_wconf 83' lang='grc' dir='ltr'>μὴ</span> <span class='ocrx_word' id='word_1_360' title='bbox 762 2141 797 2174; x_wconf 84' lang='grc' dir='ltr'>ὃν</span> <span class='ocrx_word' id='word_1_361' title='bbox 810 2142 875 2174; x_wconf 83' lang='grc' dir='ltr'>ἐστὶ</span> <span class='ocrx_word' id='word_1_362' title='bbox 887 2143 928 2183; x_wconf 89' lang='grc' dir='ltr'>μή</span> <span class='ocrx_word' id='word_1_363' title='bbox 940 2142 982 2182; x_wconf 82' lang='grc' dir='ltr'>ἓν,</span> <span class='ocrx_word' id='word_1_364' title='bbox 994 2142 1055 2174; x_wconf 79' lang='grc' dir='ltr'>εἶτε</span> <span class='ocrx_word' id='word_1_365' title='bbox 1068 2142 1212 2174; x_wconf 84' lang='grc' dir='ltr'>ἐπ’ἐνίων</span> <span class='ocrx_word' id='word_1_366' title='bbox 1224 2140 1371 2173; x_wconf 87' lang='grc' dir='ltr'>τάναντία</span> 
     </span>
     <span class='ocr_line' id='line_1_38' title="bbox 313 2188 1370 2233; baseline -0.004 -9"><span class='ocrx_word' id='word_1_367' title='bbox 313 2190 488 2233; x_wconf 79' lang='grc' dir='ltr'>ξυμὸαίνειν</span> <span class='ocrx_word' id='word_1_368' title='bbox 514 2191 600 2224; x_wconf 81' lang='grc' dir='ltr'>δοκεῖ</span> <span class='ocrx_word' id='word_1_369' title='bbox 632 2190 714 2222; x_wconf 83' lang='grc' dir='ltr'>κατὰ</span> <span class='ocrx_word' id='word_1_370' title='bbox 737 2189 892 2227; x_wconf 79' lang='grc' dir='ltr'>τοσαύτας</span> <span class='ocrx_word' id='word_1_371' title='bbox 917 2189 1110 2231; x_wconf 76' lang='grc' dir='ltr'>ἀποφάσεις·</span> <span class='ocrx_word' id='word_1_372' title='bbox 1131 2189 1175 2222; x_wconf 82' lang='grc' dir='ltr'>ὧν</span> <span class='ocrx_word' id='word_1_373' title='bbox 1205 2188 1326 2229; x_wconf 79' lang='grc' dir='ltr'>ἀνάγκη</span> <span class='ocrx_word' id='word_1_374' title='bbox 1351 2189 1370 2227; x_wconf 91' lang='grc' dir='ltr'>ἢ</span> 
     </span>
     <span class='ocr_line' id='line_1_39' title="bbox 313 2235 1371 2278; baseline -0.002 -8"><span class='ocrx_word' id='word_1_375' title='bbox 313 2238 382 2270; x_wconf 82' lang='grc' dir='ltr'>ῖσον</span> <span class='ocrx_word' id='word_1_376' title='bbox 399 2238 418 2276; x_wconf 83' lang='grc' dir='ltr'>ἢ</span> <span class='ocrx_word' id='word_1_377' title='bbox 433 2237 552 2278; x_wconf 88' lang='grc' dir='ltr'>ἄνισον,</span> <span class='ocrx_word' id='word_1_378' title='bbox 567 2237 605 2269; x_wconf 83' lang='grc' dir='ltr'>ἄν</span> <span class='ocrx_word' id='word_1_379' title='bbox 620 2248 650 2269; x_wconf 92' lang='grc' dir='ltr'>τι</span> <span class='ocrx_word' id='word_1_380' title='bbox 668 2237 783 2276; x_wconf 84' lang='grc' dir='ltr'>πλῆθος</span> <span class='ocrx_word' id='word_1_381' title='bbox 797 2235 836 2278; x_wconf 85' lang='lat'>5,</span> <span class='ocrx_word' id='word_1_382' title='bbox 852 2236 905 2268; x_wconf 87' lang='grc' dir='ltr'>καὶ</span> <span class='ocrx_word' id='word_1_383' title='bbox 924 2237 966 2278; x_wconf 83' lang='grc' dir='ltr'>μὴ</span> <span class='ocrx_word' id='word_1_384' title='bbox 983 2238 1025 2273; x_wconf 88' lang='grc' dir='ltr'>ὡς</span> <span class='ocrx_word' id='word_1_385' title='bbox 1046 2238 1066 2275; x_wconf 91' lang='lat'>5</span> <span class='ocrx_word' id='word_1_386' title='bbox 1085 2237 1139 2269; x_wconf 78' lang='grc' dir='ltr'>καὶ</span> <span class='ocrx_word' id='word_1_387' title='bbox 1155 2236 1259 2278; x_wconf 79' lang='grc' dir='ltr'>ἄρτιον</span> <span class='ocrx_word' id='word_1_388' title='bbox 1278 2237 1297 2275; x_wconf 90' lang='lat'>5</span> <span class='ocrx_word' id='word_1_389' title='bbox 1315 2246 1371 2268; x_wconf 88' lang='grc' dir='ltr'>πε-</span> 
     </span>
     <span class='ocr_line' id='line_1_40' title="bbox 313 2282 1371 2326; baseline -0.003 -9"><span class='ocrx_word' id='word_1_390' title='bbox 313 2283 427 2326; x_wconf 78' lang='grc' dir='ltr'>ριττόν,</span> <span class='ocrx_word' id='word_1_391' title='bbox 443 2285 481 2317; x_wconf 86' lang='grc' dir='ltr'>ἂν</span> <span class='ocrx_word' id='word_1_392' title='bbox 501 2283 626 2326; x_wconf 85' lang='grc' dir='ltr'>ἀριθμὸς</span> <span class='ocrx_word' id='word_1_393' title='bbox 649 2282 682 2325; x_wconf 98' lang='lat'>5.</span> <span class='ocrx_word' id='word_1_394' title='bbox 701 2283 816 2326; x_wconf 82' lang='grc' dir='ltr'>ὁμοίως</span> <span class='ocrx_word' id='word_1_395' title='bbox 830 2283 863 2315; x_wconf 85' lang='grc' dir='ltr'>δὲ</span> <span class='ocrx_word' id='word_1_396' title='bbox 878 2285 920 2320; x_wconf 82' lang='grc' dir='ltr'>ὡς</span> <span class='ocrx_word' id='word_1_397' title='bbox 934 2284 986 2315; x_wconf 87' lang='grc' dir='ltr'>καὶ</span> <span class='ocrx_word' id='word_1_398' title='bbox 1001 2284 1036 2316; x_wconf 89' lang='grc' dir='ltr'>τὸ</span> <span class='ocrx_word' id='word_1_399' title='bbox 1046 2285 1172 2326; x_wconf 86' lang='grc' dir='ltr'>ἠρεμεῖν</span> <span class='ocrx_word' id='word_1_400' title='bbox 1185 2286 1205 2323; x_wconf 98' lang='lat'>5</span> <span class='ocrx_word' id='word_1_401' title='bbox 1221 2284 1371 2316; x_wconf 80' lang='grc' dir='ltr'>κινεῖσθαι</span> 
     </span>
     <span class='ocr_line' id='line_1_41' title="bbox 314 2330 1371 2373; baseline -0.003 -9"><span class='ocrx_word' id='word_1_402' title='bbox 314 2332 454 2373; x_wconf 76' lang='grc' dir='ltr'>ἀνάγκη,</span> <span class='ocrx_word' id='word_1_403' title='bbox 475 2333 513 2364; x_wconf 90' lang='grc' dir='ltr'>ἂν</span> <span class='ocrx_word' id='word_1_404' title='bbox 526 2335 622 2373; x_wconf 86' lang='grc' dir='ltr'>σῶμα</span> <span class='ocrx_word' id='word_1_405' title='bbox 636 2330 668 2373; x_wconf 87' lang='lat'>5.</span> <span class='ocrx_word' id='word_1_406' title='bbox 688 2331 826 2372; x_wconf 84' lang='lat' dir='ltr'><strong>Ascripsi</strong></span> <span class='ocrx_word' id='word_1_407' title='bbox 851 2331 958 2363; x_wconf 91' lang='lat' dir='ltr'><strong>locum</strong></span> <span class='ocrx_word' id='word_1_408' title='bbox 983 2339 1048 2363; x_wconf 92' lang='lat' dir='ltr'>non</span> <span class='ocrx_word' id='word_1_409' title='bbox 1066 2331 1142 2363; x_wconf 85' lang='lat' dir='ltr'><strong>satis</strong></span> <span class='ocrx_word' id='word_1_410' title='bbox 1164 2331 1371 2371; x_wconf 83' lang='lat' dir='ltr'><strong>explanatum</strong></span> 
     </span>
     <span class='ocr_line' id='line_1_42' title="bbox 314 2375 1371 2417; baseline -0.002 -7"><span class='ocrx_word' id='word_1_411' title='bbox 314 2382 347 2410; x_wconf 82' lang='lat' dir='ltr'>et</span> <span class='ocrx_word' id='word_1_412' title='bbox 366 2380 548 2411; x_wconf 84' lang='lat' dir='ltr'><strong>correctum</strong></span> <span class='ocrx_word' id='word_1_413' title='bbox 562 2387 580 2410; x_wconf 87' lang='lat' dir='ltr'><strong>a</strong></span> <span class='ocrx_word' id='word_1_414' title='bbox 594 2377 760 2411; x_wconf 69' lang='lat' dir='ltr'><strong>Brundisio</strong></span> <span class='ocrx_word' id='word_1_415' title='bbox 771 2405 778 2417; x_wconf 88' lang='lat'>‚</span> <span class='ocrx_word' id='word_1_416' title='bbox 792 2380 859 2410; x_wconf 82' lang='lat' dir='ltr'>uta</span> <span class='ocrx_word' id='word_1_417' title='bbox 870 2377 1014 2410; x_wconf 81' lang='lat' dir='ltr'><strong>Bekkero</strong></span> <span class='ocrx_word' id='word_1_418' title='bbox 1028 2376 1240 2409; x_wconf 86' lang='lat' dir='ltr'><strong>constitutum</strong></span> <span class='ocrx_word' id='word_1_419' title='bbox 1252 2375 1371 2408; x_wconf 78' lang='lat' dir='ltr'><strong>inveni.</strong></span> 
     </span>
     <span class='ocr_line' id='line_1_43' title="bbox 314 2423 1372 2466; baseline -0.004 -8"><span class='ocrx_word' id='word_1_420' title='bbox 314 2426 410 2458; x_wconf 89' lang='lat' dir='ltr'><strong>luitio</strong></span> <span class='ocrx_word' id='word_1_421' title='bbox 426 2425 499 2458; x_wconf 87' lang='lat' dir='ltr'><strong>cod.</strong></span> <span class='ocrx_word' id='word_1_422' title='bbox 514 2425 602 2466; x_wconf 88' lang='lat' dir='ltr'><strong>Lips.</strong></span> <span class='ocrx_word' id='word_1_423' title='bbox 617 2424 731 2457; x_wconf 90' lang='lat' dir='ltr'><strong>eodem</strong></span> <span class='ocrx_word' id='word_1_424' title='bbox 750 2424 846 2456; x_wconf 91' lang='lat' dir='ltr'><strong>modo</strong></span> <span class='ocrx_word' id='word_1_425' title='bbox 860 2424 956 2457; x_wconf 89' lang='lat' dir='ltr'><strong>babet</strong></span> <span class='ocrx_word' id='word_1_426' title='bbox 970 2425 1005 2457; x_wconf 86' lang='grc' dir='ltr'>τὸ</span> <span class='ocrx_word' id='word_1_427' title='bbox 1023 2424 1077 2466; x_wconf 87' lang='grc' dir='ltr'>μὲν</span> <span class='ocrx_word' id='word_1_428' title='bbox 1092 2426 1160 2465; x_wconf 84' lang='lat' dir='ltr'><strong>(pro</strong></span> <span class='ocrx_word' id='word_1_429' title='bbox 1178 2423 1264 2465; x_wconf 85' lang='lat' dir='ltr'><strong>vulg.</strong></span> <span class='ocrx_word' id='word_1_430' title='bbox 1282 2423 1372 2464; x_wconf 83' lang='grc' dir='ltr'>μετὰ)</span> 
     </span>
     <span class='ocr_line' id='line_1_44' title="bbox 316 2471 1374 2515; baseline -0.003 -10"><span class='ocrx_word' id='word_1_431' title='bbox 316 2472 369 2505; x_wconf 83' lang='grc' dir='ltr'>οὗν</span> <span class='ocrx_word' id='word_1_432' title='bbox 387 2473 429 2515; x_wconf 80' lang='grc' dir='ltr'>μὴ</span> <span class='ocrx_word' id='word_1_433' title='bbox 445 2483 497 2514; x_wconf 85' lang='grc' dir='ltr'>κ.;</span> <span class='ocrx_word' id='word_1_434' title='bbox 515 2472 629 2505; x_wconf 84' lang='lat' dir='ltr'><strong>deinde</strong></span> <span class='ocrx_word' id='word_1_435' title='bbox 646 2471 792 2511; x_wconf 84' lang='grc' dir='ltr'>ἀκίνητον</span> <span class='ocrx_word' id='word_1_436' title='bbox 809 2473 888 2505; x_wconf 85' lang='grc' dir='ltr'>εἶναι</span> <span class='ocrx_word' id='word_1_437' title='bbox 904 2472 1066 2513; x_wconf 80' lang='grc' dir='ltr'>συμὸαίνει</span> <span class='ocrx_word' id='word_1_438' title='bbox 1083 2472 1196 2504; x_wconf 83' lang='grc' dir='ltr'>ταύτὸν</span> <span class='ocrx_word' id='word_1_439' title='bbox 1223 2480 1313 2504; x_wconf 86' lang='lat' dir='ltr'><strong>mero</strong></span> <span class='ocrx_word' id='word_1_440' title='bbox 1338 2471 1374 2502; x_wconf 91' lang='lat' dir='ltr'>li-</span> 
     </span>
     <span class='ocr_line' id='line_1_45' title="bbox 318 2518 1374 2562; baseline -0.001 -10"><span class='ocrx_word' id='word_1_441' title='bbox 318 2520 412 2552; x_wconf 88' lang='lat' dir='ltr'><strong>brarii</strong></span> <span class='ocrx_word' id='word_1_442' title='bbox 445 2529 551 2552; x_wconf 86' lang='lat' dir='ltr'><strong>errore</strong></span> <span class='ocrx_word' id='word_1_443' title='bbox 577 2528 634 2562; x_wconf 90' lang='lat' dir='ltr'>pro</span> <span class='ocrx_word' id='word_1_444' title='bbox 661 2520 806 2558; x_wconf 81' lang='grc' dir='ltr'>ἀκίνητον</span> <span class='ocrx_word' id='word_1_445' title='bbox 834 2518 913 2552; x_wconf 80' lang='grc' dir='ltr'>εἶναι</span> <span class='ocrx_word' id='word_1_446' title='bbox 941 2519 1087 2561; x_wconf 85' lang='grc' dir='ltr'>σημαίνει</span> <span class='ocrx_word' id='word_1_447' title='bbox 1108 2531 1153 2561; x_wconf 85' lang='grc' dir='ltr'>τ.;</span> <span class='ocrx_word' id='word_1_448' title='bbox 1180 2518 1274 2560; x_wconf 86' lang='lat' dir='ltr'><strong>cujus</strong></span> <span class='ocrx_word' id='word_1_449' title='bbox 1302 2519 1374 2551; x_wconf 91' lang='lat' dir='ltr'><strong>loco</strong></span> 
     </span>
     <span class='ocr_line' id='line_1_46' title="bbox 320 2566 1371 2609; baseline -0.001 -9"><span class='ocrx_word' id='word_1_450' title='bbox 320 2567 504 2601; x_wconf 86' lang='lat' dir='ltr'><strong>Brandisius</strong></span> <span class='ocrx_word' id='word_1_451' title='bbox 522 2567 602 2600; x_wconf 86' lang='lat' dir='ltr'><strong>bene</strong></span> <span class='ocrx_word' id='word_1_452' title='bbox 621 2567 801 2608; x_wconf 81' lang='lat' dir='ltr'><strong>conjecerat</strong></span> <span class='ocrx_word' id='word_1_453' title='bbox 819 2568 963 2607; x_wconf 81' lang='grc' dir='ltr'>ἀκίνητον</span> <span class='ocrx_word' id='word_1_454' title='bbox 977 2568 1056 2600; x_wconf 81' lang='grc' dir='ltr'>εἶναι</span> <span class='ocrx_word' id='word_1_455' title='bbox 1072 2568 1089 2600; x_wconf 90' lang='grc' dir='ltr'><strong>ὃ</strong></span> <span class='ocrx_word' id='word_1_456' title='bbox 1104 2568 1248 2609; x_wconf 86' lang='grc' dir='ltr'>σημαίνει</span> <span class='ocrx_word' id='word_1_457' title='bbox 1265 2566 1371 2600; x_wconf 78' lang='grc' dir='ltr'>ταὺτὸ.</span> 
     </span>
     <span class='ocr_line' id='line_1_47' title="bbox 321 2614 1372 2657; baseline 0.001 -11"><span class='ocrx_word' id='word_1_458' title='bbox 321 2617 400 2647; x_wconf 83' lang='lat' dir='ltr'><strong>item</strong></span> <span class='ocrx_word' id='word_1_459' title='bbox 416 2614 465 2647; x_wconf 85' lang='grc' dir='ltr'>ἐπὶ</span> <span class='ocrx_word' id='word_1_460' title='bbox 483 2615 519 2647; x_wconf 82' lang='grc' dir='ltr'>τὸ</span> <span class='ocrx_word' id='word_1_461' title='bbox 535 2616 657 2656; x_wconf 86' lang='grc' dir='ltr'>ἠρεμεῖν</span> <span class='ocrx_word' id='word_1_462' title='bbox 675 2615 708 2648; x_wconf 90' lang='lat' dir='ltr'>in</span> <span class='ocrx_word' id='word_1_463' title='bbox 728 2615 838 2648; x_wconf 83' lang='lat' dir='ltr'><strong>codice</strong></span> <span class='ocrx_word' id='word_1_464' title='bbox 855 2616 1023 2657; x_wconf 85' lang='lat' dir='ltr'><strong>reperitur,</strong></span> <span class='ocrx_word' id='word_1_465' title='bbox 1041 2616 1127 2657; x_wconf 89' lang='lat' dir='ltr'><strong>quod</strong></span> <span class='ocrx_word' id='word_1_466' title='bbox 1149 2616 1266 2649; x_wconf 87' lang='lat' dir='ltr'><strong>rectius</strong></span> <span class='ocrx_word' id='word_1_467' title='bbox 1289 2615 1372 2657; x_wconf 88' lang='lat' dir='ltr'><strong>apud</strong></span> 
     </span>
     <span class='ocr_line' id='line_1_48' title="bbox 322 2661 1374 2706; baseline 0.003 -11"><span class='ocrx_word' id='word_1_468' title='bbox 322 2661 498 2695; x_wconf 82' lang='lat' dir='ltr'><strong>Bekkerum</strong></span> <span class='ocrx_word' id='word_1_469' title='bbox 514 2665 563 2694; x_wconf 88' lang='lat' dir='ltr'>est</span> <span class='ocrx_word' id='word_1_470' title='bbox 580 2663 630 2695; x_wconf 82' lang='grc' dir='ltr'>ἐπὶ</span> <span class='ocrx_word' id='word_1_471' title='bbox 648 2666 693 2706; x_wconf 86' lang='grc' dir='ltr'>τῷ</span> <span class='ocrx_word' id='word_1_472' title='bbox 710 2663 845 2705; x_wconf 84' lang='grc' dir='ltr'>ἠρεμεῖν.</span> <span class='ocrx_word' id='word_1_473' title='bbox 862 2664 944 2695; x_wconf 89' lang='lat' dir='ltr'>Tum</span> <span class='ocrx_word' id='word_1_474' title='bbox 963 2671 1041 2695; x_wconf 87' lang='lat' dir='ltr'><strong>vero</strong></span> <span class='ocrx_word' id='word_1_475' title='bbox 1056 2663 1173 2704; x_wconf 86' lang='lat' dir='ltr'><strong>injuria</strong></span> <span class='ocrx_word' id='word_1_476' title='bbox 1190 2673 1207 2697; x_wconf 91' lang='lat' dir='ltr'>e</span> <span class='ocrx_word' id='word_1_477' title='bbox 1221 2665 1374 2705; x_wconf 87' lang='lat' dir='ltr'><strong>Lipsiensi</strong></span> 
     </span>
     <span class='ocr_line' id='line_1_49' title="bbox 323 2708 1374 2752; baseline 0.004 -12"><span class='ocrx_word' id='word_1_478' title='bbox 323 2709 442 2750; x_wconf 77' lang='lat' dir='ltr'><strong>recepit</strong></span> <span class='ocrx_word' id='word_1_479' title='bbox 460 2708 622 2741; x_wconf 73' lang='lat' dir='ltr'><strong>nokkerus</strong></span> <span class='ocrx_word' id='word_1_480' title='bbox 638 2709 712 2751; x_wconf 83' lang='grc' dir='ltr'>ὅπερ</span> <span class='ocrx_word' id='word_1_481' title='bbox 730 2720 763 2741; x_wconf 87' lang='grc' dir='ltr'>τε</span> <span class='ocrx_word' id='word_1_482' title='bbox 779 2710 851 2750; x_wconf 73' lang='grc' dir='ltr'>καὶς</span> <span class='ocrx_word' id='word_1_483' title='bbox 868 2719 942 2742; x_wconf 88' lang='lat' dir='ltr'>nam</span> <span class='ocrx_word' id='word_1_484' title='bbox 960 2721 992 2742; x_wconf 86' lang='grc' dir='ltr'>τε</span> <span class='ocrx_word' id='word_1_485' title='bbox 1010 2710 1062 2742; x_wconf 90' lang='lat' dir='ltr'><strong>bic&#39;</strong></span> <span class='ocrx_word' id='word_1_486' title='bbox 1083 2711 1155 2743; x_wconf 80' lang='lat' dir='ltr'><strong>ferri</strong></span> <span class='ocrx_word' id='word_1_487' title='bbox 1173 2712 1295 2752; x_wconf 87' lang='lat' dir='ltr'><strong>nequit.</strong></span> <span class='ocrx_word' id='word_1_488' title='bbox 1317 2714 1374 2745; x_wconf 92' lang='lat' dir='ltr'>Se-</span> 
     </span>
     <span class='ocr_line' id='line_1_50' title="bbox 324 2755 1375 2800; baseline 0.004 -14"><span class='ocrx_word' id='word_1_489' title='bbox 324 2755 454 2796; x_wconf 76' lang='lat' dir='ltr'>quentia</span> <span class='ocrx_word' id='word_1_490' title='bbox 471 2755 545 2787; x_wconf 84' lang='lat' dir='ltr'><strong>inde</strong></span> <span class='ocrx_word' id='word_1_491' title='bbox 558 2763 576 2787; x_wconf 84' lang='lat' dir='ltr'><strong>a</strong></span> <span class='ocrx_word' id='word_1_492' title='bbox 591 2755 698 2787; x_wconf 82' lang='lat' dir='ltr'><strong>verbis</strong></span> <span class='ocrx_word' id='word_1_493' title='bbox 713 2755 811 2793; x_wconf 82' lang='grc' dir='ltr'>ἄλλως</span> <span class='ocrx_word' id='word_1_494' title='bbox 831 2767 863 2788; x_wconf 92' lang='grc' dir='ltr'>τε</span> <span class='ocrx_word' id='word_1_495' title='bbox 880 2757 937 2788; x_wconf 79' lang='grc' dir='ltr'>κᾶν</span> <span class='ocrx_word' id='word_1_496' title='bbox 955 2765 1055 2798; x_wconf 88' lang='lat' dir='ltr'><strong>usque</strong></span> <span class='ocrx_word' id='word_1_497' title='bbox 1071 2757 1111 2789; x_wconf 83' lang='lat' dir='ltr'>ad</span> <span class='ocrx_word' id='word_1_498' title='bbox 1131 2757 1375 2800; x_wconf 79' lang='grc' dir='ltr'>μεταλαμὸάνειν</span> 
     </span>
     <span class='ocr_line' id='line_1_51' title="bbox 322 2802 1375 2848; baseline 0.006 -15"><span class='ocrx_word' id='word_1_499' title='bbox 322 2802 364 2834; x_wconf 86' lang='lat' dir='ltr'>ad</span> <span class='ocrx_word' id='word_1_500' title='bbox 390 2803 529 2834; x_wconf 87' lang='lat' dir='ltr'><strong>eundem</strong></span> <span class='ocrx_word' id='word_1_501' title='bbox 561 2803 693 2835; x_wconf 89' lang='lat' dir='ltr'><strong>modum</strong></span> <span class='ocrx_word' id='word_1_502' title='bbox 714 2803 833 2845; x_wconf 83' lang='lat' dir='ltr'><strong>scripta</strong></span> <span class='ocrx_word' id='word_1_503' title='bbox 861 2804 1010 2846; x_wconf 85' lang='lat' dir='ltr'><strong>leguntur</strong></span> <span class='ocrx_word' id='word_1_504' title='bbox 1030 2805 1061 2837; x_wconf 92' lang='lat' dir='ltr'>in</span> <span class='ocrx_word' id='word_1_505' title='bbox 1088 2805 1168 2838; x_wconf 88' lang='lat' dir='ltr'><strong>libro</strong></span> <span class='ocrx_word' id='word_1_506' title='bbox 1199 2806 1354 2848; x_wconf 86' lang='lat' dir='ltr'><strong>Lipsiensi</strong></span> <span class='ocrx_word' id='word_1_507' title='bbox 1366 2832 1375 2847; x_wconf 90' lang='lat'><strong>,</strong></span> 
     </span>
     <span class='ocr_line' id='line_1_52' title="bbox 322 2852 1376 2895; baseline 0.004 -14"><span class='ocrx_word' id='word_1_508' title='bbox 322 2852 454 2889; x_wconf 83' lang='lat' dir='ltr'><strong>excepta</strong></span> <span class='ocrx_word' id='word_1_509' title='bbox 471 2858 550 2881; x_wconf 90' lang='lat' dir='ltr'><strong>voce</strong></span> <span class='ocrx_word' id='word_1_510' title='bbox 565 2853 628 2882; x_wconf 83' lang='grc' dir='ltr'>τῶν</span> <span class='ocrx_word' id='word_1_511' title='bbox 645 2859 718 2891; x_wconf 80' lang='lat' dir='ltr'>quae</span> <span class='ocrx_word' id='word_1_512' title='bbox 731 2852 801 2891; x_wconf 87' lang='lat' dir='ltr'><strong>post</strong></span> <span class='ocrx_word' id='word_1_513' title='bbox 812 2852 919 2892; x_wconf 77' lang='grc' dir='ltr'>λεχθέν</span> <span class='ocrx_word' id='word_1_514' title='bbox 930 2852 1141 2894; x_wconf 87' lang='lat' dir='ltr'><strong>desideratur,</strong></span> <span class='ocrx_word' id='word_1_515' title='bbox 1156 2862 1254 2895; x_wconf 91' lang='lat' dir='ltr'><strong>quam</strong></span> <span class='ocrx_word' id='word_1_516' title='bbox 1268 2855 1376 2886; x_wconf 84' lang='lat' dir='ltr'><strong>tamen</strong></span> 
     </span>
     <span class='ocr_line' id='line_1_53' title="bbox 324 2896 1374 2939; baseline 0.007 -11"><span class='ocrx_word' id='word_1_517' title='bbox 324 2896 508 2928; x_wconf 88' lang='lat' dir='ltr'><strong>Brandisius</strong></span> <span class='ocrx_word' id='word_1_518' title='bbox 524 2897 620 2929; x_wconf 87' lang='lat' dir='ltr'><strong>etiam</strong></span> <span class='ocrx_word' id='word_1_519' title='bbox 647 2903 775 2939; x_wconf 85' lang='lat' dir='ltr'><strong>propter</strong></span> <span class='ocrx_word' id='word_1_520' title='bbox 797 2899 932 2939; x_wconf 81' lang='lat' dir='ltr'><strong>vulgatae</strong></span> <span class='ocrx_word' id='word_1_521' title='bbox 960 2899 1106 2933; x_wconf 88' lang='lat' dir='ltr'><strong>lectionis</strong></span> <span class='ocrx_word' id='word_1_522' title='bbox 1122 2903 1301 2934; x_wconf 86' lang='lat' dir='ltr'><strong>monstrum</strong></span> <span class='ocrx_word' id='word_1_523' title='bbox 1316 2903 1374 2934; x_wconf 71' lang='grc' dir='ltr'>ἐλε·</span> 
     </span>
     <span class='ocr_line' id='line_1_54' title="bbox 325 2943 1377 2990; baseline 0.006 -15"><span class='ocrx_word' id='word_1_524' title='bbox 325 2943 458 2984; x_wconf 81' lang='grc' dir='ltr'>χθέντων</span> <span class='ocrx_word' id='word_1_525' title='bbox 473 2943 601 2976; x_wconf 83' lang='lat' dir='ltr'><strong>retineri</strong></span> <span class='ocrx_word' id='word_1_526' title='bbox 620 2944 774 2977; x_wconf 79' lang='lat' dir='ltr'><strong>voluerat.</strong></span> <span class='ocrx_word' id='word_1_527' title='bbox 792 2947 853 2978; x_wconf 88' lang='lat' dir='ltr'>Pro</span> <span class='ocrx_word' id='word_1_528' title='bbox 872 2946 1115 2990; x_wconf 72' lang='grc' dir='ltr'>μεταλαμὸἁνειν</span> <span class='ocrx_word' id='word_1_529' title='bbox 1135 2949 1232 2981; x_wconf 88' lang='lat' dir='ltr'><strong>unius</strong></span> <span class='ocrx_word' id='word_1_530' title='bbox 1256 2950 1377 2983; x_wconf 85' lang='lat' dir='ltr'><strong>codicis</strong></span> 
     </span>
     <span class='ocr_line' id='line_1_55' title="bbox 324 2990 1378 3037; baseline 0.007 -15"><span class='ocrx_word' id='word_1_531' title='bbox 324 2990 483 3031; x_wconf 85' lang='lat' dir='ltr'><strong>scriptura</strong></span> <span class='ocrx_word' id='word_1_532' title='bbox 497 2992 545 3023; x_wconf 89' lang='lat' dir='ltr'>est</span> <span class='ocrx_word' id='word_1_533' title='bbox 562 2991 800 3033; x_wconf 78' lang='grc' dir='ltr'>μεταλαμὸάνει.</span> <span class='ocrx_word' id='word_1_534' title='bbox 819 2995 917 3025; x_wconf 81' lang='lat' dir='ltr'><strong>Porro</strong></span> <span class='ocrx_word' id='word_1_535' title='bbox 928 2994 1032 3026; x_wconf 87' lang='lat' dir='ltr'><strong>tribus</strong></span> <span class='ocrx_word' id='word_1_536' title='bbox 1043 2995 1189 3027; x_wconf 86' lang='lat' dir='ltr'><strong>versibus</strong></span> <span class='ocrx_word' id='word_1_537' title='bbox 1202 2996 1378 3037; x_wconf 77' lang='lat' dir='ltr'><strong>interiectis</strong></span> 
     </span>
     <span class='ocr_line' id='line_1_56' title="bbox 324 3036 1379 3082; baseline 0.008 -14"><span class='ocrx_word' id='word_1_538' title='bbox 324 3036 383 3069; x_wconf 88' lang='lat' dir='ltr'>cod</span> <span class='ocrx_word' id='word_1_539' title='bbox 392 3061 400 3069; x_wconf 92' lang='lat'>.</span> <span class='ocrx_word' id='word_1_540' title='bbox 422 3037 507 3078; x_wconf 81' lang='lat' dir='ltr'><strong>Lips.</strong></span> <span class='ocrx_word' id='word_1_541' title='bbox 523 3047 580 3079; x_wconf 91' lang='lat' dir='ltr'>pro</span> <span class='ocrx_word' id='word_1_542' title='bbox 592 3038 673 3070; x_wconf 81' lang='grc' dir='ltr'>κατὰ</span> <span class='ocrx_word' id='word_1_543' title='bbox 685 3039 838 3075; x_wconf 79' lang='grc' dir='ltr'>τοσαύτας</span> <span class='ocrx_word' id='word_1_544' title='bbox 861 3039 1031 3081; x_wconf 66' lang='grc' dir='ltr'>ἀποφάσεις</span> <span class='ocrx_word' id='word_1_545' title='bbox 1041 3050 1048 3057; x_wconf 89' lang='grc'><em>·</em></span> <span class='ocrx_word' id='word_1_546' title='bbox 1061 3042 1105 3073; x_wconf 86' lang='grc' dir='ltr'>ὧν</span> <span class='ocrx_word' id='word_1_547' title='bbox 1115 3041 1234 3082; x_wconf 84' lang='grc' dir='ltr'>ἀνάγκη</span> <span class='ocrx_word' id='word_1_548' title='bbox 1248 3043 1379 3076; x_wconf 83' lang='lat' dir='ltr'><strong>exhibet</strong></span> 
     </span>
     <span class='ocr_line' id='line_1_57' title="bbox 323 3083 1376 3128; baseline 0.009 -13"><span class='ocrx_word' id='word_1_549' title='bbox 323 3083 406 3115; x_wconf 78' lang='grc' dir='ltr'>κατὰ</span> <span class='ocrx_word' id='word_1_550' title='bbox 414 3085 469 3121; x_wconf 82' lang='grc' dir='ltr'>τὰς</span> <span class='ocrx_word' id='word_1_551' title='bbox 476 3084 569 3122; x_wconf 79' lang='grc' dir='ltr'>αὐτὰς</span> <span class='ocrx_word' id='word_1_552' title='bbox 579 3085 749 3127; x_wconf 82' lang='grc' dir='ltr'>ἀποφάσεις</span> <span class='ocrx_word' id='word_1_553' title='bbox 757 3086 802 3118; x_wconf 86' lang='grc' dir='ltr'>ὄν.</span> <span class='ocrx_word' id='word_1_554' title='bbox 811 3086 940 3128; x_wconf 75' lang='grc' dir='ltr'>ἀνάγκη.</span> <span class='ocrx_word' id='word_1_555' title='bbox 955 3091 1105 3121; x_wconf 83' lang='lat' dir='ltr'><strong>Extrema</strong></span> <span class='ocrx_word' id='word_1_556' title='bbox 1115 3089 1160 3122; x_wconf 80' lang='lat' dir='ltr'>sic</span> <span class='ocrx_word' id='word_1_557' title='bbox 1170 3090 1356 3124; x_wconf 86' lang='lat' dir='ltr'><strong>scribuntur</strong></span> <span class='ocrx_word' id='word_1_558' title='bbox 1368 3105 1376 3125; x_wconf 71' lang='grc' dir='ltr'>ι</span> 
     </span>
    </p>
   </div>
   <div class='ocr_carea' id='block_1_6' title="bbox 324 3130 1392 3181">
    <p class='ocr_par' dir='ltr' id='par_1_7' title="bbox 324 3130 1392 3181">
     <span class='ocr_line' id='line_1_58' title="bbox 324 3130 1392 3181; baseline 0.009 -19"><span class='ocrx_word' id='word_1_559' title='bbox 324 3130 362 3162; x_wconf 79' lang='grc' dir='ltr'>ἄν</span> <span class='ocrx_word' id='word_1_560' title='bbox 374 3141 404 3162; x_wconf 86' lang='grc' dir='ltr'>τι</span> <span class='ocrx_word' id='word_1_561' title='bbox 417 3132 529 3169; x_wconf 83' lang='grc' dir='ltr'>πλῆθος</span> <span class='ocrx_word' id='word_1_562' title='bbox 541 3131 574 3173; x_wconf 82' lang='lat'>5.</span> <span class='ocrx_word' id='word_1_563' title='bbox 590 3133 633 3173; x_wconf 84' lang='grc' dir='ltr'>μή</span> <span class='ocrx_word' id='word_1_564' title='bbox 649 3134 691 3170; x_wconf 84' lang='grc' dir='ltr'>ὡς</span> <span class='ocrx_word' id='word_1_565' title='bbox 703 3132 723 3174; x_wconf 89' lang='lat'>5</span> <span class='ocrx_word' id='word_1_566' title='bbox 740 3134 793 3165; x_wconf 89' lang='grc' dir='ltr'>καὶ</span> <span class='ocrx_word' id='word_1_567' title='bbox 808 3133 910 3176; x_wconf 79' lang='grc' dir='ltr'>ἄρτιον</span> <span class='ocrx_word' id='word_1_568' title='bbox 923 3136 943 3174; x_wconf 89' lang='lat'>5</span> <span class='ocrx_word' id='word_1_569' title='bbox 955 3136 1109 3178; x_wconf 85' lang='grc' dir='ltr'>περιττόν,</span> <span class='ocrx_word' id='word_1_570' title='bbox 1123 3137 1180 3168; x_wconf 82' lang='grc' dir='ltr'>κᾶν</span> <span class='ocrx_word' id='word_1_571' title='bbox 1199 3138 1325 3181; x_wconf 80' lang='grc' dir='ltr'>ἀριθμὸς</span> <span class='ocrx_word' id='word_1_572' title='bbox 1345 3139 1377 3181; x_wconf 88' lang='lat'>5.</span> <span class='ocrx_word' id='word_1_573' title='bbox 1390 3162 1392 3165; x_wconf 90' lang='lat'><em>-</em></span> 
     </span>
    </p>
   </div>
   <div class='ocr_carea' id='block_1_7' title="bbox 325 3177 1382 3559">
    <p class='ocr_par' dir='ltr' id='par_1_8' title="bbox 325 3177 1382 3559">
     <span class='ocr_line' id='line_1_59' title="bbox 325 3177 1381 3218; baseline 0.009 -9"><span class='ocrx_word' id='word_1_574' title='bbox 325 3177 441 3218; x_wconf 69' lang='grc' dir='ltr'>ὁμοίως</span> <span class='ocrx_word' id='word_1_575' title='bbox 467 3177 492 3210; x_wconf 86' lang='grc' dir='ltr'>δ’</span> <span class='ocrx_word' id='word_1_576' title='bbox 507 3178 584 3216; x_wconf 80' lang='grc' dir='ltr'>ίσως</span> <span class='ocrx_word' id='word_1_577' title='bbox 601 3179 655 3211; x_wconf 81' lang='grc' dir='ltr'>καὶ</span> <span class='ocrx_word' id='word_1_578' title='bbox 673 3181 708 3211; x_wconf 85' lang='grc' dir='ltr'>τὸ</span> <span class='ocrx_word' id='word_1_579' title='bbox 725 3191 758 3212; x_wconf 87' lang='grc' dir='ltr'>κ.</span> <span class='ocrx_word' id='word_1_580' title='bbox 787 3191 815 3212; x_wconf 86' lang='grc' dir='ltr'>τ.</span> <span class='ocrx_word' id='word_1_581' title='bbox 834 3182 862 3212; x_wconf 83' lang='grc' dir='ltr'>λ.</span> <span class='ocrx_word' id='word_1_582' title='bbox 880 3182 950 3213; x_wconf 85' lang='lat' dir='ltr'><strong>Non</strong></span> <span class='ocrx_word' id='word_1_583' title='bbox 979 3184 1118 3215; x_wconf 85' lang='lat' dir='ltr'><strong>multum</strong></span> <span class='ocrx_word' id='word_1_584' title='bbox 1137 3183 1266 3217; x_wconf 88' lang='lat' dir='ltr'><strong>luminis</strong></span> <span class='ocrx_word' id='word_1_585' title='bbox 1287 3185 1381 3218; x_wconf 79' lang='lat' dir='ltr'><strong>affert</strong></span> 
     </span>
     <span class='ocr_line' id='line_1_60' title="bbox 325 3224 1379 3274; baseline 0.009 -19"><span class='ocrx_word' id='word_1_586' title='bbox 325 3224 403 3256; x_wconf 85' lang='lat' dir='ltr'><strong>buic</strong></span> <span class='ocrx_word' id='word_1_587' title='bbox 428 3225 498 3257; x_wconf 91' lang='lat' dir='ltr'><strong>loco</strong></span> <span class='ocrx_word' id='word_1_588' title='bbox 519 3226 718 3266; x_wconf 85' lang='lat' dir='ltr'><strong>Felicianus,</strong></span> <span class='ocrx_word' id='word_1_589' title='bbox 737 3227 834 3260; x_wconf 85' lang='lat' dir='ltr'><strong>verba</strong></span> <span class='ocrx_word' id='word_1_590' title='bbox 849 3237 922 3269; x_wconf 82' lang='lat' dir='ltr'><strong>quae</strong></span> <span class='ocrx_word' id='word_1_591' title='bbox 946 3228 1152 3271; x_wconf 80' lang='lat' dir='ltr'>allegavimus</span> <span class='ocrx_word' id='word_1_592' title='bbox 1166 3231 1212 3264; x_wconf 87' lang='lat' dir='ltr'>sic</span> <span class='ocrx_word' id='word_1_593' title='bbox 1225 3231 1379 3274; x_wconf 85' lang='lat' dir='ltr'><strong>interpre-</strong></span> 
     </span>
     <span class='ocr_line' id='line_1_61' title="bbox 326 3273 1379 3321; baseline 0.009 -18"><span class='ocrx_word' id='word_1_594' title='bbox 326 3274 421 3304; x_wconf 80' lang='lat' dir='ltr'><strong>tans:</strong></span> <span class='ocrx_word' id='word_1_595' title='bbox 441 3285 458 3301; x_wconf 82' lang='lat'>«</span> <span class='ocrx_word' id='word_1_596' title='bbox 480 3273 550 3305; x_wconf 80' lang='lat' dir='ltr'><strong>Non</strong></span> <span class='ocrx_word' id='word_1_597' title='bbox 572 3274 695 3306; x_wconf 84' lang='lat' dir='ltr'><strong>moveri</strong></span> <span class='ocrx_word' id='word_1_598' title='bbox 713 3275 808 3316; x_wconf 86' lang='lat' dir='ltr'><strong>igitur</strong></span> <span class='ocrx_word' id='word_1_599' title='bbox 823 3275 864 3307; x_wconf 89' lang='lat' dir='ltr'>de</span> <span class='ocrx_word' id='word_1_600' title='bbox 887 3285 950 3307; x_wconf 90' lang='lat' dir='ltr'>non</span> <span class='ocrx_word' id='word_1_601' title='bbox 974 3279 1048 3310; x_wconf 89' lang='lat' dir='ltr'><strong>ente</strong></span> <span class='ocrx_word' id='word_1_602' title='bbox 1063 3277 1158 3310; x_wconf 90' lang='lat' dir='ltr'><strong>etiam</strong></span> <span class='ocrx_word' id='word_1_603' title='bbox 1179 3287 1291 3311; x_wconf 86' lang='lat' dir='ltr'><strong>verum</strong></span> <span class='ocrx_word' id='word_1_604' title='bbox 1312 3282 1379 3321; x_wconf 87' lang='lat' dir='ltr'><strong>est,</strong></span> 
     </span>
     <span class='ocr_line' id='line_1_62' title="bbox 325 3319 1380 3361; baseline 0.011 -12"><span class='ocrx_word' id='word_1_605' title='bbox 325 3319 488 3359; x_wconf 73' lang='lat' dir='ltr'><strong>quiescere</strong></span> <span class='ocrx_word' id='word_1_606' title='bbox 507 3321 615 3352; x_wconf 83' lang='lat' dir='ltr'><strong>autem</strong></span> <span class='ocrx_word' id='word_1_607' title='bbox 635 3329 700 3353; x_wconf 91' lang='lat' dir='ltr'>non</span> <span class='ocrx_word' id='word_1_608' title='bbox 719 3322 785 3354; x_wconf 88' lang='lat' dir='ltr'><strong>enti</strong></span> <span class='ocrx_word' id='word_1_609' title='bbox 811 3331 876 3354; x_wconf 90' lang='lat' dir='ltr'>non</span> <span class='ocrx_word' id='word_1_610' title='bbox 902 3322 995 3356; x_wconf 83' lang='lat' dir='ltr'><strong>inest.</strong></span> <span class='ocrx_word' id='word_1_611' title='bbox 1028 3324 1130 3357; x_wconf 86' lang='lat' dir='ltr'><strong>Simili</strong></span> <span class='ocrx_word' id='word_1_612' title='bbox 1151 3326 1249 3358; x_wconf 90' lang='lat' dir='ltr'><strong>modo</strong></span> <span class='ocrx_word' id='word_1_613' title='bbox 1271 3328 1380 3361; x_wconf 87' lang='lat' dir='ltr'><strong>autem</strong></span> 
     </span>
     <span class='ocr_line' id='line_1_63' title="bbox 326 3366 1382 3411; baseline 0.01 -14"><span class='ocrx_word' id='word_1_614' title='bbox 326 3374 431 3407; x_wconf 87' lang='lat' dir='ltr'><strong>neque</strong></span> <span class='ocrx_word' id='word_1_615' title='bbox 448 3366 614 3400; x_wconf 80' lang='lat' dir='ltr'><strong>immobile</strong></span> <span class='ocrx_word' id='word_1_616' title='bbox 630 3377 699 3402; x_wconf 84' lang='lat' dir='ltr'><strong>esse</strong></span> <span class='ocrx_word' id='word_1_617' title='bbox 716 3369 802 3402; x_wconf 89' lang='lat' dir='ltr'><strong>idem</strong></span> <span class='ocrx_word' id='word_1_618' title='bbox 818 3369 985 3411; x_wconf 80' lang='lat' dir='ltr'><strong>significat.</strong></span> <span class='ocrx_word' id='word_1_619' title='bbox 1003 3373 1044 3403; x_wconf 85' lang='lat' dir='ltr'>At</span> <span class='ocrx_word' id='word_1_620' title='bbox 1059 3372 1119 3405; x_wconf 85' lang='lat' dir='ltr'><strong>iste</strong></span> <span class='ocrx_word' id='word_1_621' title='bbox 1130 3372 1296 3407; x_wconf 80' lang='lat' dir='ltr'><strong>immobile</strong></span> <span class='ocrx_word' id='word_1_622' title='bbox 1311 3383 1382 3409; x_wconf 82' lang='lat' dir='ltr'><strong>esse</strong></span> 
     </span>
     <span class='ocr_line' id='line_1_64' title="bbox 327 3414 1380 3464; baseline 0.01 -20"><span class='ocrx_word' id='word_1_623' title='bbox 327 3420 385 3453; x_wconf 83' lang='lat' dir='ltr'>pro</span> <span class='ocrx_word' id='word_1_624' title='bbox 400 3414 564 3455; x_wconf 78' lang='lat' dir='ltr'><strong>quiescere</strong></span> <span class='ocrx_word' id='word_1_625' title='bbox 581 3415 699 3456; x_wconf 88' lang='lat' dir='ltr'><strong>sumit,</strong></span> <span class='ocrx_word' id='word_1_626' title='bbox 719 3417 751 3448; x_wconf 86' lang='lat' dir='ltr'>et</span> <span class='ocrx_word' id='word_1_627' title='bbox 768 3416 800 3448; x_wconf 88' lang='lat' dir='ltr'>id</span> <span class='ocrx_word' id='word_1_628' title='bbox 817 3416 904 3458; x_wconf 90' lang='lat' dir='ltr'><strong>quod</strong></span> <span class='ocrx_word' id='word_1_629' title='bbox 921 3427 985 3450; x_wconf 92' lang='lat' dir='ltr'>non</span> <span class='ocrx_word' id='word_1_630' title='bbox 1001 3420 1070 3460; x_wconf 87' lang='lat' dir='ltr'><strong>est,</strong></span> <span class='ocrx_word' id='word_1_631' title='bbox 1084 3420 1246 3461; x_wconf 82' lang='lat' dir='ltr'><strong>quiescere</strong></span> <span class='ocrx_word' id='word_1_632' title='bbox 1263 3421 1380 3464; x_wconf 88' lang='lat' dir='ltr'><strong>inquit,</strong></span> 
     </span>
     <span class='ocr_line' id='line_1_65' title="bbox 328 3460 1379 3509; baseline 0.011 -18"><span class='ocrx_word' id='word_1_633' title='bbox 328 3460 404 3500; x_wconf 85' lang='lat' dir='ltr'><strong>quia</strong></span> <span class='ocrx_word' id='word_1_634' title='bbox 432 3462 652 3495; x_wconf 74' lang='lat' dir='ltr'><strong>transitionem</strong></span> <span class='ocrx_word' id='word_1_635' title='bbox 683 3472 747 3496; x_wconf 89' lang='lat' dir='ltr'>non</span> <span class='ocrx_word' id='word_1_636' title='bbox 775 3463 897 3505; x_wconf 17' lang='lat' dir='ltr'><strong>habeta</strong></span> <span class='ocrx_word' id='word_1_637' title='bbox 914 3465 976 3499; x_wconf 90' lang='lat' dir='ltr'>Sed</span> <span class='ocrx_word' id='word_1_638' title='bbox 997 3466 1081 3499; x_wconf 86' lang='lat' dir='ltr'><strong>sicut</strong></span> <span class='ocrx_word' id='word_1_639' title='bbox 1111 3469 1259 3509; x_wconf 84' lang='lat' dir='ltr'><strong>superius</strong></span> <span class='ocrx_word' id='word_1_640' title='bbox 1284 3470 1379 3503; x_wconf 86' lang='lat' dir='ltr'><strong>etiam</strong></span> 
     </span>
     <span class='ocr_line' id='line_1_66' title="bbox 328 3503 1379 3559; baseline 0.011 -21"><span class='ocrx_word' id='word_1_641' title='bbox 328 3503 490 3550; x_wconf 83' lang='lat' dir='ltr'><strong>diximus,</strong></span> <span class='ocrx_word' id='word_1_642' title='bbox 507 3510 682 3543; x_wconf 87' lang='lat' dir='ltr'><strong>absurdum</strong></span> <span class='ocrx_word' id='word_1_643' title='bbox 705 3511 835 3546; x_wconf 79' lang='lat' dir='ltr'><strong>sortasse</strong></span> <span class='ocrx_word' id='word_1_644' title='bbox 851 3513 921 3554; x_wconf 87' lang='lat' dir='ltr'><strong>est,</strong></span> <span class='ocrx_word' id='word_1_645' title='bbox 935 3513 962 3546; x_wconf 80' lang='lat' dir='ltr'>si</span> <span class='ocrx_word' id='word_1_646' title='bbox 971 3537 982 3559; x_wconf 77' lang='lat'><strong>,</strong></span> <span class='ocrx_word' id='word_1_647' title='bbox 997 3514 1073 3556; x_wconf 82' lang='lat' dir='ltr'><strong>quia</strong></span> <span class='ocrx_word' id='word_1_648' title='bbox 1098 3515 1218 3558; x_wconf 84' lang='lat' dir='ltr'><strong>aliquid</strong></span> <span class='ocrx_word' id='word_1_649' title='bbox 1236 3526 1297 3550; x_wconf 91' lang='lat' dir='ltr'>uon</span> <span class='ocrx_word' id='word_1_650' title='bbox 1314 3519 1379 3551; x_wconf 87' lang='lat' dir='ltr'><strong>enti</strong></span> 
     </span>
    </p>
   </div>
   <div class='ocr_carea' id='block_1_8' title="bbox 1126 239 1652 283">
    <p class='ocr_par' dir='ltr' id='par_1_9' title="bbox 1126 239 1652 283">
     <span class='ocr_line' id='line_1_67' title="bbox 1126 239 1652 283; baseline -0.008 -1"><span class='ocrx_word' id='word_1_651' title='bbox 1126 240 1462 283; x_wconf 79' lang='lat' dir='ltr'>ARISTOTELIS</span> <span class='ocrx_word' id='word_1_652' title='bbox 1494 239 1652 279; x_wconf 74' lang='lat' dir='ltr'><strong>LlBER</strong></span> 
     </span>
    </p>
   </div>
   <div class='ocr_carea' id='block_1_9' title="bbox 302 303 2576 437">
    <p class='ocr_par' dir='ltr' id='par_1_10' title="bbox 302 297 2576 437">
     <span class='ocr_line' id='line_1_68' title="bbox 302 303 2533 372; baseline -0.004 -10"><span class='ocrx_word' id='word_1_653' title='bbox 302 326 339 366; x_wconf 78' lang='grc' dir='ltr'>ὃν</span> <span class='ocrx_word' id='word_1_654' title='bbox 360 325 419 364; x_wconf 78' lang='grc' dir='ltr'>καὶ</span> <span class='ocrx_word' id='word_1_655' title='bbox 436 323 474 362; x_wconf 85' lang='grc' dir='ltr'>τὸ</span> <span class='ocrx_word' id='word_1_656' title='bbox 494 321 546 370; x_wconf 68' lang='grc' dir='ltr'>ἵν,</span> <span class='ocrx_word' id='word_1_657' title='bbox 564 321 618 360; x_wconf 83' lang='grc' dir='ltr'>ὅτι</span> <span class='ocrx_word' id='word_1_658' title='bbox 633 322 674 359; x_wconf 79' lang='grc' dir='ltr'>τὸ</span> <span class='ocrx_word' id='word_1_659' title='bbox 692 318 741 372; x_wconf 88' lang='grc' dir='ltr'>μὴ</span> <span class='ocrx_word' id='word_1_660' title='bbox 756 319 793 358; x_wconf 83' lang='grc' dir='ltr'>ὂν</span> <span class='ocrx_word' id='word_1_661' title='bbox 810 319 848 358; x_wconf 76' lang='grc' dir='ltr'>οὗ</span> <span class='ocrx_word' id='word_1_662' title='bbox 860 323 1021 366; x_wconf 85' lang='grc' dir='ltr'>κινεῖται,</span> <span class='ocrx_word' id='word_1_663' title='bbox 1035 315 1118 359; x_wconf 78' lang='grc' dir='ltr'>ἴσως</span> <span class='ocrx_word' id='word_1_664' title='bbox 1138 313 1267 364; x_wconf 82' lang='grc' dir='ltr'>ὁμοίως</span> <span class='ocrx_word' id='word_1_665' title='bbox 1282 317 1351 356; x_wconf 89' lang='grc' dir='ltr'>τοῖς</span> <span class='ocrx_word' id='word_1_666' title='bbox 1414 310 1590 364; x_wconf 76' lang='grc' dir='ltr'>λέγονται.</span> <span class='ocrx_word' id='word_1_667' title='bbox 1649 310 1702 350; x_wconf 82' lang='grc' dir='ltr'>Τὸ</span> <span class='ocrx_word' id='word_1_668' title='bbox 1722 308 1785 360; x_wconf 77' lang='grc' dir='ltr'>μὲν</span> <span class='ocrx_word' id='word_1_669' title='bbox 1802 303 1861 349; x_wconf 68' lang='grc' dir='ltr'>οὗν</span> <span class='ocrx_word' id='word_1_670' title='bbox 1878 309 1928 361; x_wconf 79' lang='grc' dir='ltr'>μή</span> <span class='ocrx_word' id='word_1_671' title='bbox 1949 310 2120 350; x_wconf 81' lang='grc' dir='ltr'>κινεῖσθαι</span> <span class='ocrx_word' id='word_1_672' title='bbox 2132 310 2256 358; x_wconf 64' lang='grc' dir='ltr'>ἀληθὲς</span> <span class='ocrx_word' id='word_1_673' title='bbox 2273 311 2331 351; x_wconf 63' lang='lat' dir='ltr'>tui</span> <span class='ocrx_word' id='word_1_674' title='bbox 2345 313 2405 352; x_wconf 75' lang='grc' dir='ltr'>τοῦ</span> <span class='ocrx_word' id='word_1_675' title='bbox 2421 309 2473 364; x_wconf 71' lang='grc' dir='ltr'>μὴ</span> <span class='ocrx_word' id='word_1_676' title='bbox 2530 352 2533 354; x_wconf 78' lang='grc'>,</span> 
     </span>
     <span class='ocr_line' id='line_1_69' title="bbox 303 367 2576 437; baseline -0.007 -13"><span class='ocrx_word' id='word_1_677' title='bbox 303 386 496 437; x_wconf 78' lang='grc' dir='ltr'>ἔμπροσθεν</span> <span class='ocrx_word' id='word_1_678' title='bbox 517 381 662 421; x_wconf 77' lang='grc' dir='ltr'>ἄτοπον.</span> <span class='ocrx_word' id='word_1_679' title='bbox 723 380 795 420; x_wconf 77' lang='grc' dir='ltr'>Καὶ</span> <span class='ocrx_word' id='word_1_680' title='bbox 819 379 871 417; x_wconf 86' lang='grc' dir='ltr'>δεῖ</span> <span class='ocrx_word' id='word_1_681' title='bbox 892 375 960 430; x_wconf 83' lang='grc' dir='ltr'>ἄρα</span> <span class='ocrx_word' id='word_1_682' title='bbox 980 391 1018 428; x_wconf 86' lang='grc' dir='ltr'>γε</span> <span class='ocrx_word' id='word_1_683' title='bbox 1054 375 1092 414; x_wconf 78' lang='grc' dir='ltr'>οὗ</span> <span class='ocrx_word' id='word_1_684' title='bbox 1118 370 1226 413; x_wconf 76' lang='grc' dir='ltr'>ταύτό</span> <span class='ocrx_word' id='word_1_685' title='bbox 1241 402 1250 419; x_wconf 91' lang='grc'>,</span> <span class='ocrx_word' id='word_1_686' title='bbox 1271 370 1290 410; x_wconf 88' lang='grc' dir='ltr'>ὃ</span> <span class='ocrx_word' id='word_1_687' title='bbox 1310 370 1351 409; x_wconf 82' lang='grc' dir='ltr'>ἄν</span> <span class='ocrx_word' id='word_1_688' title='bbox 1415 370 1529 417; x_wconf 82' lang='grc' dir='ltr'>ὄντος,</span> <span class='ocrx_word' id='word_1_689' title='bbox 1551 368 1591 408; x_wconf 86' lang='grc' dir='ltr'>τὸ</span> <span class='ocrx_word' id='word_1_690' title='bbox 1612 367 1648 408; x_wconf 78' lang='grc' dir='ltr'>δὲ</span> <span class='ocrx_word' id='word_1_691' title='bbox 1663 370 1806 422; x_wconf 84' lang='grc' dir='ltr'>ἠρεμεῖν</span> <span class='ocrx_word' id='word_1_692' title='bbox 1827 369 1894 423; x_wconf 80' lang='grc' dir='ltr'>οὐχ</span> <span class='ocrx_word' id='word_1_693' title='bbox 1914 368 2070 423; x_wconf 76' lang='grc' dir='ltr'>ὑπάρχει</span> <span class='ocrx_word' id='word_1_694' title='bbox 2087 372 2138 424; x_wconf 79' lang='grc' dir='ltr'>τῷ</span> <span class='ocrx_word' id='word_1_695' title='bbox 2158 368 2209 421; x_wconf 83' lang='grc' dir='ltr'>μὴ</span> <span class='ocrx_word' id='word_1_696' title='bbox 2235 370 2324 420; x_wconf 83' lang='grc' dir='ltr'>ὄντι,</span> <span class='ocrx_word' id='word_1_697' title='bbox 2345 370 2475 424; x_wconf 76' lang='grc' dir='ltr'>ὁμοίως</span> <span class='ocrx_word' id='word_1_698' title='bbox 2529 386 2535 426; x_wconf 66' lang='lat' dir='ltr'><em>j</em></span> <span class='ocrx_word' id='word_1_699' title='bbox 2574 371 2576 376; x_wconf 53' lang='lat'>‘</span> 
     </span>
    </p>
   </div>
   <div class='ocr_carea' id='block_1_10' title="bbox 1417 423 2549 779">
    <p class='ocr_par' dir='ltr' id='par_1_11' title="bbox 1417 423 2549 779">
     <span class='ocr_line' id='line_1_70' title="bbox 1418 423 2534 480; baseline 0.004 -12"><span class='ocrx_word' id='word_1_700' title='bbox 1418 429 1453 469; x_wconf 76' lang='grc' dir='ltr'>δὲ</span> <span class='ocrx_word' id='word_1_701' title='bbox 1469 427 1546 468; x_wconf 75' lang='grc' dir='ltr'>οὐδὲ</span> <span class='ocrx_word' id='word_1_702' title='bbox 1565 427 1730 475; x_wconf 85' lang='grc' dir='ltr'>ἀκίνητον</span> <span class='ocrx_word' id='word_1_703' title='bbox 1750 423 1861 477; x_wconf 74' lang='grc' dir='ltr'>εἶναι,</span> <span class='ocrx_word' id='word_1_704' title='bbox 1884 428 1903 468; x_wconf 84' lang='grc' dir='ltr'>ὃ</span> <span class='ocrx_word' id='word_1_705' title='bbox 1922 429 2090 480; x_wconf 76' lang='grc' dir='ltr'>σημαίνει</span> <span class='ocrx_word' id='word_1_706' title='bbox 2104 429 2236 470; x_wconf 81' lang='grc' dir='ltr'>ταύτόν</span> <span class='ocrx_word' id='word_1_707' title='bbox 2248 445 2258 455; x_wconf 90' lang='grc'><em>·</em></span> <span class='ocrx_word' id='word_1_708' title='bbox 2282 430 2361 471; x_wconf 77' lang='grc' dir='ltr'>ἀλλ’</span> <span class='ocrx_word' id='word_1_709' title='bbox 2379 424 2478 476; x_wconf 65' lang='grc' dir='ltr'>οὗτος</span> <span class='ocrx_word' id='word_1_710' title='bbox 2531 470 2534 472; x_wconf 72' lang='grc'>,</span> 
     </span>
     <span class='ocr_line' id='line_1_71' title="bbox 1417 487 2540 545; baseline 0.003 -18"><span class='ocrx_word' id='word_1_711' title='bbox 1417 487 1476 527; x_wconf 85' lang='grc' dir='ltr'>ἐπὶ</span> <span class='ocrx_word' id='word_1_712' title='bbox 1496 489 1546 541; x_wconf 87' lang='grc' dir='ltr'>τῷ</span> <span class='ocrx_word' id='word_1_713' title='bbox 1565 489 1710 542; x_wconf 81' lang='grc' dir='ltr'>ἠρεμεῖν</span> <span class='ocrx_word' id='word_1_714' title='bbox 1730 489 1826 542; x_wconf 80' lang='grc' dir='ltr'>αὐτῷ</span> <span class='ocrx_word' id='word_1_715' title='bbox 1844 490 1998 542; x_wconf 76' lang='grc' dir='ltr'>χρῆται,</span> <span class='ocrx_word' id='word_1_716' title='bbox 2028 488 2092 528; x_wconf 87' lang='grc' dir='ltr'>καί</span> <span class='ocrx_word' id='word_1_717' title='bbox 2110 504 2197 543; x_wconf 85' lang='grc' dir='ltr'>φησι</span> <span class='ocrx_word' id='word_1_718' title='bbox 2215 489 2255 530; x_wconf 81' lang='grc' dir='ltr'>τὸ</span> <span class='ocrx_word' id='word_1_719' title='bbox 2275 489 2325 541; x_wconf 85' lang='grc' dir='ltr'>μὴ</span> <span class='ocrx_word' id='word_1_720' title='bbox 2341 488 2379 531; x_wconf 81' lang='grc' dir='ltr'>ὃν</span> <span class='ocrx_word' id='word_1_721' title='bbox 2396 492 2480 545; x_wconf 77' lang='grc' dir='ltr'>ἦρι·</span> <span class='ocrx_word' id='word_1_722' title='bbox 2537 516 2540 517; x_wconf 34' lang='lat'><em>⁷</em></span> 
     </span>
     <span class='ocr_line' id='line_1_72' title="bbox 1421 545 2483 602; baseline 0.005 -18"><span class='ocrx_word' id='word_1_723' title='bbox 1421 549 1516 598; x_wconf 78' lang='grc' dir='ltr'>μεῖν,</span> <span class='ocrx_word' id='word_1_724' title='bbox 1537 546 1592 585; x_wconf 79' lang='grc' dir='ltr'>ὅτι</span> <span class='ocrx_word' id='word_1_725' title='bbox 1606 548 1670 585; x_wconf 85' lang='grc' dir='ltr'>οὐκ</span> <span class='ocrx_word' id='word_1_726' title='bbox 1685 545 1764 600; x_wconf 78' lang='grc' dir='ltr'>ἔχει</span> <span class='ocrx_word' id='word_1_727' title='bbox 1789 546 1998 599; x_wconf 76' lang='grc' dir='ltr'>μετάὸασιν.</span> <span class='ocrx_word' id='word_1_728' title='bbox 2055 547 2148 589; x_wconf 75' lang='grc' dir='ltr'>Ἀλλ’</span> <span class='ocrx_word' id='word_1_729' title='bbox 2166 547 2254 602; x_wconf 74' lang='grc' dir='ltr'>ὅπερ</span> <span class='ocrx_word' id='word_1_730' title='bbox 2274 547 2335 588; x_wconf 78' lang='grc' dir='ltr'>καὶ</span> <span class='ocrx_word' id='word_1_731' title='bbox 2358 550 2394 589; x_wconf 72' lang='grc' dir='ltr'>ἰν</span> <span class='ocrx_word' id='word_1_732' title='bbox 2409 552 2483 594; x_wconf 78' lang='grc' dir='ltr'>τοῖς</span> 
     </span>
     <span class='ocr_line' id='line_1_73' title="bbox 1420 603 2536 661; baseline 0.004 -17"><span class='ocrx_word' id='word_1_733' title='bbox 1420 606 1494 644; x_wconf 89' lang='grc' dir='ltr'>ἄνω</span> <span class='ocrx_word' id='word_1_734' title='bbox 1509 603 1668 656; x_wconf 81' lang='grc' dir='ltr'>εἴπομεν,</span> <span class='ocrx_word' id='word_1_735' title='bbox 1687 604 1819 645; x_wconf 80' lang='grc' dir='ltr'>ἄτοπον</span> <span class='ocrx_word' id='word_1_736' title='bbox 1834 603 1933 656; x_wconf 80' lang='grc' dir='ltr'>ἴσως,</span> <span class='ocrx_word' id='word_1_737' title='bbox 1953 605 2034 645; x_wconf 82' lang='grc' dir='ltr'>εἴτι</span> <span class='ocrx_word' id='word_1_738' title='bbox 2050 609 2100 661; x_wconf 78' lang='grc' dir='ltr'>τῷ</span> <span class='ocrx_word' id='word_1_739' title='bbox 2121 606 2171 659; x_wconf 80' lang='grc' dir='ltr'>μὴ</span> <span class='ocrx_word' id='word_1_740' title='bbox 2185 607 2258 647; x_wconf 80' lang='grc' dir='ltr'>ὄντι</span> <span class='ocrx_word' id='word_1_741' title='bbox 2276 606 2483 661; x_wconf 75' lang='grc' dir='ltr'>προσάπτο-</span> <span class='ocrx_word' id='word_1_742' title='bbox 2535 631 2536 634; x_wconf 41' lang='lat'>¹</span> 
     </span>
     <span class='ocr_line' id='line_1_74' title="bbox 1422 657 2546 716; baseline 0.004 -13"><span class='ocrx_word' id='word_1_743' title='bbox 1422 681 1500 716; x_wconf 79' lang='grc' dir='ltr'>μιν,</span> <span class='ocrx_word' id='word_1_744' title='bbox 1514 668 1615 703; x_wconf 77' lang='grc' dir='ltr'>τοῦτο</span> <span class='ocrx_word' id='word_1_745' title='bbox 1631 662 1681 715; x_wconf 87' lang='grc' dir='ltr'>μὴ</span> <span class='ocrx_word' id='word_1_746' title='bbox 1698 662 1822 712; x_wconf 73' lang='grc' dir='ltr'>ἀληθὲς</span> <span class='ocrx_word' id='word_1_747' title='bbox 1838 657 1925 703; x_wconf 75' lang='grc' dir='ltr'>εἶναι</span> <span class='ocrx_word' id='word_1_748' title='bbox 1944 663 2037 705; x_wconf 69' lang='grc' dir='ltr'>κατὰ</span> <span class='ocrx_word' id='word_1_749' title='bbox 2051 668 2112 704; x_wconf 76' lang='grc' dir='ltr'>τοῦ</span> <span class='ocrx_word' id='word_1_750' title='bbox 2123 666 2220 712; x_wconf 82' lang='grc' dir='ltr'>ὄντος</span> <span class='ocrx_word' id='word_1_751' title='bbox 2231 667 2354 712; x_wconf 76' lang='grc' dir='ltr'>εἰπεῖν,</span> <span class='ocrx_word' id='word_1_752' title='bbox 2369 666 2486 712; x_wconf 78' lang='grc' dir='ltr'>ἄλλως</span> <span class='ocrx_word' id='word_1_753' title='bbox 2543 706 2546 711; x_wconf 89' lang='grc'>,</span> 
     </span>
     <span class='ocr_line' id='line_1_75' title="bbox 1421 717 2549 779; baseline 0.004 -16"><span class='ocrx_word' id='word_1_754' title='bbox 1421 740 1459 763; x_wconf 87' lang='grc' dir='ltr'>τε</span> <span class='ocrx_word' id='word_1_755' title='bbox 1479 723 1546 763; x_wconf 79' lang='grc' dir='ltr'>κᾶν</span> <span class='ocrx_word' id='word_1_756' title='bbox 1564 723 1742 776; x_wconf 66' lang='grc' dir='ltr'>ἀπόφασις</span> <span class='ocrx_word' id='word_1_757' title='bbox 1761 717 1783 774; x_wconf 72' lang='grc' dir='ltr'>ἧ</span> <span class='ocrx_word' id='word_1_758' title='bbox 1802 722 1841 762; x_wconf 86' lang='grc' dir='ltr'>τὸ</span> <span class='ocrx_word' id='word_1_759' title='bbox 1859 724 1998 777; x_wconf 82' lang='grc' dir='ltr'>λεχθέν,</span> <span class='ocrx_word' id='word_1_760' title='bbox 2018 724 2075 765; x_wconf 79' lang='grc' dir='ltr'>οἵα</span> <span class='ocrx_word' id='word_1_761' title='bbox 2100 725 2162 765; x_wconf 78' lang='grc' dir='ltr'>καὶ</span> <span class='ocrx_word' id='word_1_762' title='bbox 2179 725 2220 765; x_wconf 80' lang='grc' dir='ltr'>τὸ</span> <span class='ocrx_word' id='word_1_763' title='bbox 2236 725 2287 779; x_wconf 76' lang='grc' dir='ltr'>μὴ</span> <span class='ocrx_word' id='word_1_764' title='bbox 2309 729 2484 767; x_wconf 74' lang='grc' dir='ltr'>κινεῖσθαι</span> <span class='ocrx_word' id='word_1_765' title='bbox 2528 723 2549 774; x_wconf 44' lang='grc' dir='ltr'><em>ἦ</em></span> 
     </span>
    </p>
   </div>
   <div class='ocr_carea' id='block_1_11' title="bbox 1424 854 2487 899">
    <p class='ocr_par' dir='ltr' id='par_1_12' title="bbox 1424 854 2487 899">
     <span class='ocr_line' id='line_1_76' title="bbox 1424 854 2487 899; baseline 0.001 -11"><span class='ocrx_word' id='word_1_766' title='bbox 1424 855 1652 896; x_wconf 77' lang='lat' dir='ltr'><strong>attribuimus,</strong></span> <span class='ocrx_word' id='word_1_767' title='bbox 1670 854 1699 886; x_wconf 87' lang='lat' dir='ltr'>id</span> <span class='ocrx_word' id='word_1_768' title='bbox 1718 854 1758 887; x_wconf 87' lang='lat' dir='ltr'>de</span> <span class='ocrx_word' id='word_1_769' title='bbox 1774 855 1847 887; x_wconf 90' lang='lat' dir='ltr'><strong>ente</strong></span> <span class='ocrx_word' id='word_1_770' title='bbox 1865 863 1929 887; x_wconf 87' lang='lat' dir='ltr'>non</span> <span class='ocrx_word' id='word_1_771' title='bbox 1959 863 2030 888; x_wconf 83' lang='lat' dir='ltr'><strong>esse</strong></span> <span class='ocrx_word' id='word_1_772' title='bbox 2046 864 2159 888; x_wconf 87' lang='lat' dir='ltr'><strong>verum</strong></span> <span class='ocrx_word' id='word_1_773' title='bbox 2187 855 2384 897; x_wconf 82' lang='lat' dir='ltr'><strong>dixerimus,</strong></span> <span class='ocrx_word' id='word_1_774' title='bbox 2401 865 2487 899; x_wconf 69' lang='lat' dir='ltr'><strong>prm-</strong></span> 
     </span>
    </p>
   </div>
   <div class='ocr_carea' id='block_1_12' title="bbox 1423 902 2552 992">
    <p class='ocr_par' dir='ltr' id='par_1_13' title="bbox 1423 902 2552 992">
     <span class='ocr_line' id='line_1_77' title="bbox 1423 902 2552 944; baseline 0.002 -8"><span class='ocrx_word' id='word_1_775' title='bbox 1423 903 1535 936; x_wconf 85' lang='lat' dir='ltr'><strong>sertim</strong></span> <span class='ocrx_word' id='word_1_776' title='bbox 1553 903 1579 936; x_wconf 84' lang='lat' dir='ltr'>si</span> <span class='ocrx_word' id='word_1_777' title='bbox 1599 902 1724 944; x_wconf 84' lang='lat' dir='ltr'><strong>negatio</strong></span> <span class='ocrx_word' id='word_1_778' title='bbox 1742 903 1854 942; x_wconf 83' lang='lat' dir='ltr'><strong>suerit,</strong></span> <span class='ocrx_word' id='word_1_779' title='bbox 1872 902 2054 943; x_wconf 81' lang='lat' dir='ltr'><strong>cujusmodi</strong></span> <span class='ocrx_word' id='word_1_780' title='bbox 2071 906 2120 936; x_wconf 84' lang='lat' dir='ltr'>est</span> <span class='ocrx_word' id='word_1_781' title='bbox 2140 912 2205 936; x_wconf 89' lang='lat' dir='ltr'>non</span> <span class='ocrx_word' id='word_1_782' title='bbox 2222 904 2346 937; x_wconf 82' lang='lat' dir='ltr'><strong>moveri</strong></span> <span class='ocrx_word' id='word_1_783' title='bbox 2366 906 2400 938; x_wconf 77' lang='lat' dir='ltr'>et</span> <span class='ocrx_word' id='word_1_784' title='bbox 2422 912 2487 938; x_wconf 86' lang='grc'><strong>11011</strong></span> <span class='ocrx_word' id='word_1_785' title='bbox 2549 915 2552 916; x_wconf 48' lang='lat'><em>⁷</em></span> 
     </span>
     <span class='ocr_line' id='line_1_78' title="bbox 1424 948 2489 992; baseline 0.001 -8"><span class='ocrx_word' id='word_1_786' title='bbox 1424 952 1573 986; x_wconf 77' lang='lat' dir='ltr'><strong>transire.</strong></span> <span class='ocrx_word' id='word_1_787' title='bbox 1601 951 1704 984; x_wconf 85' lang='lat' dir='ltr'><strong>Multa</strong></span> <span class='ocrx_word' id='word_1_788' title='bbox 1731 950 1841 991; x_wconf 87' lang='lat' dir='ltr'><strong>enim,</strong></span> <span class='ocrx_word' id='word_1_789' title='bbox 1866 952 1903 983; x_wconf 89' lang='lat' dir='ltr'>ut</span> <span class='ocrx_word' id='word_1_790' title='bbox 1924 950 2024 983; x_wconf 89' lang='lat' dir='ltr'><strong>etiam</strong></span> <span class='ocrx_word' id='word_1_791' title='bbox 2052 949 2175 983; x_wconf 86' lang='lat' dir='ltr'><strong>dictum</strong></span> <span class='ocrx_word' id='word_1_792' title='bbox 2196 952 2267 992; x_wconf 80' lang='lat' dir='ltr'><strong>est,</strong></span> <span class='ocrx_word' id='word_1_793' title='bbox 2295 949 2337 984; x_wconf 83' lang='lat' dir='ltr'>de</span> <span class='ocrx_word' id='word_1_794' title='bbox 2357 948 2489 985; x_wconf 74' lang='lat' dir='ltr'><strong>entibus</strong></span> 
     </span>
    </p>
   </div>
   <div class='ocr_carea' id='block_1_13' title="bbox 1424 997 2488 1040">
    <p class='ocr_par' dir='ltr' id='par_1_14' title="bbox 1424 997 2488 1040">
     <span class='ocr_line' id='line_1_79' title="bbox 1424 997 2488 1040; baseline -0.001 -7"><span class='ocrx_word' id='word_1_795' title='bbox 1424 1000 1519 1033; x_wconf 79' lang='lat' dir='ltr'><strong>simili</strong></span> <span class='ocrx_word' id='word_1_796' title='bbox 1537 999 1634 1032; x_wconf 89' lang='lat' dir='ltr'><strong>modo</strong></span> <span class='ocrx_word' id='word_1_797' title='bbox 1653 999 1807 1032; x_wconf 87' lang='lat' dir='ltr'><strong>dicuntur</strong></span> <span class='ocrx_word' id='word_1_798' title='bbox 1829 1012 1837 1031; x_wconf 79' lang='grc' dir='ltr'>ι</span> <span class='ocrx_word' id='word_1_799' title='bbox 1857 997 1977 1040; x_wconf 84' lang='lat' dir='ltr'><strong>alioqui</strong></span> <span class='ocrx_word' id='word_1_800' title='bbox 1998 1005 2111 1031; x_wconf 87' lang='lat' dir='ltr'><strong>verum</strong></span> <span class='ocrx_word' id='word_1_801' title='bbox 2131 1005 2197 1030; x_wconf 84' lang='lat' dir='ltr'>uon</span> <span class='ocrx_word' id='word_1_802' title='bbox 2214 998 2318 1040; x_wconf 78' lang='lat' dir='ltr'><strong>esset,</strong></span> <span class='ocrx_word' id='word_1_803' title='bbox 2339 997 2366 1032; x_wconf 80' lang='lat' dir='ltr'><strong>sl</strong></span> <span class='ocrx_word' id='word_1_804' title='bbox 2383 997 2488 1032; x_wconf 78' lang='lat' dir='ltr'><strong>multa</strong></span> 
     </span>
    </p>
   </div>
   <div class='ocr_carea' id='block_1_14' title="bbox 1424 1045 2553 1136">
    <p class='ocr_par' dir='ltr' id='par_1_15' title="bbox 1424 1045 2556 1136">
     <span class='ocr_line' id='line_1_80' title="bbox 1424 1045 2551 1089; baseline -0.001 -8"><span class='ocrx_word' id='word_1_805' title='bbox 1424 1057 1492 1081; x_wconf 79' lang='lat' dir='ltr'><strong>esse</strong></span> <span class='ocrx_word' id='word_1_806' title='bbox 1510 1057 1573 1080; x_wconf 90' lang='lat' dir='ltr'>non</span> <span class='ocrx_word' id='word_1_807' title='bbox 1594 1056 1696 1079; x_wconf 90' lang='lat' dir='ltr'><strong>unum</strong></span> <span class='ocrx_word' id='word_1_808' title='bbox 1714 1046 1912 1087; x_wconf 83' lang='lat' dir='ltr'><strong>diceremus,</strong></span> <span class='ocrx_word' id='word_1_809' title='bbox 1934 1054 1973 1078; x_wconf 88' lang='lat' dir='ltr'>eo</span> <span class='ocrx_word' id='word_1_810' title='bbox 1992 1045 2080 1088; x_wconf 89' lang='lat' dir='ltr'><strong>quod</strong></span> <span class='ocrx_word' id='word_1_811' title='bbox 2098 1054 2162 1078; x_wconf 91' lang='lat' dir='ltr'>non</span> <span class='ocrx_word' id='word_1_812' title='bbox 2191 1053 2249 1079; x_wconf 85' lang='lat' dir='ltr'>ens</span> <span class='ocrx_word' id='word_1_813' title='bbox 2275 1054 2404 1089; x_wconf 85' lang='lat' dir='ltr'><strong>quoque</strong></span> <span class='ocrx_word' id='word_1_814' title='bbox 2421 1054 2487 1080; x_wconf 88' lang='grc'><strong>0011</strong></span> <span class='ocrx_word' id='word_1_815' title='bbox 2550 1062 2551 1066; x_wconf 62' lang='lat'><em>=</em></span> 
     </span>
     <span class='ocr_line' id='line_1_81' title="bbox 1426 1092 2553 1136; baseline 0 -8"><span class='ocrx_word' id='word_1_816' title='bbox 1426 1104 1528 1128; x_wconf 93' lang='lat' dir='ltr'><strong>unum</strong></span> <span class='ocrx_word' id='word_1_817' title='bbox 1557 1097 1616 1129; x_wconf 89' lang='lat' dir='ltr'><strong>est.</strong></span> <span class='ocrx_word' id='word_1_818' title='bbox 1635 1097 1672 1128; x_wconf 85' lang='lat' dir='ltr'><strong>ln</strong></span> <span class='ocrx_word' id='word_1_819' title='bbox 1692 1094 1888 1136; x_wconf 89' lang='lat' dir='ltr'><strong>quibusdam</strong></span> <span class='ocrx_word' id='word_1_820' title='bbox 1912 1102 1991 1126; x_wconf 87' lang='lat' dir='ltr'><strong>vero</strong></span> <span class='ocrx_word' id='word_1_821' title='bbox 2010 1092 2171 1127; x_wconf 85' lang='lat' dir='ltr'><strong>contraria</strong></span> <span class='ocrx_word' id='word_1_822' title='bbox 2197 1092 2350 1127; x_wconf 79' lang='lat' dir='ltr'><strong>videntur</strong></span> <span class='ocrx_word' id='word_1_823' title='bbox 2367 1101 2488 1128; x_wconf 79' lang='lat' dir='ltr'><strong>couve-</strong></span> <span class='ocrx_word' id='word_1_824' title='bbox 2550 1127 2553 1131; x_wconf 16' lang='grc' dir='ltr'><strong>Α</strong></span> 
     </span>
    </p>
   </div>
   <div class='ocr_carea' id='block_1_15' title="bbox 1425 1140 2488 1183">
    <p class='ocr_par' dir='ltr' id='par_1_16' title="bbox 1425 1140 2488 1183">
     <span class='ocr_line' id='line_1_82' title="bbox 1425 1140 2488 1183; baseline -0.002 -7"><span class='ocrx_word' id='word_1_825' title='bbox 1425 1143 1512 1182; x_wconf 86' lang='lat' dir='ltr'><strong>nire,</strong></span> <span class='ocrx_word' id='word_1_826' title='bbox 1534 1152 1608 1176; x_wconf 88' lang='lat' dir='ltr'>cum</span> <span class='ocrx_word' id='word_1_827' title='bbox 1627 1152 1664 1176; x_wconf 87' lang='lat' dir='ltr'>ex</span> <span class='ocrx_word' id='word_1_828' title='bbox 1685 1141 1909 1183; x_wconf 81' lang='lat' dir='ltr'><strong>negationibus</strong></span> <span class='ocrx_word' id='word_1_829' title='bbox 1932 1140 2064 1173; x_wconf 89' lang='lat' dir='ltr'><strong>minime</strong></span> <span class='ocrx_word' id='word_1_830' title='bbox 2085 1140 2262 1183; x_wconf 85' lang='lat' dir='ltr'><strong>loquimur.</strong></span> <span class='ocrx_word' id='word_1_831' title='bbox 2286 1141 2426 1174; x_wconf 71' lang='lat' dir='ltr'><strong>Necesse</strong></span> <span class='ocrx_word' id='word_1_832' title='bbox 2442 1140 2488 1174; x_wconf 67' lang='lat' dir='ltr'>d·</span> 
     </span>
    </p>
   </div>
   <div class='ocr_carea' id='block_1_16' title="bbox 1425 1186 2554 1279">
    <p class='ocr_par' dir='ltr' id='par_1_17' title="bbox 1425 1186 2559 1279">
     <span class='ocr_line' id='line_1_83' title="bbox 1425 1186 2554 1232; baseline 0 -10"><span class='ocrx_word' id='word_1_833' title='bbox 1425 1191 1555 1232; x_wconf 76' lang='lat' dir='ltr'><strong>quidem</strong></span> <span class='ocrx_word' id='word_1_834' title='bbox 1570 1191 1631 1230; x_wconf 85' lang='lat' dir='ltr'><strong>est,</strong></span> <span class='ocrx_word' id='word_1_835' title='bbox 1646 1189 1772 1232; x_wconf 71' lang='lat' dir='ltr'><strong>mqnate</strong></span> <span class='ocrx_word' id='word_1_836' title='bbox 1788 1189 1837 1221; x_wconf 90' lang='lat' dir='ltr'>vel</span> <span class='ocrx_word' id='word_1_837' title='bbox 1855 1188 2012 1230; x_wconf 71' lang='lat' dir='ltr'><strong>inaequale</strong></span> <span class='ocrx_word' id='word_1_838' title='bbox 2025 1196 2095 1221; x_wconf 83' lang='lat' dir='ltr'><strong>esse</strong></span> <span class='ocrx_word' id='word_1_839' title='bbox 2107 1186 2266 1230; x_wconf 85' lang='lat' dir='ltr'><strong>quidquid</strong></span> <span class='ocrx_word' id='word_1_840' title='bbox 2280 1187 2490 1222; x_wconf 80' lang='lat' dir='ltr'><strong>multitudine</strong></span> <span class='ocrx_word' id='word_1_841' title='bbox 2552 1207 2554 1209; x_wconf 97' lang='grc'>-</span> 
     </span>
     <span class='ocr_line' id='line_1_84' title="bbox 1425 1234 2552 1279; baseline -0.003 -8"><span class='ocrx_word' id='word_1_842' title='bbox 1425 1241 1458 1270; x_wconf 83' lang='grc'>01</span> <span class='ocrx_word' id='word_1_843' title='bbox 1477 1237 1698 1279; x_wconf 78' lang='lat' dir='ltr'><strong>magnitudine</strong></span> <span class='ocrx_word' id='word_1_844' title='bbox 1722 1239 1850 1269; x_wconf 88' lang='lat' dir='ltr'><strong>constat</strong></span> <span class='ocrx_word' id='word_1_845' title='bbox 1869 1248 1877 1268; x_wconf 72' lang='grc' dir='ltr'>ι</span> <span class='ocrx_word' id='word_1_846' title='bbox 1899 1244 1956 1276; x_wconf 88' lang='lat' dir='ltr'>par</span> <span class='ocrx_word' id='word_1_847' title='bbox 1973 1235 2052 1268; x_wconf 85' lang='lat' dir='ltr'><strong>item</strong></span> <span class='ocrx_word' id='word_1_848' title='bbox 2073 1234 2124 1267; x_wconf 87' lang='lat' dir='ltr'>vel</span> <span class='ocrx_word' id='word_1_849' title='bbox 2147 1234 2266 1277; x_wconf 80' lang='lat' dir='ltr'><strong>impar,</strong></span> <span class='ocrx_word' id='word_1_850' title='bbox 2280 1234 2308 1267; x_wconf 77' lang='lat' dir='ltr'>si</span> <span class='ocrx_word' id='word_1_851' title='bbox 2335 1242 2491 1268; x_wconf 75' lang='lat' dir='ltr'><strong>numerus</strong></span> <span class='ocrx_word' id='word_1_852' title='bbox 2549 1259 2552 1260; x_wconf 17' lang='grc' dir='ltr'><strong>γ</strong></span> 
     </span>
    </p>
   </div>
   <div class='ocr_carea' id='block_1_17' title="bbox 1425 1277 2490 1325">
    <p class='ocr_par' dir='ltr' id='par_1_18' title="bbox 1425 1277 2490 1325">
     <span class='ocr_line' id='line_1_85' title="bbox 1425 1277 2490 1325; baseline -0.005 -7"><span class='ocrx_word' id='word_1_853' title='bbox 1425 1286 1485 1324; x_wconf 88' lang='lat' dir='ltr'><strong>sit,</strong></span> <span class='ocrx_word' id='word_1_854' title='bbox 1504 1286 1618 1318; x_wconf 85' lang='lat' dir='ltr'><strong>eodem</strong></span> <span class='ocrx_word' id='word_1_855' title='bbox 1649 1284 1746 1318; x_wconf 90' lang='lat' dir='ltr'><strong>modo</strong></span> <span class='ocrx_word' id='word_1_856' title='bbox 1773 1283 1898 1317; x_wconf 88' lang='lat' dir='ltr'><strong>moveri</strong></span> <span class='ocrx_word' id='word_1_857' title='bbox 1926 1283 1976 1316; x_wconf 80' lang='lat' dir='ltr'>vel</span> <span class='ocrx_word' id='word_1_858' title='bbox 2005 1277 2190 1325; x_wconf 73' lang='lat' dir='ltr'><strong>quiescere,</strong></span> <span class='ocrx_word' id='word_1_859' title='bbox 2207 1281 2233 1315; x_wconf 91' lang='lat' dir='ltr'>si</span> <span class='ocrx_word' id='word_1_860' title='bbox 2260 1282 2303 1316; x_wconf 86' lang='lat' dir='ltr'>sit</span> <span class='ocrx_word' id='word_1_861' title='bbox 2320 1291 2450 1325; x_wconf 84' lang='lat' dir='ltr'><strong>corpus.</strong></span> <span class='ocrx_word' id='word_1_862' title='bbox 2471 1295 2490 1312; x_wconf 68' lang='grc' dir='ltr'>ι</span> 
     </span>
    </p>
   </div>
   <div class='ocr_carea' id='block_1_18' title="bbox 1426 1329 2563 1422">
    <p class='ocr_par' dir='ltr' id='par_1_19' title="bbox 1426 1329 2563 1422">
     <span class='ocr_line' id='line_1_86' title="bbox 1426 1329 2555 1375; baseline -0.003 -9"><span class='ocrx_word' id='word_1_863' title='bbox 1426 1334 1526 1366; x_wconf 91' lang='lat' dir='ltr'><strong>Multa</strong></span> <span class='ocrx_word' id='word_1_864' title='bbox 1545 1334 1596 1366; x_wconf 90' lang='lat' dir='ltr'>bic</span> <span class='ocrx_word' id='word_1_865' title='bbox 1614 1331 1802 1373; x_wconf 79' lang='lat' dir='ltr'><strong>corrigenda</strong></span> <span class='ocrx_word' id='word_1_866' title='bbox 1824 1333 1911 1365; x_wconf 89' lang='lat' dir='ltr'><strong>sunt.</strong></span> <span class='ocrx_word' id='word_1_867' title='bbox 1933 1331 2078 1364; x_wconf 87' lang='lat' dir='ltr'><strong>Primum</strong></span> <span class='ocrx_word' id='word_1_868' title='bbox 2101 1339 2177 1364; x_wconf 89' lang='lat' dir='ltr'>cum</span> <span class='ocrx_word' id='word_1_869' title='bbox 2201 1329 2369 1364; x_wconf 82' lang='lat' dir='ltr'><strong>Brandisio</strong></span> <span class='ocrx_word' id='word_1_870' title='bbox 2383 1330 2491 1364; x_wconf 73' lang='lat' dir='ltr'><strong>scribo</strong></span> <span class='ocrx_word' id='word_1_871' title='bbox 2552 1354 2555 1375; x_wconf 68' lang='lat'><em>3</em></span> 
     </span>
     <span class='ocr_line' id='line_1_87' title="bbox 1426 1377 2563 1422; baseline 0 -9"><span class='ocrx_word' id='word_1_872' title='bbox 1426 1381 1497 1413; x_wconf 75' lang='grc' dir='ltr'>οὐδὲ</span> <span class='ocrx_word' id='word_1_873' title='bbox 1522 1381 1667 1420; x_wconf 74' lang='grc' dir='ltr'>ἀκίνητον</span> <span class='ocrx_word' id='word_1_874' title='bbox 1689 1381 1768 1413; x_wconf 82' lang='grc' dir='ltr'>εἶναι</span> <span class='ocrx_word' id='word_1_875' title='bbox 1787 1380 1804 1412; x_wconf 86' lang='grc' dir='ltr'>ὃ</span> <span class='ocrx_word' id='word_1_876' title='bbox 1822 1378 1967 1422; x_wconf 81' lang='grc' dir='ltr'>σημαίνει</span> <span class='ocrx_word' id='word_1_877' title='bbox 1984 1378 2109 1421; x_wconf 83' lang='grc' dir='ltr'>ταύτόν,</span> <span class='ocrx_word' id='word_1_878' title='bbox 2130 1377 2249 1412; x_wconf 79' lang='lat' dir='ltr'><strong>deinde</strong></span> <span class='ocrx_word' id='word_1_879' title='bbox 2276 1387 2335 1421; x_wconf 86' lang='lat' dir='ltr'>pro</span> <span class='ocrx_word' id='word_1_880' title='bbox 2361 1378 2439 1422; x_wconf 80' lang='grc' dir='ltr'>ὅπερ</span> <span class='ocrx_word' id='word_1_881' title='bbox 2457 1389 2492 1413; x_wconf 75' lang='grc' dir='ltr'>τε</span> <span class='ocrx_word' id='word_1_882' title='bbox 2561 1377 2563 1380; x_wconf 73' lang='grc'><strong>’</strong></span> 
     </span>
    </p>
   </div>
   <div class='ocr_carea' id='block_1_19' title="bbox 1426 1424 2545 3562">
    <p class='ocr_par' dir='ltr' id='par_1_20' title="bbox 1426 1424 2545 3562">
     <span class='ocr_line' id='line_1_88' title="bbox 1426 1424 2492 1469; baseline -0.002 -9"><span class='ocrx_word' id='word_1_883' title='bbox 1426 1430 1479 1461; x_wconf 87' lang='grc' dir='ltr'>καὶ</span> <span class='ocrx_word' id='word_1_884' title='bbox 1496 1429 1527 1461; x_wconf 83' lang='grc' dir='ltr'>ἐν</span> <span class='ocrx_word' id='word_1_885' title='bbox 1544 1432 1606 1466; x_wconf 87' lang='grc' dir='ltr'>τοῖς</span> <span class='ocrx_word' id='word_1_886' title='bbox 1623 1429 1688 1461; x_wconf 86' lang='grc' dir='ltr'>ἄνω</span> <span class='ocrx_word' id='word_1_887' title='bbox 1704 1428 1831 1469; x_wconf 77' lang='grc' dir='ltr'>εἴπομεν</span> <span class='ocrx_word' id='word_1_888' title='bbox 1854 1426 2040 1469; x_wconf 85' lang='lat' dir='ltr'><strong>ponendum</strong></span> <span class='ocrx_word' id='word_1_889' title='bbox 2061 1435 2178 1460; x_wconf 82' lang='lat' dir='ltr'><strong>censeo</strong></span> <span class='ocrx_word' id='word_1_890' title='bbox 2197 1424 2262 1459; x_wconf 61' lang='lat'>&amp;⁸12⁸</span> <span class='ocrx_word' id='word_1_891' title='bbox 2280 1426 2357 1469; x_wconf 71' lang='grc' dir='ltr'>ὅπερ</span> <span class='ocrx_word' id='word_1_892' title='bbox 2378 1427 2433 1459; x_wconf 78' lang='grc' dir='ltr'>καὶ</span> <span class='ocrx_word' id='word_1_893' title='bbox 2459 1427 2492 1460; x_wconf 74' lang='grc' dir='ltr'>ἐν</span> 
     </span>
     <span class='ocr_line' id='line_1_89' title="bbox 1426 1474 2492 1517; baseline -0.001 -9"><span class='ocrx_word' id='word_1_894' title='bbox 1426 1479 1490 1513; x_wconf 83' lang='grc' dir='ltr'>τοῖς</span> <span class='ocrx_word' id='word_1_895' title='bbox 1507 1477 1539 1508; x_wconf 83' lang='grc' dir='ltr'>ἀ.</span> <span class='ocrx_word' id='word_1_896' title='bbox 1554 1476 1594 1516; x_wconf 61' lang='lat' dir='ltr'>E„</span> <span class='ocrx_word' id='word_1_897' title='bbox 1610 1477 1681 1508; x_wconf 83' lang='lat' dir='ltr'>tum</span> <span class='ocrx_word' id='word_1_898' title='bbox 1697 1476 1778 1508; x_wconf 89' lang='lat' dir='ltr'><strong>inter</strong></span> <span class='ocrx_word' id='word_1_899' title='bbox 1793 1475 1900 1517; x_wconf 81' lang='grc' dir='ltr'>λεχθέν</span> <span class='ocrx_word' id='word_1_900' title='bbox 1917 1475 1949 1507; x_wconf 86' lang='lat' dir='ltr'>et</span> <span class='ocrx_word' id='word_1_901' title='bbox 1967 1475 2021 1507; x_wconf 87' lang='grc' dir='ltr'>καὶ</span> <span class='ocrx_word' id='word_1_902' title='bbox 2042 1475 2150 1507; x_wconf 91' lang='lat' dir='ltr'><strong>insero</strong></span> <span class='ocrx_word' id='word_1_903' title='bbox 2166 1474 2229 1507; x_wconf 78' lang='grc' dir='ltr'>οἵα.</span> <span class='ocrx_word' id='word_1_904' title='bbox 2255 1475 2330 1507; x_wconf 78' lang='lat' dir='ltr'>Mox</span> <span class='ocrx_word' id='word_1_905' title='bbox 2361 1483 2420 1516; x_wconf 85' lang='lat' dir='ltr'>pro</span> <span class='ocrx_word' id='word_1_906' title='bbox 2444 1485 2492 1507; x_wconf 76' lang='grc' dir='ltr'>κι-</span> 
     </span>
     <span class='ocr_line' id='line_1_90' title="bbox 1426 1521 2492 1566; baseline -0.001 -10"><span class='ocrx_word' id='word_1_907' title='bbox 1426 1526 1545 1557; x_wconf 75' lang='grc' dir='ltr'>νεῖσθαι</span> <span class='ocrx_word' id='word_1_908' title='bbox 1564 1524 1642 1565; x_wconf 80' lang='grc' dir='ltr'>μηδὲ</span> <span class='ocrx_word' id='word_1_909' title='bbox 1660 1523 1905 1566; x_wconf 76' lang='grc' dir='ltr'>μεταλαμὸάνειν</span> <span class='ocrx_word' id='word_1_910' title='bbox 1926 1523 2063 1555; x_wconf 74' lang='lat' dir='ltr'><strong>restituo</strong></span> <span class='ocrx_word' id='word_1_911' title='bbox 2081 1523 2233 1554; x_wconf 77' lang='grc' dir='ltr'>κινεῖσθαι</span> <span class='ocrx_word' id='word_1_912' title='bbox 2250 1521 2329 1563; x_wconf 71' lang='grc' dir='ltr'>μηδὲ</span> <span class='ocrx_word' id='word_1_913' title='bbox 2343 1521 2492 1564; x_wconf 72' lang='grc' dir='ltr'>μεταδαί-</span> 
     </span>
     <span class='ocr_line' id='line_1_91' title="bbox 1427 1569 2494 1613; baseline -0.003 -8"><span class='ocrx_word' id='word_1_914' title='bbox 1427 1584 1489 1605; x_wconf 91' lang='grc' dir='ltr'>νειν</span> <span class='ocrx_word' id='word_1_915' title='bbox 1520 1574 1601 1605; x_wconf 86' lang='lat' dir='ltr'>Nam</span> <span class='ocrx_word' id='word_1_916' title='bbox 1619 1571 1848 1613; x_wconf 77' lang='grc' dir='ltr'>μεταλαμόάνω</span> <span class='ocrx_word' id='word_1_917' title='bbox 1861 1572 1894 1603; x_wconf 83' lang='lat' dir='ltr'>et</span> <span class='ocrx_word' id='word_1_918' title='bbox 1908 1569 2087 1612; x_wconf 73' lang='grc' dir='ltr'>μεταδαίνω</span> <span class='ocrx_word' id='word_1_919' title='bbox 2101 1569 2194 1602; x_wconf 80' lang='lat' dir='ltr'><strong>facile</strong></span> <span class='ocrx_word' id='word_1_920' title='bbox 2207 1569 2384 1612; x_wconf 77' lang='lat' dir='ltr'><strong>permutari</strong></span> <span class='ocrx_word' id='word_1_921' title='bbox 2404 1570 2494 1611; x_wconf 75' lang='lat' dir='ltr'><strong>pote·</strong></span> 
     </span>
     <span class='ocr_line' id='line_1_92' title="bbox 1429 1616 2492 1661; baseline -0.002 -8"><span class='ocrx_word' id='word_1_922' title='bbox 1429 1624 1498 1653; x_wconf 83' lang='lat' dir='ltr'><strong>rant</strong></span> <span class='ocrx_word' id='word_1_923' title='bbox 1518 1629 1536 1652; x_wconf 89' lang='lat' dir='ltr'><strong>a</strong></span> <span class='ocrx_word' id='word_1_924' title='bbox 1553 1620 1685 1653; x_wconf 86' lang='lat' dir='ltr'><strong>librario</strong></span> <span class='ocrx_word' id='word_1_925' title='bbox 1706 1619 1823 1661; x_wconf 86' lang='lat' dir='ltr'><strong>raptim</strong></span> <span class='ocrx_word' id='word_1_926' title='bbox 1840 1618 2021 1659; x_wconf 79' lang='lat' dir='ltr'><strong>scribente,</strong></span> <span class='ocrx_word' id='word_1_927' title='bbox 2037 1618 2089 1650; x_wconf 88' lang='lat' dir='ltr'>cui</span> <span class='ocrx_word' id='word_1_928' title='bbox 2105 1617 2204 1650; x_wconf 85' lang='lat' dir='ltr'><strong>verba</strong></span> <span class='ocrx_word' id='word_1_929' title='bbox 2220 1616 2366 1659; x_wconf 83' lang='lat' dir='ltr'><strong>vulgaria</strong></span> <span class='ocrx_word' id='word_1_930' title='bbox 2377 1617 2492 1651; x_wconf 83' lang='lat' dir='ltr'><strong>obver-</strong></span> 
     </span>
     <span class='ocr_line' id='line_1_93' title="bbox 1429 1664 2493 1709; baseline 0 -9"><span class='ocrx_word' id='word_1_931' title='bbox 1429 1668 1597 1701; x_wconf 86' lang='lat' dir='ltr'><strong>sabantur.</strong></span> <span class='ocrx_word' id='word_1_932' title='bbox 1609 1667 1734 1708; x_wconf 84' lang='lat' dir='ltr'><strong>Quippe</strong></span> <span class='ocrx_word' id='word_1_933' title='bbox 1748 1666 1834 1708; x_wconf 83' lang='lat' dir='ltr'><strong>apud</strong></span> <span class='ocrx_word' id='word_1_934' title='bbox 1849 1665 2042 1699; x_wconf 84' lang='lat' dir='ltr'><strong>recentiores</strong></span> <span class='ocrx_word' id='word_1_935' title='bbox 2055 1666 2188 1699; x_wconf 84' lang='lat' dir='ltr'><strong>Graecos</strong></span> <span class='ocrx_word' id='word_1_936' title='bbox 2197 1664 2348 1708; x_wconf 63' lang='grc' dir='ltr'>λαμβάνω</span> <span class='ocrx_word' id='word_1_937' title='bbox 2360 1674 2380 1699; x_wconf 84' lang='lat' dir='ltr'><strong>a</strong></span> <span class='ocrx_word' id='word_1_938' title='bbox 2393 1666 2493 1709; x_wconf 81' lang='lat' dir='ltr'><strong>vulgo</strong></span> 
     </span>
     <span class='ocr_line' id='line_1_94' title="bbox 1430 1712 2494 1762; baseline -0.003 -13"><span class='ocrx_word' id='word_1_939' title='bbox 1430 1717 1576 1762; x_wconf 67' lang='lat' dir='ltr'><strong>mutatur</strong></span> <span class='ocrx_word' id='word_1_940' title='bbox 1598 1716 1630 1748; x_wconf 92' lang='lat' dir='ltr'>in</span> <span class='ocrx_word' id='word_1_941' title='bbox 1657 1713 1809 1747; x_wconf 70' lang='grc' dir='ltr'>λαὸαίνω.</span> <span class='ocrx_word' id='word_1_942' title='bbox 1844 1713 2006 1752; x_wconf 89' lang='lat' dir='ltr'><strong>Quocirca</strong></span> <span class='ocrx_word' id='word_1_943' title='bbox 2025 1712 2176 1746; x_wconf 73' lang='lat' dir='ltr'><strong>librarius</strong></span> <span class='ocrx_word' id='word_1_944' title='bbox 2188 1713 2268 1754; x_wconf 80' lang='lat' dir='ltr'><strong>‚qui</strong></span> <span class='ocrx_word' id='word_1_945' title='bbox 2296 1713 2494 1755; x_wconf 69' lang='grc' dir='ltr'>μεταδαίνιιν</span> 
     </span>
     <span class='ocr_line' id='line_1_95' title="bbox 1429 1759 2494 1804; baseline -0.001 -8"><span class='ocrx_word' id='word_1_946' title='bbox 1429 1764 1595 1796; x_wconf 85' lang='lat' dir='ltr'><strong>invenerat</strong></span> <span class='ocrx_word' id='word_1_947' title='bbox 1615 1762 1772 1804; x_wconf 82' lang='lat' dir='ltr'><strong>scriptum</strong></span> <span class='ocrx_word' id='word_1_948' title='bbox 1781 1785 1792 1803; x_wconf 91' lang='lat'><strong>,</strong></span> <span class='ocrx_word' id='word_1_949' title='bbox 1807 1760 2042 1803; x_wconf 74' lang='grc' dir='ltr'>μεταλαὸαίνειν</span> <span class='ocrx_word' id='word_1_950' title='bbox 2054 1760 2096 1794; x_wconf 93' lang='lat' dir='ltr'><strong>ob</strong></span> <span class='ocrx_word' id='word_1_951' title='bbox 2113 1759 2335 1794; x_wconf 85' lang='lat' dir='ltr'><strong>obscuriorem</strong></span> <span class='ocrx_word' id='word_1_952' title='bbox 2351 1760 2494 1803; x_wconf 82' lang='lat' dir='ltr'><strong>aliquem</strong></span> 
     </span>
     <span class='ocr_line' id='line_1_96' title="bbox 1429 1808 2494 1851; baseline -0.001 -7"><span class='ocrx_word' id='word_1_953' title='bbox 1429 1812 1562 1844; x_wconf 80' lang='lat' dir='ltr'><strong>ductum</strong></span> <span class='ocrx_word' id='word_1_954' title='bbox 1584 1814 1753 1844; x_wconf 84' lang='lat' dir='ltr'><strong>exaratum</strong></span> <span class='ocrx_word' id='word_1_955' title='bbox 1767 1819 1837 1843; x_wconf 86' lang='lat' dir='ltr'><strong>esse</strong></span> <span class='ocrx_word' id='word_1_956' title='bbox 1853 1809 2034 1851; x_wconf 88' lang='lat' dir='ltr'><strong>suspicatus</strong></span> <span class='ocrx_word' id='word_1_957' title='bbox 2050 1808 2298 1851; x_wconf 73' lang='grc' dir='ltr'>μεταλαμὸάνειν</span> <span class='ocrx_word' id='word_1_958' title='bbox 2309 1809 2494 1843; x_wconf 78' lang='lat' dir='ltr'><strong>necessario</strong></span> 
     </span>
     <span class='ocr_line' id='line_1_97' title="bbox 1430 1855 2491 1898; baseline -0.004 -6"><span class='ocrx_word' id='word_1_959' title='bbox 1430 1859 1657 1892; x_wconf 79' lang='lat' dir='ltr'><strong>substituebat.</strong></span> <span class='ocrx_word' id='word_1_960' title='bbox 1691 1859 1771 1890; x_wconf 91' lang='lat' dir='ltr'><strong>Post</strong></span> <span class='ocrx_word' id='word_1_961' title='bbox 1799 1857 1902 1890; x_wconf 74' lang='grc' dir='ltr'>πολλὰ</span> <span class='ocrx_word' id='word_1_962' title='bbox 1930 1856 1991 1898; x_wconf 89' lang='grc' dir='ltr'>γάρ</span> <span class='ocrx_word' id='word_1_963' title='bbox 2019 1855 2156 1888; x_wconf 87' lang='lat' dir='ltr'><strong>delenda</strong></span> <span class='ocrx_word' id='word_1_964' title='bbox 2177 1856 2228 1889; x_wconf 84' lang='lat' dir='ltr'>est</span> <span class='ocrx_word' id='word_1_965' title='bbox 2256 1855 2413 1898; x_wconf 82' lang='lat' dir='ltr'><strong>particula</strong></span> <span class='ocrx_word' id='word_1_966' title='bbox 2440 1855 2491 1897; x_wconf 71' lang='grc' dir='ltr'>ἄν,</span> 
     </span>
     <span class='ocr_line' id='line_1_98' title="bbox 1431 1902 2495 1950; baseline -0.004 -10"><span class='ocrx_word' id='word_1_967' title='bbox 1431 1909 1586 1950; x_wconf 79' lang='lat' dir='ltr'><strong>praeterca</strong></span> <span class='ocrx_word' id='word_1_968' title='bbox 1606 1906 1701 1939; x_wconf 89' lang='lat' dir='ltr'><strong>scribi</strong></span> <span class='ocrx_word' id='word_1_969' title='bbox 1719 1906 1848 1947; x_wconf 84' lang='lat' dir='ltr'><strong>oportet</strong></span> <span class='ocrx_word' id='word_1_970' title='bbox 1867 1905 2008 1946; x_wconf 76' lang='grc' dir='ltr'>καθάπερ</span> <span class='ocrx_word' id='word_1_971' title='bbox 2022 1903 2076 1935; x_wconf 75' lang='grc' dir='ltr'>καὶ</span> <span class='ocrx_word' id='word_1_972' title='bbox 2091 1903 2201 1946; x_wconf 82' lang='grc' dir='ltr'>ἐλέχθη</span> <span class='ocrx_word' id='word_1_973' title='bbox 2213 1928 2222 1945; x_wconf 91' lang='grc'>,</span> <span class='ocrx_word' id='word_1_974' title='bbox 2236 1902 2353 1946; x_wconf 79' lang='grc' dir='ltr'>ὁμοίως</span> <span class='ocrx_word' id='word_1_975' title='bbox 2366 1902 2418 1936; x_wconf 68' lang='grc' dir='ltr'>ἐπὶ</span> <span class='ocrx_word' id='word_1_976' title='bbox 2430 1906 2495 1936; x_wconf 76' lang='grc' dir='ltr'>τῶν</span> 
     </span>
     <span class='ocr_line' id='line_1_99' title="bbox 1430 1950 2495 1996; baseline -0.003 -9"><span class='ocrx_word' id='word_1_977' title='bbox 1430 1956 1528 1987; x_wconf 82' lang='grc' dir='ltr'>ὄντων</span> <span class='ocrx_word' id='word_1_978' title='bbox 1541 1958 1780 1996; x_wconf 73' lang='grc' dir='ltr'>κατηγορεῖται,</span> <span class='ocrx_word' id='word_1_979' title='bbox 1800 1961 1897 1994; x_wconf 72' lang='lat' dir='ltr'><strong>porro</strong></span> <span class='ocrx_word' id='word_1_980' title='bbox 1921 1961 1980 1993; x_wconf 88' lang='lat' dir='ltr'>pro</span> <span class='ocrx_word' id='word_1_981' title='bbox 1999 1951 2062 1984; x_wconf 75' lang='grc' dir='ltr'>εἴτε</span> <span class='ocrx_word' id='word_1_982' title='bbox 2081 1950 2130 1983; x_wconf 81' lang='grc' dir='ltr'>ἐπ’</span> <span class='ocrx_word' id='word_1_983' title='bbox 2146 1951 2236 1984; x_wconf 81' lang='grc' dir='ltr'>ἐνίων</span> <span class='ocrx_word' id='word_1_984' title='bbox 2252 1950 2329 1993; x_wconf 81' lang='lat' dir='ltr'><strong>poni</strong></span> <span class='ocrx_word' id='word_1_985' title='bbox 2342 1951 2495 1984; x_wconf 72' lang='lat' dir='ltr'><strong>convenit</strong></span> 
     </span>
     <span class='ocr_line' id='line_1_100' title="bbox 1431 1996 2494 2041; baseline -0.004 -7"><span class='ocrx_word' id='word_1_986' title='bbox 1431 2002 1499 2034; x_wconf 84' lang='grc' dir='ltr'>εἶτα</span> <span class='ocrx_word' id='word_1_987' title='bbox 1517 2002 1565 2034; x_wconf 86' lang='grc' dir='ltr'>ἐπ’</span> <span class='ocrx_word' id='word_1_988' title='bbox 1594 2001 1694 2040; x_wconf 75' lang='grc' dir='ltr'>ἐνίων,</span> <span class='ocrx_word' id='word_1_989' title='bbox 1725 2003 1796 2041; x_wconf 86' lang='lat' dir='ltr'><strong>post</strong></span> <span class='ocrx_word' id='word_1_990' title='bbox 1825 2000 1894 2031; x_wconf 84' lang='lat' dir='ltr'><strong>baec</strong></span> <span class='ocrx_word' id='word_1_991' title='bbox 1922 2007 1997 2031; x_wconf 89' lang='lat' dir='ltr'>cum</span> <span class='ocrx_word' id='word_1_992' title='bbox 2017 1997 2130 2031; x_wconf 85' lang='lat' dir='ltr'><strong>codice</strong></span> <span class='ocrx_word' id='word_1_993' title='bbox 2146 1996 2300 2040; x_wconf 81' lang='lat' dir='ltr'><strong>Lipsiensi</strong></span> <span class='ocrx_word' id='word_1_994' title='bbox 2323 1997 2494 2039; x_wconf 78' lang='lat' dir='ltr'><strong>legendum</strong></span> 
     </span>
     <span class='ocr_line' id='line_1_101' title="bbox 1431 2044 2495 2088; baseline -0.005 -7"><span class='ocrx_word' id='word_1_995' title='bbox 1431 2049 1512 2081; x_wconf 75' lang='grc' dir='ltr'>κατὰ</span> <span class='ocrx_word' id='word_1_996' title='bbox 1527 2049 1581 2085; x_wconf 84' lang='grc' dir='ltr'>τὰς</span> <span class='ocrx_word' id='word_1_997' title='bbox 1597 2048 1692 2085; x_wconf 81' lang='grc' dir='ltr'>αὑτὰς</span> <span class='ocrx_word' id='word_1_998' title='bbox 1710 2046 1899 2088; x_wconf 49' lang='grc' dir='ltr'>ἀποφάσεις</span> <span class='ocrx_word' id='word_1_999' title='bbox 1917 2044 2017 2078; x_wconf 82' lang='lat' dir='ltr'><strong>verba</strong></span> <span class='ocrx_word' id='word_1_1000' title='bbox 2029 2044 2074 2077; x_wconf 86' lang='grc' dir='ltr'>ὧν</span> <span class='ocrx_word' id='word_1_1001' title='bbox 2091 2044 2214 2087; x_wconf 80' lang='grc' dir='ltr'>ἀνάγκη</span> <span class='ocrx_word' id='word_1_1002' title='bbox 2229 2046 2250 2085; x_wconf 91' lang='lat'>5</span> <span class='ocrx_word' id='word_1_1003' title='bbox 2263 2044 2335 2078; x_wconf 74' lang='grc' dir='ltr'>ἶσον</span> <span class='ocrx_word' id='word_1_1004' title='bbox 2351 2046 2373 2086; x_wconf 98' lang='lat'>5</span> <span class='ocrx_word' id='word_1_1005' title='bbox 2386 2044 2495 2078; x_wconf 76' lang='grc' dir='ltr'>ἄνισον</span> 
     </span>
     <span class='ocr_line' id='line_1_102' title="bbox 1432 2092 2496 2138; baseline -0.003 -9"><span class='ocrx_word' id='word_1_1006' title='bbox 1432 2097 1479 2129; x_wconf 82' lang='lat' dir='ltr'><strong>sic.</strong></span> <span class='ocrx_word' id='word_1_1007' title='bbox 1494 2095 1671 2138; x_wconf 89' lang='lat' dir='ltr'><strong>supplenda</strong></span> <span class='ocrx_word' id='word_1_1008' title='bbox 1690 2108 1698 2128; x_wconf 72' lang='grc' dir='ltr'>ι</span> <span class='ocrx_word' id='word_1_1009' title='bbox 1715 2095 1745 2133; x_wconf 78' lang='grc' dir='ltr'>ἐξ</span> <span class='ocrx_word' id='word_1_1010' title='bbox 1763 2095 1806 2126; x_wconf 84' lang='grc' dir='ltr'>ὧν</span> <span class='ocrx_word' id='word_1_1011' title='bbox 1822 2093 1942 2135; x_wconf 81' lang='grc' dir='ltr'>ἀνάγκη</span> <span class='ocrx_word' id='word_1_1012' title='bbox 1959 2094 1978 2133; x_wconf 98' lang='lat'>5</span> <span class='ocrx_word' id='word_1_1013' title='bbox 1994 2092 2066 2126; x_wconf 83' lang='grc' dir='ltr'>’ίσον</span> <span class='ocrx_word' id='word_1_1014' title='bbox 2078 2093 2157 2126; x_wconf 84' lang='grc' dir='ltr'>εἶναι</span> <span class='ocrx_word' id='word_1_1015' title='bbox 2173 2094 2194 2133; x_wconf 89' lang='lat'>5</span> <span class='ocrx_word' id='word_1_1016' title='bbox 2209 2093 2330 2126; x_wconf 65' lang='grc' dir='ltr'>ἄνισον.</span> <span class='ocrx_word' id='word_1_1017' title='bbox 2348 2093 2496 2134; x_wconf 78' lang='lat' dir='ltr'><strong>Denique</strong></span> 
     </span>
     <span class='ocr_line' id='line_1_103' title="bbox 1434 2141 2497 2184; baseline -0.001 -9"><span class='ocrx_word' id='word_1_1018' title='bbox 1434 2144 1506 2184; x_wconf 84' lang='lat' dir='ltr'><strong>post</strong></span> <span class='ocrx_word' id='word_1_1019' title='bbox 1525 2143 1641 2182; x_wconf 73' lang='grc' dir='ltr'>πλῆθος</span> <span class='ocrx_word' id='word_1_1020' title='bbox 1662 2141 1683 2184; x_wconf 80' lang='lat'>5</span> <span class='ocrx_word' id='word_1_1021' title='bbox 1700 2142 1743 2175; x_wconf 86' lang='lat' dir='ltr'>ita</span> <span class='ocrx_word' id='word_1_1022' title='bbox 1763 2141 1958 2183; x_wconf 86' lang='lat' dir='ltr'><strong>pergendum</strong></span> <span class='ocrx_word' id='word_1_1023' title='bbox 1978 2153 1987 2174; x_wconf 75' lang='lat' dir='ltr'><strong><em>z</em></strong></span> <span class='ocrx_word' id='word_1_1024' title='bbox 2005 2141 2059 2173; x_wconf 78' lang='grc' dir='ltr'>καὶ</span> <span class='ocrx_word' id='word_1_1025' title='bbox 2081 2141 2198 2182; x_wconf 80' lang='grc' dir='ltr'>ὁμοίως</span> <span class='ocrx_word' id='word_1_1026' title='bbox 2215 2141 2236 2181; x_wconf 89' lang='lat'>5</span> <span class='ocrx_word' id='word_1_1027' title='bbox 2249 2141 2355 2184; x_wconf 70' lang='grc' dir='ltr'>ἄρτιον</span> <span class='ocrx_word' id='word_1_1028' title='bbox 2372 2143 2405 2174; x_wconf 86' lang='lat' dir='ltr'>et</span> <span class='ocrx_word' id='word_1_1029' title='bbox 2425 2142 2497 2183; x_wconf 79' lang='lat' dir='ltr'><strong>post</strong></span> 
     </span>
     <span class='ocr_line' id='line_1_104' title="bbox 1433 2187 2496 2232; baseline -0.001 -10"><span class='ocrx_word' id='word_1_1030' title='bbox 1433 2190 1560 2232; x_wconf 78' lang='grc' dir='ltr'>ἀριθμὸς</span> <span class='ocrx_word' id='word_1_1031' title='bbox 1572 2189 1592 2232; x_wconf 75' lang='grc' dir='ltr'>ἦ</span> <span class='ocrx_word' id='word_1_1032' title='bbox 1607 2189 1791 2231; x_wconf 87' lang='lat' dir='ltr'><strong>ponendum</strong></span> <span class='ocrx_word' id='word_1_1033' title='bbox 1804 2189 1921 2232; x_wconf 82' lang='grc' dir='ltr'>ὁμοίως</span> <span class='ocrx_word' id='word_1_1034' title='bbox 1933 2189 1966 2221; x_wconf 85' lang='grc' dir='ltr'>δὲ</span> <span class='ocrx_word' id='word_1_1035' title='bbox 1978 2189 2045 2221; x_wconf 79' lang='grc' dir='ltr'>καὶ.</span> <span class='ocrx_word' id='word_1_1036' title='bbox 2061 2190 2172 2231; x_wconf 86' lang='lat' dir='ltr'><strong>ltaque</strong></span> <span class='ocrx_word' id='word_1_1037' title='bbox 2184 2188 2291 2221; x_wconf 84' lang='lat' dir='ltr'><strong>locum</strong></span> <span class='ocrx_word' id='word_1_1038' title='bbox 2301 2188 2347 2221; x_wconf 85' lang='lat' dir='ltr'>sic</span> <span class='ocrx_word' id='word_1_1039' title='bbox 2355 2187 2473 2229; x_wconf 75' lang='lat' dir='ltr'><strong>retingo</strong></span> <span class='ocrx_word' id='word_1_1040' title='bbox 2485 2200 2496 2221; x_wconf 87' lang='lat'><em>=</em></span> 
     </span>
     <span class='ocr_line' id='line_1_105' title="bbox 1433 2236 2496 2280; baseline -0.002 -10"><span class='ocrx_word' id='word_1_1041' title='bbox 1433 2240 1468 2270; x_wconf 90' lang='grc' dir='ltr'>τὸ</span> <span class='ocrx_word' id='word_1_1042' title='bbox 1489 2238 1543 2280; x_wconf 78' lang='grc' dir='ltr'>μὲν</span> <span class='ocrx_word' id='word_1_1043' title='bbox 1558 2238 1612 2270; x_wconf 74' lang='grc' dir='ltr'>οὖν</span> <span class='ocrx_word' id='word_1_1044' title='bbox 1626 2238 1669 2278; x_wconf 84' lang='grc' dir='ltr'>μή</span> <span class='ocrx_word' id='word_1_1045' title='bbox 1682 2239 1836 2270; x_wconf 87' lang='grc' dir='ltr'>κινεῖσθαι</span> <span class='ocrx_word' id='word_1_1046' title='bbox 1850 2237 1958 2275; x_wconf 80' lang='grc' dir='ltr'>ἀληθὲς</span> <span class='ocrx_word' id='word_1_1047' title='bbox 1972 2236 2023 2268; x_wconf 83' lang='grc' dir='ltr'>ἐπὶ</span> <span class='ocrx_word' id='word_1_1048' title='bbox 2035 2239 2092 2269; x_wconf 86' lang='grc' dir='ltr'>τοῦ</span> <span class='ocrx_word' id='word_1_1049' title='bbox 2106 2237 2149 2278; x_wconf 84' lang='grc' dir='ltr'>μή</span> <span class='ocrx_word' id='word_1_1050' title='bbox 2163 2236 2249 2273; x_wconf 84' lang='grc' dir='ltr'>ὄντος</span> <span class='ocrx_word' id='word_1_1051' title='bbox 2258 2260 2267 2277; x_wconf 89' lang='grc'>,</span> <span class='ocrx_word' id='word_1_1052' title='bbox 2276 2236 2314 2268; x_wconf 85' lang='grc' dir='ltr'>τὸ</span> <span class='ocrx_word' id='word_1_1053' title='bbox 2326 2237 2360 2269; x_wconf 73' lang='grc' dir='ltr'>δὲ</span> <span class='ocrx_word' id='word_1_1054' title='bbox 2372 2236 2496 2278; x_wconf 70' lang='grc' dir='ltr'>ἠρεμεῖν</span> 
     </span>
     <span class='ocr_line' id='line_1_106' title="bbox 1434 2283 2503 2328; baseline 0 -11"><span class='ocrx_word' id='word_1_1055' title='bbox 1434 2286 1493 2327; x_wconf 78' lang='grc' dir='ltr'>οὐχ</span> <span class='ocrx_word' id='word_1_1056' title='bbox 1510 2285 1643 2328; x_wconf 80' lang='grc' dir='ltr'>ὑπάρχει</span> <span class='ocrx_word' id='word_1_1057' title='bbox 1656 2288 1701 2328; x_wconf 88' lang='grc' dir='ltr'>τῷ</span> <span class='ocrx_word' id='word_1_1058' title='bbox 1717 2285 1759 2327; x_wconf 86' lang='grc' dir='ltr'>μὴ</span> <span class='ocrx_word' id='word_1_1059' title='bbox 1775 2284 1859 2324; x_wconf 84' lang='grc' dir='ltr'>ὄντι,</span> <span class='ocrx_word' id='word_1_1060' title='bbox 1878 2285 1994 2326; x_wconf 78' lang='grc' dir='ltr'>ὁμοίως</span> <span class='ocrx_word' id='word_1_1061' title='bbox 2011 2284 2045 2326; x_wconf 63' lang='grc' dir='ltr'>ᾰὲ</span> <span class='ocrx_word' id='word_1_1062' title='bbox 2064 2283 2136 2316; x_wconf 79' lang='grc' dir='ltr'>οὐδὲ</span> <span class='ocrx_word' id='word_1_1063' title='bbox 2153 2283 2299 2321; x_wconf 74' lang='grc' dir='ltr'>ἀκίνητον</span> <span class='ocrx_word' id='word_1_1064' title='bbox 2312 2283 2392 2316; x_wconf 80' lang='grc' dir='ltr'>εἶναι</span> <span class='ocrx_word' id='word_1_1065' title='bbox 2405 2283 2423 2316; x_wconf 83' lang='grc' dir='ltr'><strong>ὃ</strong></span> <span class='ocrx_word' id='word_1_1066' title='bbox 2436 2295 2503 2323; x_wconf 83' lang='grc' dir='ltr'>ση·</span> 
     </span>
     <span class='ocr_line' id='line_1_107' title="bbox 1435 2330 2495 2374; baseline -0.001 -10"><span class='ocrx_word' id='word_1_1067' title='bbox 1435 2333 1535 2374; x_wconf 74' lang='grc' dir='ltr'>μαίνει</span> <span class='ocrx_word' id='word_1_1068' title='bbox 1559 2332 1685 2364; x_wconf 79' lang='grc' dir='ltr'>ταύτόν·</span> <span class='ocrx_word' id='word_1_1069' title='bbox 1703 2331 1769 2364; x_wconf 75' lang='grc' dir='ltr'>ἀλλ’</span> <span class='ocrx_word' id='word_1_1070' title='bbox 1787 2331 1877 2368; x_wconf 86' lang='grc' dir='ltr'>οὗτος</span> <span class='ocrx_word' id='word_1_1071' title='bbox 1902 2331 1953 2363; x_wconf 85' lang='grc' dir='ltr'>ἐπὶ</span> <span class='ocrx_word' id='word_1_1072' title='bbox 1979 2333 2025 2372; x_wconf 88' lang='grc' dir='ltr'>τῷ</span> <span class='ocrx_word' id='word_1_1073' title='bbox 2042 2331 2169 2373; x_wconf 85' lang='grc' dir='ltr'>ἠρεμεῖν</span> <span class='ocrx_word' id='word_1_1074' title='bbox 2187 2330 2274 2372; x_wconf 81' lang='grc' dir='ltr'>αὐτῷ</span> <span class='ocrx_word' id='word_1_1075' title='bbox 2288 2333 2421 2372; x_wconf 85' lang='grc' dir='ltr'>χρῆται,</span> <span class='ocrx_word' id='word_1_1076' title='bbox 2441 2331 2495 2363; x_wconf 74' lang='grc' dir='ltr'>καί</span> 
     </span>
     <span class='ocr_line' id='line_1_108' title="bbox 1434 2377 2496 2422; baseline -0.001 -10"><span class='ocrx_word' id='word_1_1077' title='bbox 1434 2392 1508 2421; x_wconf 81' lang='grc' dir='ltr'>φησι</span> <span class='ocrx_word' id='word_1_1078' title='bbox 1524 2381 1559 2413; x_wconf 81' lang='grc' dir='ltr'>τὸ</span> <span class='ocrx_word' id='word_1_1079' title='bbox 1575 2382 1616 2422; x_wconf 80' lang='grc' dir='ltr'>μὴ</span> <span class='ocrx_word' id='word_1_1080' title='bbox 1630 2380 1665 2412; x_wconf 83' lang='grc' dir='ltr'>ὃν</span> <span class='ocrx_word' id='word_1_1081' title='bbox 1677 2380 1815 2422; x_wconf 85' lang='grc' dir='ltr'>ἠρεμεῖν,</span> <span class='ocrx_word' id='word_1_1082' title='bbox 1835 2379 1882 2412; x_wconf 87' lang='grc' dir='ltr'>ὃτι</span> <span class='ocrx_word' id='word_1_1083' title='bbox 1902 2379 1960 2411; x_wconf 74' lang='grc' dir='ltr'>οὐκ</span> <span class='ocrx_word' id='word_1_1084' title='bbox 1973 2378 2038 2420; x_wconf 77' lang='grc' dir='ltr'>ἔχει</span> <span class='ocrx_word' id='word_1_1085' title='bbox 2056 2378 2242 2419; x_wconf 74' lang='grc' dir='ltr'>μετὰὄασιν.</span> <span class='ocrx_word' id='word_1_1086' title='bbox 2260 2377 2338 2412; x_wconf 58' lang='lat' dir='ltr'>&#39;Ah&#39;</span> <span class='ocrx_word' id='word_1_1087' title='bbox 2351 2378 2429 2420; x_wconf 76' lang='grc' dir='ltr'>ὅπερ</span> <span class='ocrx_word' id='word_1_1088' title='bbox 2440 2378 2496 2411; x_wconf 70' lang='grc' dir='ltr'>καὶ</span> 
     </span>
     <span class='ocr_line' id='line_1_109' title="bbox 1434 2424 2492 2469; baseline -0.001 -10"><span class='ocrx_word' id='word_1_1089' title='bbox 1434 2428 1465 2459; x_wconf 87' lang='grc' dir='ltr'>ἐν</span> <span class='ocrx_word' id='word_1_1090' title='bbox 1480 2431 1545 2464; x_wconf 88' lang='grc' dir='ltr'>τοῖς</span> <span class='ocrx_word' id='word_1_1091' title='bbox 1561 2427 1627 2459; x_wconf 86' lang='grc' dir='ltr'>ἄνω</span> <span class='ocrx_word' id='word_1_1092' title='bbox 1641 2427 1781 2469; x_wconf 84' lang='grc' dir='ltr'>εἷπομεν,</span> <span class='ocrx_word' id='word_1_1093' title='bbox 1796 2426 1912 2458; x_wconf 87' lang='grc' dir='ltr'>ἄτοπον</span> <span class='ocrx_word' id='word_1_1094' title='bbox 1928 2425 2006 2462; x_wconf 74' lang='grc' dir='ltr'>ἴσως</span> <span class='ocrx_word' id='word_1_1095' title='bbox 2016 2448 2024 2461; x_wconf 88' lang='grc'><strong>,</strong></span> <span class='ocrx_word' id='word_1_1096' title='bbox 2034 2425 2060 2457; x_wconf 79' lang='grc' dir='ltr'>εἷ</span> <span class='ocrx_word' id='word_1_1097' title='bbox 2074 2436 2103 2457; x_wconf 91' lang='grc' dir='ltr'>τι</span> <span class='ocrx_word' id='word_1_1098' title='bbox 2120 2427 2165 2467; x_wconf 86' lang='grc' dir='ltr'>τῷ</span> <span class='ocrx_word' id='word_1_1099' title='bbox 2182 2426 2224 2466; x_wconf 87' lang='grc' dir='ltr'>μή</span> <span class='ocrx_word' id='word_1_1100' title='bbox 2237 2424 2303 2458; x_wconf 78' lang='grc' dir='ltr'>ὄντι</span> <span class='ocrx_word' id='word_1_1101' title='bbox 2317 2424 2492 2468; x_wconf 76' lang='grc' dir='ltr'>προσάπτο·</span> 
     </span>
     <span class='ocr_line' id='line_1_110' title="bbox 1436 2471 2496 2516; baseline -0.002 -9"><span class='ocrx_word' id='word_1_1102' title='bbox 1436 2486 1503 2516; x_wconf 78' lang='grc' dir='ltr'>μεν,</span> <span class='ocrx_word' id='word_1_1103' title='bbox 1520 2478 1615 2506; x_wconf 80' lang='grc' dir='ltr'>τοῦτο</span> <span class='ocrx_word' id='word_1_1104' title='bbox 1635 2475 1678 2516; x_wconf 82' lang='grc' dir='ltr'>μή</span> <span class='ocrx_word' id='word_1_1105' title='bbox 1698 2474 1805 2512; x_wconf 71' lang='grc' dir='ltr'>ἀληθὲς</span> <span class='ocrx_word' id='word_1_1106' title='bbox 1822 2473 1900 2505; x_wconf 84' lang='grc' dir='ltr'>εἶναι</span> <span class='ocrx_word' id='word_1_1107' title='bbox 1923 2473 2006 2505; x_wconf 84' lang='grc' dir='ltr'>κατὰ</span> <span class='ocrx_word' id='word_1_1108' title='bbox 2029 2475 2085 2504; x_wconf 79' lang='grc' dir='ltr'>τοῦ</span> <span class='ocrx_word' id='word_1_1109' title='bbox 2110 2471 2196 2509; x_wconf 84' lang='grc' dir='ltr'>ὄντος</span> <span class='ocrx_word' id='word_1_1110' title='bbox 2214 2472 2326 2512; x_wconf 79' lang='grc' dir='ltr'>εἰπεῖν,</span> <span class='ocrx_word' id='word_1_1111' title='bbox 2345 2472 2446 2509; x_wconf 78' lang='grc' dir='ltr'>ἄλλως</span> <span class='ocrx_word' id='word_1_1112' title='bbox 2462 2482 2496 2505; x_wconf 74' lang='grc' dir='ltr'>τε</span> 
     </span>
     <span class='ocr_line' id='line_1_111' title="bbox 1435 2519 2497 2562; baseline -0.001 -9"><span class='ocrx_word' id='word_1_1113' title='bbox 1435 2523 1492 2554; x_wconf 75' lang='grc' dir='ltr'>κᾶν</span> <span class='ocrx_word' id='word_1_1114' title='bbox 1509 2521 1664 2562; x_wconf 45' lang='grc' dir='ltr'>ἀπόφασις</span> <span class='ocrx_word' id='word_1_1115' title='bbox 1681 2519 1701 2562; x_wconf 84' lang='lat'>5</span> <span class='ocrx_word' id='word_1_1116' title='bbox 1715 2522 1750 2552; x_wconf 87' lang='grc' dir='ltr'>τὸ</span> <span class='ocrx_word' id='word_1_1117' title='bbox 1764 2521 1883 2562; x_wconf 80' lang='grc' dir='ltr'>λεχθέν,</span> <span class='ocrx_word' id='word_1_1118' title='bbox 1903 2520 1967 2552; x_wconf 82' lang='grc' dir='ltr'>οἵα</span> <span class='ocrx_word' id='word_1_1119' title='bbox 1981 2521 2034 2552; x_wconf 87' lang='grc' dir='ltr'>καὶ</span> <span class='ocrx_word' id='word_1_1120' title='bbox 2055 2520 2092 2552; x_wconf 88' lang='grc' dir='ltr'>τὸ</span> <span class='ocrx_word' id='word_1_1121' title='bbox 2107 2520 2149 2559; x_wconf 82' lang='grc' dir='ltr'>μὴ</span> <span class='ocrx_word' id='word_1_1122' title='bbox 2162 2521 2317 2553; x_wconf 78' lang='grc' dir='ltr'>κινεῖσθαι</span> <span class='ocrx_word' id='word_1_1123' title='bbox 2332 2519 2410 2561; x_wconf 79' lang='grc' dir='ltr'>μηδὲ</span> <span class='ocrx_word' id='word_1_1124' title='bbox 2429 2530 2497 2562; x_wconf 77' lang='grc' dir='ltr'>με·</span> 
     </span>
     <span class='ocr_line' id='line_1_112' title="bbox 1435 2566 2498 2611; baseline -0.002 -10"><span class='ocrx_word' id='word_1_1125' title='bbox 1435 2569 1597 2601; x_wconf 76' lang='grc' dir='ltr'>ταὸαίνε</span> <span class='ocrx_word' id='word_1_1126' title='bbox 1608 2581 1640 2600; x_wconf 91' lang='grc' dir='ltr'>ιν</span> <span class='ocrx_word' id='word_1_1127' title='bbox 1659 2568 1754 2600; x_wconf 88' lang='grc' dir='ltr'>ἐστίν.</span> <span class='ocrx_word' id='word_1_1128' title='bbox 1774 2568 1880 2600; x_wconf 76' lang='grc' dir='ltr'>Πολλὰ</span> <span class='ocrx_word' id='word_1_1129' title='bbox 1900 2568 1959 2611; x_wconf 86' lang='grc' dir='ltr'>γάρ</span> <span class='ocrx_word' id='word_1_1130' title='bbox 1972 2592 1981 2608; x_wconf 91' lang='grc'>,</span> <span class='ocrx_word' id='word_1_1131' title='bbox 1996 2567 2137 2609; x_wconf 83' lang='grc' dir='ltr'>καθάπερ</span> <span class='ocrx_word' id='word_1_1132' title='bbox 2152 2569 2207 2601; x_wconf 76' lang='grc' dir='ltr'>καὶ</span> <span class='ocrx_word' id='word_1_1133' title='bbox 2232 2568 2343 2609; x_wconf 79' lang='grc' dir='ltr'>ἐλέχθη</span> <span class='ocrx_word' id='word_1_1134' title='bbox 2355 2591 2364 2604; x_wconf 89' lang='grc'>,</span> <span class='ocrx_word' id='word_1_1135' title='bbox 2380 2566 2498 2609; x_wconf 61' lang='grc' dir='ltr'>ὁμοίως</span> 
     </span>
     <span class='ocr_line' id='line_1_113' title="bbox 1435 2614 2497 2659; baseline -0.001 -10"><span class='ocrx_word' id='word_1_1136' title='bbox 1435 2618 1484 2649; x_wconf 79' lang='grc' dir='ltr'>ἐπὶ</span> <span class='ocrx_word' id='word_1_1137' title='bbox 1506 2621 1570 2649; x_wconf 88' lang='grc' dir='ltr'>τῶν</span> <span class='ocrx_word' id='word_1_1138' title='bbox 1596 2616 1694 2649; x_wconf 83' lang='grc' dir='ltr'>ὄντων</span> <span class='ocrx_word' id='word_1_1139' title='bbox 1712 2618 1945 2657; x_wconf 82' lang='grc' dir='ltr'>κατηγορεῖται.</span> <span class='ocrx_word' id='word_1_1140' title='bbox 1967 2616 2047 2648; x_wconf 84' lang='grc' dir='ltr'>Οὐδὲ</span> <span class='ocrx_word' id='word_1_1141' title='bbox 2067 2616 2126 2659; x_wconf 81' lang='grc' dir='ltr'>γὰρ</span> <span class='ocrx_word' id='word_1_1142' title='bbox 2143 2616 2181 2647; x_wconf 86' lang='grc' dir='ltr'>ἂν</span> <span class='ocrx_word' id='word_1_1143' title='bbox 2201 2615 2302 2647; x_wconf 68' lang='grc' dir='ltr'>πολλὰ.</span> <span class='ocrx_word' id='word_1_1144' title='bbox 2327 2614 2437 2654; x_wconf 53' lang='lat' dir='ltr'><strong>dumos:</strong></span> <span class='ocrx_word' id='word_1_1145' title='bbox 2454 2615 2497 2648; x_wconf 73' lang='grc' dir='ltr'>εἰ·</span> 
     </span>
     <span class='ocr_line' id='line_1_114' title="bbox 1435 2661 2498 2706; baseline -0.004 -9"><span class='ocrx_word' id='word_1_1146' title='bbox 1435 2668 1505 2698; x_wconf 76' lang='grc' dir='ltr'>πεῖν</span> <span class='ocrx_word' id='word_1_1147' title='bbox 1519 2665 1567 2703; x_wconf 89' lang='grc' dir='ltr'>ε’ίη</span> <span class='ocrx_word' id='word_1_1148' title='bbox 1586 2665 1628 2706; x_wconf 84' lang='grc' dir='ltr'>μὴ</span> <span class='ocrx_word' id='word_1_1149' title='bbox 1643 2665 1687 2705; x_wconf 81' lang='grc' dir='ltr'>ἓν,</span> <span class='ocrx_word' id='word_1_1150' title='bbox 1703 2663 1788 2706; x_wconf 76' lang='grc' dir='ltr'>εἴπερ</span> <span class='ocrx_word' id='word_1_1151' title='bbox 1805 2664 1859 2695; x_wconf 89' lang='grc' dir='ltr'>καὶ</span> <span class='ocrx_word' id='word_1_1152' title='bbox 1875 2663 1911 2696; x_wconf 90' lang='grc' dir='ltr'>τὸ</span> <span class='ocrx_word' id='word_1_1153' title='bbox 1927 2665 1969 2705; x_wconf 79' lang='grc' dir='ltr'>μή</span> <span class='ocrx_word' id='word_1_1154' title='bbox 1991 2663 2025 2695; x_wconf 88' lang='grc' dir='ltr'>ὄν</span> <span class='ocrx_word' id='word_1_1155' title='bbox 2046 2663 2111 2695; x_wconf 84' lang='grc' dir='ltr'>ἐστι</span> <span class='ocrx_word' id='word_1_1156' title='bbox 2130 2663 2172 2703; x_wconf 82' lang='grc' dir='ltr'>μὴ</span> <span class='ocrx_word' id='word_1_1157' title='bbox 2193 2662 2238 2694; x_wconf 78' lang='grc' dir='ltr'>ἔν.</span> <span class='ocrx_word' id='word_1_1158' title='bbox 2258 2662 2334 2695; x_wconf 80' lang='grc' dir='ltr'>Εἶτα</span> <span class='ocrx_word' id='word_1_1159' title='bbox 2346 2661 2396 2694; x_wconf 77' lang='grc' dir='ltr'>ἐπ’</span> <span class='ocrx_word' id='word_1_1160' title='bbox 2407 2661 2498 2694; x_wconf 76' lang='grc' dir='ltr'>ἐνίων</span> 
     </span>
     <span class='ocr_line' id='line_1_115' title="bbox 1435 2707 2499 2753; baseline -0.002 -9"><span class='ocrx_word' id='word_1_1161' title='bbox 1435 2711 1583 2744; x_wconf 82' lang='grc' dir='ltr'>τάναντία</span> <span class='ocrx_word' id='word_1_1162' title='bbox 1598 2710 1773 2753; x_wconf 75' lang='grc' dir='ltr'>ξυμὸαίνειν</span> <span class='ocrx_word' id='word_1_1163' title='bbox 1789 2710 1875 2742; x_wconf 82' lang='grc' dir='ltr'>δοκεῖ</span> <span class='ocrx_word' id='word_1_1164' title='bbox 1890 2711 1971 2742; x_wconf 86' lang='grc' dir='ltr'>κατὰ</span> <span class='ocrx_word' id='word_1_1165' title='bbox 1989 2710 2043 2746; x_wconf 84' lang='grc' dir='ltr'>τὰς</span> <span class='ocrx_word' id='word_1_1166' title='bbox 2062 2710 2158 2747; x_wconf 78' lang='grc' dir='ltr'>αὑτὰς</span> <span class='ocrx_word' id='word_1_1167' title='bbox 2180 2707 2353 2752; x_wconf 72' lang='grc' dir='ltr'>ἀποφάσεις</span> <span class='ocrx_word' id='word_1_1168' title='bbox 2364 2717 2371 2724; x_wconf 90' lang='grc'><strong><em>·</em></strong></span> <span class='ocrx_word' id='word_1_1169' title='bbox 2394 2709 2426 2747; x_wconf 76' lang='grc' dir='ltr'>ἐξ</span> <span class='ocrx_word' id='word_1_1170' title='bbox 2452 2708 2499 2742; x_wconf 79' lang='grc' dir='ltr'>ὧν</span> 
     </span>
     <span class='ocr_line' id='line_1_116' title="bbox 1437 2755 2496 2800; baseline -0.003 -10"><span class='ocrx_word' id='word_1_1171' title='bbox 1437 2758 1556 2800; x_wconf 72' lang='grc' dir='ltr'>ἀνάγκη</span> <span class='ocrx_word' id='word_1_1172' title='bbox 1569 2759 1588 2797; x_wconf 89' lang='lat'>5</span> <span class='ocrx_word' id='word_1_1173' title='bbox 1600 2758 1671 2790; x_wconf 77' lang='grc' dir='ltr'>’ίσον</span> <span class='ocrx_word' id='word_1_1174' title='bbox 1693 2758 1771 2790; x_wconf 65' lang='grc' dir='ltr'>εἶναι</span> <span class='ocrx_word' id='word_1_1175' title='bbox 1787 2758 1807 2796; x_wconf 89' lang='lat'>5</span> <span class='ocrx_word' id='word_1_1176' title='bbox 1824 2757 1943 2796; x_wconf 84' lang='grc' dir='ltr'>ἄνισον,</span> <span class='ocrx_word' id='word_1_1177' title='bbox 1960 2756 1998 2789; x_wconf 75' lang='grc' dir='ltr'>ἄν</span> <span class='ocrx_word' id='word_1_1178' title='bbox 2016 2768 2046 2788; x_wconf 87' lang='grc' dir='ltr'>τι</span> <span class='ocrx_word' id='word_1_1179' title='bbox 2068 2758 2182 2795; x_wconf 78' lang='grc' dir='ltr'>πλῆθος</span> <span class='ocrx_word' id='word_1_1180' title='bbox 2197 2755 2218 2797; x_wconf 80' lang='lat'>5</span> <span class='ocrx_word' id='word_1_1181' title='bbox 2229 2780 2239 2795; x_wconf 90' lang='lat'><strong>,</strong></span> <span class='ocrx_word' id='word_1_1182' title='bbox 2265 2756 2319 2788; x_wconf 72' lang='grc' dir='ltr'>καὶ</span> <span class='ocrx_word' id='word_1_1183' title='bbox 2338 2756 2459 2797; x_wconf 62' lang='grc' dir='ltr'>ὁμοίως</span> <span class='ocrx_word' id='word_1_1184' title='bbox 2475 2757 2496 2796; x_wconf 86' lang='lat'>5</span> 
     </span>
     <span class='ocr_line' id='line_1_117' title="bbox 1435 2803 2498 2849; baseline -0.004 -10"><span class='ocrx_word' id='word_1_1185' title='bbox 1435 2807 1540 2848; x_wconf 83' lang='grc' dir='ltr'>ἄρτιον</span> <span class='ocrx_word' id='word_1_1186' title='bbox 1554 2808 1573 2846; x_wconf 90' lang='lat'>5</span> <span class='ocrx_word' id='word_1_1187' title='bbox 1589 2805 1742 2849; x_wconf 83' lang='grc' dir='ltr'>περιττόν,</span> <span class='ocrx_word' id='word_1_1188' title='bbox 1769 2805 1806 2837; x_wconf 84' lang='grc' dir='ltr'>ἂν</span> <span class='ocrx_word' id='word_1_1189' title='bbox 1830 2805 1957 2846; x_wconf 75' lang='grc' dir='ltr'>ἀριθμὸς</span> <span class='ocrx_word' id='word_1_1190' title='bbox 1972 2804 2006 2846; x_wconf 88' lang='lat'>5·</span> <span class='ocrx_word' id='word_1_1191' title='bbox 2021 2805 2138 2846; x_wconf 87' lang='grc' dir='ltr'>ὁμοίως</span> <span class='ocrx_word' id='word_1_1192' title='bbox 2156 2804 2190 2836; x_wconf 83' lang='grc' dir='ltr'>δὲ</span> <span class='ocrx_word' id='word_1_1193' title='bbox 2205 2803 2260 2838; x_wconf 76' lang='grc' dir='ltr'>καὶ</span> <span class='ocrx_word' id='word_1_1194' title='bbox 2275 2803 2312 2836; x_wconf 85' lang='grc' dir='ltr'>τὸ</span> <span class='ocrx_word' id='word_1_1195' title='bbox 2330 2803 2457 2846; x_wconf 76' lang='grc' dir='ltr'>ἠρεμεῖν</span> <span class='ocrx_word' id='word_1_1196' title='bbox 2475 2805 2498 2844; x_wconf 88' lang='lat'>5</span> 
     </span>
     <span class='ocr_line' id='line_1_118' title="bbox 1437 2850 2499 2895; baseline -0.001 -9"><span class='ocrx_word' id='word_1_1197' title='bbox 1437 2856 1589 2887; x_wconf 82' lang='grc' dir='ltr'>κινεῖσθαι</span> <span class='ocrx_word' id='word_1_1198' title='bbox 1604 2854 1742 2895; x_wconf 81' lang='grc' dir='ltr'>ἀνάγκη,</span> <span class='ocrx_word' id='word_1_1199' title='bbox 1757 2854 1793 2885; x_wconf 87' lang='grc' dir='ltr'>ἂν</span> <span class='ocrx_word' id='word_1_1200' title='bbox 1815 2857 1911 2895; x_wconf 79' lang='grc' dir='ltr'>σῶμα</span> <span class='ocrx_word' id='word_1_1201' title='bbox 1931 2852 1963 2894; x_wconf 89' lang='lat'>5.</span> <span class='ocrx_word' id='word_1_1202' title='bbox 1990 2854 2028 2884; x_wconf 89' lang='lat' dir='ltr'><strong>In</strong></span> <span class='ocrx_word' id='word_1_1203' title='bbox 2046 2851 2166 2894; x_wconf 82' lang='lat' dir='ltr'><strong>quibus</strong></span> <span class='ocrx_word' id='word_1_1204' title='bbox 2191 2850 2299 2884; x_wconf 74' lang='lat' dir='ltr'><strong>verbis</strong></span> <span class='ocrx_word' id='word_1_1205' title='bbox 2327 2851 2398 2884; x_wconf 66' lang='lat' dir='ltr'>hec</span> <span class='ocrx_word' id='word_1_1206' title='bbox 2414 2850 2499 2885; x_wconf 67' lang='lat' dir='ltr'><strong>inest</strong></span> 
     </span>
     <span class='ocr_line' id='line_1_119' title="bbox 1437 2900 2500 2941; baseline 0 -7"><span class='ocrx_word' id='word_1_1207' title='bbox 1437 2902 1593 2935; x_wconf 84' lang='lat' dir='ltr'><strong>sententia</strong></span> <span class='ocrx_word' id='word_1_1208' title='bbox 1612 2912 1620 2933; x_wconf 93' lang='lat'><strong>:</strong></span> <span class='ocrx_word' id='word_1_1209' title='bbox 1641 2914 1656 2930; x_wconf 71' lang='lat' dir='ltr'><strong>a</strong></span> <span class='ocrx_word' id='word_1_1210' title='bbox 1672 2901 1767 2940; x_wconf 90' lang='lat' dir='ltr'><strong>Quod</strong></span> <span class='ocrx_word' id='word_1_1211' title='bbox 1788 2910 1852 2933; x_wconf 92' lang='lat' dir='ltr'>non</span> <span class='ocrx_word' id='word_1_1212' title='bbox 1878 2904 1946 2941; x_wconf 88' lang='lat' dir='ltr'><strong>est,</strong></span> <span class='ocrx_word' id='word_1_1213' title='bbox 1961 2902 2047 2932; x_wconf 88' lang='lat' dir='ltr'><strong>recte</strong></span> <span class='ocrx_word' id='word_1_1214' title='bbox 2063 2900 2182 2932; x_wconf 89' lang='lat' dir='ltr'><strong>dicitur</strong></span> <span class='ocrx_word' id='word_1_1215' title='bbox 2197 2908 2261 2932; x_wconf 89' lang='grc'><strong>1100</strong></span> <span class='ocrx_word' id='word_1_1216' title='bbox 2281 2900 2426 2941; x_wconf 82' lang='lat' dir='ltr'><strong>moveri,</strong></span> <span class='ocrx_word' id='word_1_1217' title='bbox 2440 2900 2500 2934; x_wconf 74' lang='lat' dir='ltr'>sed</span> 
     </span>
     <span class='ocr_line' id='line_1_120' title="bbox 1438 2945 2496 2990; baseline 0 -9"><span class='ocrx_word' id='word_1_1218' title='bbox 1438 2958 1542 2990; x_wconf 86' lang='lat' dir='ltr'><strong>neque</strong></span> <span class='ocrx_word' id='word_1_1219' title='bbox 1557 2948 1648 2990; x_wconf 87' lang='lat' dir='ltr'><strong>quies</strong></span> <span class='ocrx_word' id='word_1_1220' title='bbox 1657 2948 1685 2980; x_wconf 92' lang='lat' dir='ltr'>ei</span> <span class='ocrx_word' id='word_1_1221' title='bbox 1698 2949 1747 2980; x_wconf 89' lang='lat' dir='ltr'>est</span> <span class='ocrx_word' id='word_1_1222' title='bbox 1760 2973 1768 2987; x_wconf 95' lang='lat'><strong>,</strong></span> <span class='ocrx_word' id='word_1_1223' title='bbox 1783 2957 1888 2990; x_wconf 86' lang='lat' dir='ltr'><strong>neque</strong></span> <span class='ocrx_word' id='word_1_1224' title='bbox 1901 2947 1987 2989; x_wconf 91' lang='lat' dir='ltr'><strong>quod</strong></span> <span class='ocrx_word' id='word_1_1225' title='bbox 2002 2947 2087 2980; x_wconf 87' lang='lat' dir='ltr'><strong>idem</strong></span> <span class='ocrx_word' id='word_1_1226' title='bbox 2101 2945 2258 2988; x_wconf 81' lang='lat' dir='ltr'><strong>significat</strong></span> <span class='ocrx_word' id='word_1_1227' title='bbox 2271 2945 2496 2981; x_wconf 70' lang='lat' dir='ltr'><strong>immobilitas.</strong></span> 
     </span>
     <span class='ocr_line' id='line_1_121' title="bbox 1440 2993 2499 3039; baseline -0.001 -9"><span class='ocrx_word' id='word_1_1228' title='bbox 1440 2999 1481 3030; x_wconf 79' lang='lat' dir='ltr'><strong>At</strong></span> <span class='ocrx_word' id='word_1_1229' title='bbox 1502 2996 1715 3039; x_wconf 82' lang='lat' dir='ltr'><strong>Xenophanes</strong></span> <span class='ocrx_word' id='word_1_1230' title='bbox 1739 2994 1771 3027; x_wconf 89' lang='lat' dir='ltr'>id</span> <span class='ocrx_word' id='word_1_1231' title='bbox 1793 2995 1881 3036; x_wconf 90' lang='lat' dir='ltr'><strong>quod</strong></span> <span class='ocrx_word' id='word_1_1232' title='bbox 1910 3004 1975 3028; x_wconf 87' lang='lat' dir='ltr'>non</span> <span class='ocrx_word' id='word_1_1233' title='bbox 1994 2997 2044 3028; x_wconf 89' lang='lat' dir='ltr'>est</span> <span class='ocrx_word' id='word_1_1234' title='bbox 2066 2995 2106 3027; x_wconf 89' lang='lat' dir='ltr'>ad</span> <span class='ocrx_word' id='word_1_1235' title='bbox 2127 2993 2270 3036; x_wconf 88' lang='lat' dir='ltr'><strong>quietem</strong></span> <span class='ocrx_word' id='word_1_1236' title='bbox 2294 2994 2499 3029; x_wconf 74' lang='lat' dir='ltr'><strong>transferens</strong></span> 
     </span>
     <span class='ocr_line' id='line_1_122' title="bbox 1439 3041 2545 3086; baseline 0.001 -11"><span class='ocrx_word' id='word_1_1237' title='bbox 1439 3044 1606 3086; x_wconf 86' lang='lat' dir='ltr'><strong>quiescere</strong></span> <span class='ocrx_word' id='word_1_1238' title='bbox 1624 3042 1768 3085; x_wconf 87' lang='lat' dir='ltr'><strong>perbibet</strong></span> <span class='ocrx_word' id='word_1_1239' title='bbox 1786 3043 1953 3085; x_wconf 86' lang='lat' dir='ltr'><strong>propterea</strong></span> <span class='ocrx_word' id='word_1_1240' title='bbox 1968 3041 2056 3085; x_wconf 89' lang='lat' dir='ltr'><strong>quod</strong></span> <span class='ocrx_word' id='word_1_1241' title='bbox 2082 3042 2190 3075; x_wconf 86' lang='lat' dir='ltr'><strong>locum</strong></span> <span class='ocrx_word' id='word_1_1242' title='bbox 2212 3050 2278 3074; x_wconf 88' lang='grc'><strong>1100</strong></span> <span class='ocrx_word' id='word_1_1243' title='bbox 2294 3043 2412 3076; x_wconf 86' lang='lat' dir='ltr'><strong>mutet.</strong></span> <span class='ocrx_word' id='word_1_1244' title='bbox 2435 3042 2499 3076; x_wconf 81' lang='lat' dir='ltr'>Sed</span> <span class='ocrx_word' id='word_1_1245' title='bbox 2542 3049 2545 3052; x_wconf 83' lang='lat'>&#39;</span> 
     </span>
     <span class='ocr_line' id='line_1_123' title="bbox 1440 3089 2498 3133; baseline 0.001 -11"><span class='ocrx_word' id='word_1_1246' title='bbox 1440 3091 1525 3133; x_wconf 84' lang='lat' dir='ltr'><strong>quod</strong></span> <span class='ocrx_word' id='word_1_1247' title='bbox 1547 3099 1644 3133; x_wconf 88' lang='lat' dir='ltr'><strong>supra</strong></span> <span class='ocrx_word' id='word_1_1248' title='bbox 1666 3090 1832 3130; x_wconf 81' lang='lat' dir='ltr'><strong>diximus,</strong></span> <span class='ocrx_word' id='word_1_1249' title='bbox 1851 3091 1996 3132; x_wconf 88' lang='lat' dir='ltr'><strong>ineptum</strong></span> <span class='ocrx_word' id='word_1_1250' title='bbox 2023 3091 2157 3123; x_wconf 80' lang='lat' dir='ltr'><strong>sortasse</strong></span> <span class='ocrx_word' id='word_1_1251' title='bbox 2182 3091 2251 3131; x_wconf 84' lang='lat' dir='ltr'><strong>est,</strong></span> <span class='ocrx_word' id='word_1_1252' title='bbox 2272 3090 2299 3122; x_wconf 91' lang='lat' dir='ltr'>si</span> <span class='ocrx_word' id='word_1_1253' title='bbox 2327 3089 2407 3131; x_wconf 90' lang='lat' dir='ltr'><strong>quid</strong></span> <span class='ocrx_word' id='word_1_1254' title='bbox 2431 3099 2498 3123; x_wconf 87' lang='grc'><strong>0011</strong></span> 
     </span>
     <span class='ocr_line' id='line_1_124' title="bbox 1440 3136 2498 3180; baseline 0 -8"><span class='ocrx_word' id='word_1_1255' title='bbox 1440 3138 1507 3172; x_wconf 88' lang='lat' dir='ltr'><strong>enti</strong></span> <span class='ocrx_word' id='word_1_1256' title='bbox 1524 3139 1714 3180; x_wconf 86' lang='lat' dir='ltr'><strong>tribuimus,</strong></span> <span class='ocrx_word' id='word_1_1257' title='bbox 1732 3138 1764 3170; x_wconf 91' lang='lat' dir='ltr'>id</span> <span class='ocrx_word' id='word_1_1258' title='bbox 1782 3146 1898 3179; x_wconf 86' lang='lat' dir='ltr'><strong>negare</strong></span> <span class='ocrx_word' id='word_1_1259' title='bbox 1917 3138 1957 3171; x_wconf 93' lang='lat' dir='ltr'>de</span> <span class='ocrx_word' id='word_1_1260' title='bbox 1970 3140 2044 3171; x_wconf 90' lang='lat' dir='ltr'><strong>ente</strong></span> <span class='ocrx_word' id='word_1_1261' title='bbox 2058 3137 2119 3170; x_wconf 90' lang='lat' dir='ltr'><strong>dici</strong></span> <span class='ocrx_word' id='word_1_1262' title='bbox 2140 3145 2246 3179; x_wconf 86' lang='lat' dir='ltr'><strong>posse,</strong></span> <span class='ocrx_word' id='word_1_1263' title='bbox 2269 3136 2451 3178; x_wconf 72' lang='lat' dir='ltr'><strong>praesertim</strong></span> <span class='ocrx_word' id='word_1_1264' title='bbox 2471 3138 2498 3172; x_wconf 78' lang='lat' dir='ltr'>si</span> 
     </span>
     <span class='ocr_line' id='line_1_125' title="bbox 1442 3185 2499 3229; baseline 0.001 -11"><span class='ocrx_word' id='word_1_1265' title='bbox 1442 3186 1473 3218; x_wconf 91' lang='lat' dir='ltr'>id</span> <span class='ocrx_word' id='word_1_1266' title='bbox 1495 3187 1583 3229; x_wconf 89' lang='lat' dir='ltr'><strong>quod</strong></span> <span class='ocrx_word' id='word_1_1267' title='bbox 1606 3186 1834 3229; x_wconf 87' lang='lat' dir='ltr'><strong>pronuntiatur</strong></span> <span class='ocrx_word' id='word_1_1268' title='bbox 1849 3185 1976 3227; x_wconf 82' lang='lat' dir='ltr'><strong>negatio</strong></span> <span class='ocrx_word' id='word_1_1269' title='bbox 1992 3186 2054 3227; x_wconf 87' lang='lat' dir='ltr'><strong>sit,</strong></span> <span class='ocrx_word' id='word_1_1270' title='bbox 2070 3185 2175 3227; x_wconf 90' lang='lat' dir='ltr'><strong>qualis</strong></span> <span class='ocrx_word' id='word_1_1271' title='bbox 2187 3185 2284 3218; x_wconf 88' lang='lat' dir='ltr'><strong>etiam</strong></span> <span class='ocrx_word' id='word_1_1272' title='bbox 2297 3194 2363 3218; x_wconf 89' lang='lat' dir='ltr'>non</span> <span class='ocrx_word' id='word_1_1273' title='bbox 2376 3185 2499 3219; x_wconf 76' lang='lat' dir='ltr'><strong>moveri</strong></span> 
     </span>
     <span class='ocr_line' id='line_1_126' title="bbox 1441 3232 2498 3276; baseline -0.001 -10"><span class='ocrx_word' id='word_1_1274' title='bbox 1441 3243 1546 3276; x_wconf 88' lang='lat' dir='ltr'><strong>neque</strong></span> <span class='ocrx_word' id='word_1_1275' title='bbox 1576 3235 1684 3267; x_wconf 92' lang='lat' dir='ltr'><strong>locum</strong></span> <span class='ocrx_word' id='word_1_1276' title='bbox 1712 3234 1838 3266; x_wconf 85' lang='lat' dir='ltr'><strong>mutare</strong></span> <span class='ocrx_word' id='word_1_1277' title='bbox 1863 3235 1925 3267; x_wconf 88' lang='lat' dir='ltr'><strong>est.</strong></span> <span class='ocrx_word' id='word_1_1278' title='bbox 1958 3233 2060 3266; x_wconf 88' lang='lat' dir='ltr'><strong>Multa</strong></span> <span class='ocrx_word' id='word_1_1279' title='bbox 2090 3232 2175 3265; x_wconf 89' lang='lat' dir='ltr'><strong>enim</strong></span> <span class='ocrx_word' id='word_1_1280' title='bbox 2187 3257 2198 3274; x_wconf 93' lang='lat'><strong>,</strong></span> <span class='ocrx_word' id='word_1_1281' title='bbox 2221 3232 2498 3274; x_wconf 85' lang='lat' dir='ltr'><strong>quemadmodum</strong></span> 
     </span>
     <span class='ocr_line' id='line_1_127' title="bbox 1442 3279 2499 3323; baseline -0.001 -9"><span class='ocrx_word' id='word_1_1282' title='bbox 1442 3281 1602 3322; x_wconf 82' lang='lat' dir='ltr'><strong>diximus,</strong></span> <span class='ocrx_word' id='word_1_1283' title='bbox 1626 3290 1728 3323; x_wconf 64' lang='lat' dir='ltr'><strong>mque</strong></span> <span class='ocrx_word' id='word_1_1284' title='bbox 1759 3282 1846 3314; x_wconf 88' lang='lat' dir='ltr'><strong>recte</strong></span> <span class='ocrx_word' id='word_1_1285' title='bbox 1877 3280 1918 3313; x_wconf 88' lang='lat' dir='ltr'>de</span> <span class='ocrx_word' id='word_1_1286' title='bbox 1950 3280 2048 3313; x_wconf 87' lang='lat' dir='ltr'><strong>rebus</strong></span> <span class='ocrx_word' id='word_1_1287' title='bbox 2069 3289 2144 3322; x_wconf 86' lang='lat' dir='ltr'><strong>quae</strong></span> <span class='ocrx_word' id='word_1_1288' title='bbox 2177 3282 2254 3312; x_wconf 90' lang='lat' dir='ltr'><strong>sunt</strong></span> <span class='ocrx_word' id='word_1_1289' title='bbox 2280 3279 2499 3314; x_wconf 72' lang='lat' dir='ltr'><strong>affirmantur.</strong></span> 
     </span>
     <span class='ocr_line' id='line_1_128' title="bbox 1441 3327 2502 3370; baseline -0.002 -8"><span class='ocrx_word' id='word_1_1290' title='bbox 1441 3330 1552 3370; x_wconf 86' lang='lat' dir='ltr'><strong>Neque</strong></span> <span class='ocrx_word' id='word_1_1291' title='bbox 1565 3329 1652 3362; x_wconf 89' lang='lat' dir='ltr'><strong>enim</strong></span> <span class='ocrx_word' id='word_1_1292' title='bbox 1664 3331 1915 3362; x_wconf 88' lang='lat' dir='ltr'><strong>consentaneum</strong></span> <span class='ocrx_word' id='word_1_1293' title='bbox 1931 3328 2012 3361; x_wconf 82' lang='lat' dir='ltr'><strong>soret</strong></span> <span class='ocrx_word' id='word_1_1294' title='bbox 2028 3328 2130 3360; x_wconf 90' lang='lat' dir='ltr'><strong>multa</strong></span> <span class='ocrx_word' id='word_1_1295' title='bbox 2146 3327 2308 3370; x_wconf 74' lang='lat' dir='ltr'><strong>appellare</strong></span> <span class='ocrx_word' id='word_1_1296' title='bbox 2320 3336 2382 3360; x_wconf 93' lang='lat' dir='ltr'>non</span> <span class='ocrx_word' id='word_1_1297' title='bbox 2396 3335 2502 3360; x_wconf 87' lang='grc'><strong>1100111</strong></span> 
     </span>
     <span class='ocr_line' id='line_1_129' title="bbox 1444 3375 2501 3418; baseline 0 -10"><span class='ocrx_word' id='word_1_1298' title='bbox 1444 3377 1517 3417; x_wconf 86' lang='lat' dir='ltr'><strong>(nisi</strong></span> <span class='ocrx_word' id='word_1_1299' title='bbox 1542 3376 1640 3409; x_wconf 91' lang='lat' dir='ltr'><strong>modo</strong></span> <span class='ocrx_word' id='word_1_1300' title='bbox 1658 3375 1849 3418; x_wconf 78' lang='lat' dir='ltr'><strong>simpliciter</strong></span> <span class='ocrx_word' id='word_1_1301' title='bbox 1873 3385 1941 3410; x_wconf 92' lang='lat' dir='ltr'>rem</span> <span class='ocrx_word' id='word_1_1302' title='bbox 1966 3375 2075 3417; x_wconf 87' lang='lat' dir='ltr'><strong>eloqui</strong></span> <span class='ocrx_word' id='word_1_1303' title='bbox 2096 3375 2193 3407; x_wconf 89' lang='lat' dir='ltr'><strong>modo</strong></span> <span class='ocrx_word' id='word_1_1304' title='bbox 2212 3384 2271 3417; x_wconf 88' lang='lat' dir='ltr'>per</span> <span class='ocrx_word' id='word_1_1305' title='bbox 2295 3375 2501 3417; x_wconf 82' lang='lat' dir='ltr'><strong>negationem</strong></span> 
     </span>
     <span class='ocr_line' id='line_1_130' title="bbox 1442 3423 2498 3466; baseline -0.001 -9"><span class='ocrx_word' id='word_1_1306' title='bbox 1442 3425 1611 3459; x_wconf 85' lang='lat' dir='ltr'><strong>enuntiare</strong></span> <span class='ocrx_word' id='word_1_1307' title='bbox 1624 3425 1761 3466; x_wconf 88' lang='lat' dir='ltr'><strong>liceret),</strong></span> <span class='ocrx_word' id='word_1_1308' title='bbox 1781 3424 1939 3466; x_wconf 87' lang='lat' dir='ltr'><strong>siquidem</strong></span> <span class='ocrx_word' id='word_1_1309' title='bbox 1955 3424 2053 3458; x_wconf 89' lang='lat' dir='ltr'><strong>etiam</strong></span> <span class='ocrx_word' id='word_1_1310' title='bbox 2075 3432 2142 3457; x_wconf 90' lang='lat' dir='ltr'>non</span> <span class='ocrx_word' id='word_1_1311' title='bbox 2166 3431 2223 3457; x_wconf 86' lang='lat' dir='ltr'>ens</span> <span class='ocrx_word' id='word_1_1312' title='bbox 2239 3432 2304 3456; x_wconf 89' lang='lat' dir='ltr'>nou</span> <span class='ocrx_word' id='word_1_1313' title='bbox 2322 3432 2423 3456; x_wconf 89' lang='lat' dir='ltr'><strong>unum</strong></span> <span class='ocrx_word' id='word_1_1314' title='bbox 2436 3423 2498 3456; x_wconf 81' lang='lat' dir='ltr'><strong>est.</strong></span> 
     </span>
     <span class='ocr_line' id='line_1_131' title="bbox 1443 3469 2502 3514; baseline -0.002 -9"><span class='ocrx_word' id='word_1_1315' title='bbox 1443 3472 1564 3505; x_wconf 87' lang='lat' dir='ltr'><strong>Deinde</strong></span> <span class='ocrx_word' id='word_1_1316' title='bbox 1578 3472 1611 3505; x_wconf 90' lang='lat' dir='ltr'>in</span> <span class='ocrx_word' id='word_1_1317' title='bbox 1633 3472 1826 3514; x_wconf 85' lang='lat' dir='ltr'><strong>quibusdam</strong></span> <span class='ocrx_word' id='word_1_1318' title='bbox 1846 3471 1942 3504; x_wconf 87' lang='lat' dir='ltr'><strong>rebus</strong></span> <span class='ocrx_word' id='word_1_1319' title='bbox 1963 3472 2123 3504; x_wconf 86' lang='lat' dir='ltr'><strong>contraria</strong></span> <span class='ocrx_word' id='word_1_1320' title='bbox 2142 3471 2256 3504; x_wconf 86' lang='lat' dir='ltr'><strong>iisdem</strong></span> <span class='ocrx_word' id='word_1_1321' title='bbox 2275 3469 2502 3512; x_wconf 77' lang='lat' dir='ltr'><strong>negationibus</strong></span> 
     </span>
     <span class='ocr_line' id='line_1_132' title="bbox 1443 3518 2501 3562; baseline 0 -11"><span class='ocrx_word' id='word_1_1322' title='bbox 1443 3521 1587 3553; x_wconf 79' lang='lat' dir='ltr'><strong>acc-idere</strong></span> <span class='ocrx_word' id='word_1_1323' title='bbox 1605 3521 1767 3560; x_wconf 78' lang='lat' dir='ltr'><strong>videntur,</strong></span> <span class='ocrx_word' id='word_1_1324' title='bbox 1782 3519 1901 3562; x_wconf 85' lang='lat' dir='ltr'><strong>quibus</strong></span> <span class='ocrx_word' id='word_1_1325' title='bbox 1921 3528 2051 3553; x_wconf 80' lang='lat' dir='ltr'><strong>necesse</strong></span> <span class='ocrx_word' id='word_1_1326' title='bbox 2072 3521 2121 3553; x_wconf 86' lang='lat' dir='ltr'>est</span> <span class='ocrx_word' id='word_1_1327' title='bbox 2139 3521 2196 3552; x_wconf 89' lang='lat' dir='ltr'>aut</span> <span class='ocrx_word' id='word_1_1328' title='bbox 2214 3518 2339 3561; x_wconf 85' lang='lat' dir='ltr'><strong>aequale</strong></span> <span class='ocrx_word' id='word_1_1329' title='bbox 2355 3526 2425 3551; x_wconf 80' lang='lat' dir='ltr'><strong>esse</strong></span> <span class='ocrx_word' id='word_1_1330' title='bbox 2441 3518 2501 3550; x_wconf 83' lang='lat' dir='ltr'>aut</span> 
     </span>
    </p>
   </div>
   <div class='ocr_carea' id='block_1_20' title="bbox 2482 0 2612 3550">
    <p class='ocr_par' dir='ltr' id='par_1_21' title="bbox 2482 0 2612 3550">
     <span class='ocr_line' id='line_1_133' title="bbox 2482 0 2612 3550; baseline 0 0"><span class='ocrx_word' id='word_1_1331' title='bbox 2482 0 2612 3550; x_wconf 95' lang='lat' dir='ltr'> </span> 
     </span>
    </p>
   </div>
  </div>
 </body>
</html>
