2612 3814
21 149 55 186 «η

23 252 53 282 '3⁶15

977 273 1044 312 DE
1074 272 1299 313 MELtSso
1330 271 1443 311 ETc.

21 362 46 409 ξ
73 376 109 402 20
128 362 195 415 γὰρ
216 361 266 412 μὴ
283 359 320 400 ὂν
339 360 415 400 ἔστι
434 376 496 399 και
517 359 558 399 τὸ
577 358 674 410 ὄν,“’
648 375 741 399 ωστε
769 359 888 399 πάντα
907 359 1018 401 ἔστιν.
1077 360 1181 400 Μετὰ

22 422 54 466 F?
128 421 165 460 δὲ
183 425 305 460 τοῦτον
329 422 387 460 τὸν
407 418 510 471 λόγον
530 418 652 472 φησίν,
672 420 702 459 εἰ
723 418 796 458 δὲ’
777 435 885 467 εστιν,
915 419 1034 468 ἤτοι
1014 419 1182 471 αγένητον

23 474 43 494 ”’
127 481 150 528 ἢ
171 479 356 534 γενόμενον
370 474 472 519 εἶναι.
499 479 569 519 Καὶ
591 480 620 518 εἷ
646 479 709 531 μὲν
727 479 910 532 ἀγένητον,
934 480 1077 534 ἄπειρον
1098 479 1184 519 αὐτὸ

126 547 197 584 τοῖς
216 554 276 578 του
304 538 487 579 Μελίσσου
517 538 693 589 ἀξιώμασι
707 538 906 590 λαμὸάνει·
929 539 969 579 τὸ
988 539 1062 579 δὲ’
1039 555 1182 593 απειρον

125 601 190 638 οὐκ
216 597 258 638 ἂν
290 591 379 637 εἶναί
413 613 494 638 που.
554 596 648 638 Οὔτε
687 597 792 652 γὰρ’
777 614 811 638 εν
834 601 953 651 αὑτῶ,
975 598 1047 639 οὔτ’
1078 599 1119 638 ἂν
1148 601 1183 638 ἐν

35 701 50 705 Ι,
126 656 224 712 ἄλλῳ
251 650 352 696 εἶναι.
408 656 482 697 Δύο
507 655 610 710 γὰρ’Ἀ
593 673 635 696 αν
659 656 767 702 οὕτως
786 656 809 704 ἢ
830 657 941 696 πλείω
965 661 1073 706 εἶναι,
1088 656 1128 696 τό
1146 673 1185 696 τε

44 733 106 761 εῦ
126 716 199 756 ἐνὸν
217 716 278 756 καὶ
296 732 336 756 το
355 717 391 755 ἐν
410 710 453 769 ᾧ.
513 717 694 766 Μηδαμου
728 716 808 755 δὲ’
787 732 842 762 ον,
863 717 962 771 οὐδὲν
980 710 1069 756 εἶναι
1091 715 1184 756 κατὰ

122 774 182 814 τὸν
207 779 268 815 τοῦ
288 775 450 823 Ζήνωνος
476 775 579 826 λόγον
601 775 682 828 περὶ
704 779 765 822 τῆς
783 775 920 828 χώρας·
937 775 1107 827 ἀγένητον
1121 775 1183 826 μὲν

101 829 182 875 ·ουν
199 835 257 875 διὰ
267 836 367 874 ταῦτ’
385 837 447 875 οὐκ
458 828 558 874 εἶναι·
574 836 612 874 οὗ
627 834 698 886 μὴν
712 834 789 874 οὐδὲ
804 835 1001 885 γενόμενον.
1017 837 1046 874 l
1048 835 1185 874 ενέσθαι

24 979 67 1014 ³:1²>
163 993 215 1022 20.
238 989 316 1031 μετὰ
341 988 374 1020 δὲ
386 989 497 1019 τοῦτον
512 987 564 1019 τὸν
579 986 672 1027 λόγον
686 985 791 1029 φησίν·
807 986 833 1018 εἰ
851 986 885 1018 δὲ
903 986 1000 1025 ἐστιν,
1012 986 1082 1025 ἦτοι
1095 986 1184 1024 ἀγέν-

119 1048 211 1075 νητον
224 1037 244 1076 ἢ
257 1034 423 1077 γενόμενον
435 1034 527 1066 εἶναι.
541 1034 595 1065 καὶ
608 1034 635 1066 εἰ
650 1033 705 1075 μὲν
718 1033 882 1074 ἀγένητον,
895 1032 1023 1075 ἄπειρον
1034 1033 1110 1066 αὐτὸ
1122 1036 1186 1071 τοῖς

119 1086 176 1116 τοῦ
194 1082 358 1116 Μελίσσου
378 1082 535 1122 ἀξιώμασι
554 1082 704 1124 λαμὸάνει
716 1091 724 1099 ·
738 1082 774 1114 τὸ
787 1081 814 1114 δ’
827 1082 953 1123 ἄπειρον
974 1082 1033 1114 οὐκ
1045 1081 1082 1113 ἂν
1105 1081 1185 1114 εἷναί

119 1142 208 1164 ποτε.
228 1132 344 1164 Miram
366 1130 399 1162 in
421 1129 471 1162 his
491 1129 623 1162 Beklieri
651 1128 901 1162 inconstantiam
929 1129 1098 1170 videmus,
1130 1130 1185 1171 qui

121 1178 217 1211 inodo
247 1178 415 1219 ἀγέννητον
438 1177 534 1209 modo
553 1177 703 1218 ἀγένητον
725 1177 918 1209 exaraverit.
939 1178 1087 1218 Utroque
1115 1177 1186 1209 loco

119 1226 193 1258 cod.
209 1226 297 1267 Lips.
310 1224 471 1266 ἀγένητον,
488 1223 575 1265 quod
593 1223 685 1256 alteri
704 1223 834 1256 lectioni
847 1223 900 1256 liic
909 1225 995 1257 certe
1014 1223 1187 1265 praeieren-

119 1274 210 1307 dum.
226 1272 376 1307 Feliciani
390 1272 491 1304 verba
511 1280 519 1303 :
543 1284 560 1300 «ι
575 1273 656 1313 post
672 1270 765 1304 lzanc
789 1273 964 1304 rationem
983 1271 1183 1313 subjunyic,

118 1323 150 1354 si
170 1323 218 1354 sit
243 1318 406 1362 aliquid,
426 1321 479 1352 esc
497 1319 554 1352 vel
581 1320 778 1360 inqenitum
808 1318 862 1352 vel
887 1321 1047 1361 genitum
1064 1327 1138 1351 esse
1168 1332 1183 1347 »ι

120 1368 237 1402 indicio
257 1368 354 1408 sunt,
371 1366 405 1399 in
421 1367 493 1408 ejus
510 1366 591 1399 libro
604 1367 760 1408 scriptum
776 1366 890 1406 fnisse,
906 1368 933 1399 εἰ
946 1367 979 1400 δὲ
992 1366 1089 1406 ἐστιν,
1101 1366 1185 1398 ἔστιν

119 1417 190 1454 ἦτοι
217 1414 366 1455 ἀγένητον
393 1415 414 1454 ἢ
437 1413 603 1455 γενόμενον
626 1413 717 1446 εἶναι.
741 1416 824 1447 Tum
845 1422 923 1447 vero
946 1414 1081 1446 aiterum
1100 1413 1185 1446 ἔστιν

119 1461 279 1504 significat
299 1461 396 1503 licet,
408 1459 495 1502 fieri
518 1463 645 1502 potest.
662 1463 705 1494 At
734 1470 775 1494 ne
798 1470 881 1503 opus
904 1461 1036 1503 quidem
1058 1464 1107 1494 est
1126 1462 1186 1494 liae

118 1519 216 1550 voce,
232 1511 308 1552 quia
327 1509 533 1542 accusativus
548 1518 625 1541 cum
643 1508 803 1542 infinitivo
816 1518 834 1541 e
850 1511 927 1550 φησί
943 1509 1074 1550 pendet.
1088 1509 1184 1547 Quod

117 1557 205 1599 apud
226 1557 453 1601 casaubonum
468 1558 502 1589 et
524 1557 557 1588 in
578 1555 681 1588 tribus
701 1555 837 1589 Bekkeri
860 1556 956 1590 codd.
978 1555 1095 1598 legitur
1114 1556 1184 1596 ἦτοι

119 1606 170 1646 ἀγ.
193 1607 214 1645 ὴ
238 1606 282 1647 μὴ
300 1604 465 1647 γενόμενον
489 1604 605 1636 falsum
627 1612 695 1636 esse
712 1606 813 1645 patet.
839 1606 876 1636 ln
894 1604 1049 1645 Lipsiensi
1071 1613 1184 1637 exem-

28 1686 31 1697 5
120 1653 200 1694 plari
213 1655 299 1686 recte
312 1653 474 1684 omittitur
494 1651 549 1693 μή.
568 1650 692 1683 ibidem
710 1651 867 1693 reperitur
883 1652 1044 1694 γινόμενον
1062 1651 1184 1684 librarii

30 1700 41 1717 ⁵*
119 1709 228 1733 errore
244 1709 301 1741 pro
316 1698 494 1740 γενόμενον.
519 1699 628 1735 Quum
641 1698 727 1730 enim
741 1698 814 1730 aliis
827 1698 907 1731 locis
918 1698 1068 1731 librarius
1083 1698 1183 1739 γίγνε-

117 1749 193 1780 σθαι
213 1749 246 1780 et
263 1746 447 1788 γιγνόμενον
469 1745 608 1778 scribere
632 1745 754 1785 soleat,
771 1746 848 1778 illud
866 1746 1028 1787 γινόμενον
1055 1754 1186 1787 prorsus

119 1794 355 1836 repudiandum
368 1795 430 1827 est.
449 1795 475 1826 Ε
492 1792 600 1825 verbis
612 1793 648 1825 τὸ
661 1793 695 1826 δὲ
713 1793 841 1837 ἄπειρον
862 1793 920 1826 οὐκ
938 1794 975 1826 ἂν
994 1794 1074 1827 εἷναί
1094 1803 1183 1832 ποτε,

118 1843 150 1874 in
169 1842 288 1884 quibus
305 1842 378 1875 libri
395 1841 508 1883 scripti
529 1842 563 1874 et
584 1840 662 1874 editi
686 1842 915 1883 consentiunt,
943 1841 1023 1874 illud
1049 1852 1126 1874 ποτε
1144 1841 1184 1874 ad

117 1890 311 1923 sententiam
325 1899 389 1922 non
405 1891 455 1922 est
471 1889 769 1924 accommodatum.
785 1892 896 1930 Neque
909 1890 996 1923 enim
1013 1890 1183 1931 quaeritur,

70 1947 76 1952 ’
119 1946 304 1979 unquamne
320 1937 440 1979 suerit,
454 1945 493 1969 an
511 1937 554 1969 sit
570 1936 750 1975 infinitum,
764 1937 821 1971 sed
836 1938 890 1970 ubi
908 1939 968 1979 sit,
983 1947 1085 1978 quum
1100 1940 1183 1971 Gor-

117 1986 186 2027 gias
205 1986 370 2027 negaverit
398 1985 459 2017 lioc
485 1993 622 2026 usquam
648 1994 735 2026 esse,
761 1986 849 2028 quod
876 1995 981 2027 neque
1000 1987 1032 2018 in
1057 1995 1092 2019 se
1116 1987 1186 2026 ipso

119 2041 226 2074 neque
247 2034 280 2066 in
302 2033 366 2066 alio
382 2034 476 2065 esset.
498 2031 549 2064 Gi.
565 2032 655 2064 Sext.
674 2034 769 2074 Emp.
784 2033 858 2066 adv.
875 2034 975 2066 Matli.
995 2035 1057 2066 vit
1078 2033 1152 2076 §69
1174 2045 1182 2066 ε

119 2080 193 2114 εἰδὲ
205 2080 332 2123 ἄπειρόν
351 2080 450 2119 ἐστιν,
465 2079 606 2121 οὐδαμοῦ
621 2079 718 2112 ἐστιν.
741 2080 874 2113 Accedit
893 2081 979 2122 quod
998 2082 1184 2122 sequentia,

117 2126 151 2158 in
177 2126 297 2167 quibus
325 2130 539 2168 praeterquam
567 2126 652 2167 quod
685 2128 830 2169 μηδαμοῦ
859 2127 975 2168 legitur
1008 2127 1104 2160 simul
1128 2130 1184 2161 Ze·

119 2173 214 2206 nonis
236 2173 278 2206 de
300 2174 404 2214 spatio
427 2172 588 2206 sententia
610 2177 821 2215 memoratur,
842 2175 972 2207 abunde
992 2177 1132 2215 arguunt
1145 2175 1186 2209 de

119 2221 191 2253 loco
207 2220 260 2253 bic
276 2220 444 2262 disputari.
464 2223 571 2260 Quam
590 2220 633 2253 ob
658 2230 791 2255 oausam
812 2222 942 2255 Fossius
958 2223 1094 2264 expulso
1110 2234 1186 2256 ποτε

118 2267 248 2309 scripsit
267 2278 341 2301 που.

165 2317 218 2349 24.
241 2316 314 2349 οὔτε
333 2315 394 2358 γὰρ
418 2316 449 2349 ἐν
472 2317 558 2359 αὑτῷ
578 2317 644 2351 οὔτ’
657 2317 694 2350 ἂν
716 2317 748 2350 ἐν
766 2317 850 2359 ἄλλῳ
870 2318 969 2350 εἶναι·
992 2318 1047 2350 δύο
1070 2317 1129 2359 γὰρ
1149 2318 1185 2350 ἄν

121 2364 223 2401 οὕτως
237 2364 258 2403 ἢ
271 2363 374 2396 πλείω
385 2363 464 2397 εἶναι
475 2388 485 2404 ,
499 2364 536 2397 τό
549 2376 583 2398 τε
602 2365 669 2398 ἐνὸν
682 2365 735 2397 καὶ
756 2365 793 2398 τὸ
816 2365 848 2398 ἐν
870 2365 915 2406 ᾧ,
930 2366 1078 2406 μηδαμοῦ
1097 2366 1130 2397 δὲ
1152 2366 1186 2398 ὃν

119 2410 191 2443 οὐδὲ
219 2411 299 2444 εἶναι
326 2411 410 2443 κατὰ
439 2411 492 2444 τὸν
524 2413 667 2451 Ζήνωνος
695 2412 790 2453 λόγον
812 2413 882 2454 περὶ
904 2416 958 2451 τῆς
980 2413 1096 2454 χώρας.
1127 2414 1187 2445 Hic

120 2458 320 2499 praecipuum
341 2458 518 2500 mendum,
532 2459 621 2501 quod
638 2460 670 2492 in
683 2460 835 2492 omnibus
854 2459 949 2492 codd.
972 2463 1078 2493 exstat
1093 2460 1130 2493 τό
1153 2473 1185 2493 τε

120 2506 151 2537 ἓν
167 2504 202 2537 ὂν
214 2505 280 2545 jam
294 2505 458 2538 sublatum
475 2515 494 2538 a
509 2506 656 2539 Bekkero
669 2507 718 2539 est
732 2507 789 2547 qui
805 2506 842 2540 τό
861 2518 895 2539 τε
916 2507 984 2539 ἐνὸν
1006 2508 1184 2541 substituit.

119 2553 218 2593 Quod
230 2554 284 2587 ille
300 2555 470 2586 mutuatus
485 2554 616 2587 videtur
628 2563 648 2586 a
662 2555 772 2587 Fossio
787 2555 843 2596 qui
862 2554 932 2595 ejus
951 2555 1186 2588 emendationis

119 2603 288 2634 auctorem
309 2601 465 2634 Meierum
484 2610 556 2635 esse
575 2602 733 2643 perhibet.
749 2601 933 2634 casauboni
949 2603 1108 2644 scriptura
1129 2616 1188 2646 μη-

119 2650 223 2690 δαμοῦ
243 2649 312 2681 δέον
333 2649 488 2682 mutanda
502 2651 552 2683 est
566 2650 597 2682 in
610 2650 757 2691 μηδαμοῦ
770 2649 804 2682 δὲ
816 2650 864 2690 ὃν,
878 2650 964 2690 quod
978 2651 1090 2684 Fossio
1104 2651 1187 2685 duce

121 2695 195 2728 iecit
218 2695 392 2729 Bekkerus.
418 2698 455 2728 ln
478 2696 552 2729 cod.
579 2697 668 2737 Lips.
690 2696 805 2737 legitur
823 2698 951 2730 tantum
974 2699 1119 2740 μηδαμοῦ
1138 2699 1185 2732 ὃν.

119 2742 216 2781 Quod
229 2743 379 2785 sequitur
394 2742 466 2776 οὐδὲ
479 2743 559 2776 εἶναι
579 2743 661 2776 κατὰ
675 2743 729 2777 τὸν
743 2744 884 2782 Ζήνωνος
896 2744 990 2785 λόγον
1002 2753 1066 2777 non
1081 2745 1187 2778 minus

121 2790 298 2831 probamus
312 2815 321 2830 ,
335 2800 432 2832 quam
448 2791 522 2824 cod.
541 2791 625 2833 Lips.
644 2790 813 2824 lectionem
829 2791 918 2824 οὐδὲν
931 2791 1010 2824 εἶναι
1031 2792 1114 2825 κατὰ
1133 2794 1186 2826 τὸν

120 2840 176 2870 τοῦ
191 2838 333 2877 Ζήνωνος
349 2838 453 2880 λόγον.

164 2889 217 2918 26.
241 2885 407 2926 ἀγέννητον
427 2886 483 2927 μὲν
511 2885 565 2918 οὖν
590 2886 643 2919 διὰ
665 2884 751 2918 ταῦτ’
774 2886 833 2919 οὐκ
856 2886 952 2923 εἶναι,
970 2886 1008 2919 οὐ
1031 2887 1091 2930 μὴν
1117 2888 1186 2920 οὐδὲ

120 2932 298 2975 γενόμενον.
320 2933 381 2966 Hic
394 2942 526 2975 quoque
546 2933 655 2976 inepte
673 2933 838 2967 Bekkerus
853 2934 1020 2976 ἀγέννητον
1042 2944 1100 2977 pro
1116 2935 1187 2978 ἀγέ-

122 2990 226 3019 νητον.

64 3062 70 3068 ,
164 3029 217 3061 27.
239 3028 383 3070 γενέσθαι
399 3031 473 3070 γοῦν
491 3029 579 3063 οὐδὲν
591 3030 629 3063 ἂν
646 3029 711 3063 οὔτ’
729 3030 760 3067 ἐξ
772 3029 860 3067 ὄντος
885 3030 951 3063 οὔτ’
965 3030 1002 3062 ἐκ
1025 3031 1068 3072 μὴ
1085 3030 1184 3068 ὄντος.

122 3074 287 3108 Bekkerus
303 3075 344 3108 ad
358 3075 532 3117 Lipsiensis
554 3077 628 3110 libri
653 3077 880 3110 auctoritatem
901 3086 936 3110 se
957 3078 1113 3118 applicuit
1131 3079 1186 3119 qui

122 3123 265 3162 γενέσθαι
290 3120 367 3163 γοῦν
383 3123 524 3157 exhibet.
538 3127 575 3157 1n
598 3124 731 3166 reliquis
744 3128 894 3166 corrupte
912 3125 1029 3166 legitur
1040 3127 1184 3166 γενέσθαι

36 3169 71 3217 v{ff
123 3169 190 3201 τὸν.
204 3170 336 3202 Fossius
347 3170 409 3213 γὰρ
424 3170 478 3204 οὖν
490 3171 635 3213 scripsit,
653 3172 742 3214 quod
762 3174 796 3206 et
816 3173 887 3214 ipse
913 3173 1088 3214 posuissem
1102 3197 1111 3213 ‚
1126 3173 1185 3206 nisi

123 3220 200 3296 γοῦν
214 3220 321 3296 possset
332 3218 473 3252 defendi.
488 3219 538 3252 Ad
549 3222 743 3254 sententiam
758 3221 846 3263 quod
861 3222 976 3255 attinet
1000 3221 1042 3255 cs.
1067 3222 1185 3254 Melissi

139 3272 227 3304 ragm

38 3308 66 3335 Τ
168 3315 221 3345 28.
245 3312 272 3344 εἰ
285 3311 345 3354 γὰρ
357 3313 393 3345 τὸ
410 3312 446 3347 ὃν
459 3315 647 3357 μεταπέσοι,
662 3316 720 3350 οὐκ
732 3317 769 3349 ἂν
783 3316 826 3350 ἐτ’
839 3318 919 3350 εἶναι
932 3317 967 3349 τὸ
982 3317 1061 3358 (W,
1040 3327 1146 3360 ωσπερ
1157 3316 1185 3358 γ’

125 3359 154 3390 εἶ
167 3359 220 3391 καὶ
233 3359 270 3392 τὸ
287 3360 331 3400 μὴ
344 3359 378 3392 ὂν
391 3361 529 3401 γένοιτο,
543 3362 602 3396 οὐκ
614 3363 652 3396 ἂν
665 3364 711 3396 ἔτι
724 3365 772 3403 εἴη
788 3364 862 3407 μὴ’
847 3375 892 3396 ον.
912 3364 983 3397 οὐδὲ
1003 3365 1063 3406 μὴν
1080 3364 1143 3396 οὐδ’
1157 3364 1186 3401 ἐξ

126 3406 213 3443 ὄντος
227 3406 264 3438 ἂν
283 3408 437 3447 γενέσθαι.
453 3409 480 3441 εἰ
493 3420 549 3451 μεν
571 3412 629 3453 γὰρ
643 3412 686 3454 μή
701 3412 767 3444 ἐστι
787 3413 823 3445 τὸ
844 3414 886 3454 μὴ
908 3412 956 3452 ὄν,
977 3412 1065 3444 οὐδὲν
1090 3412 1127 3444 ἂν
1150 3411 1186 3444 ἐκ

13 3493 14 3498 1
62 3467 76 3483 ;
127 3454 287 3494 μηδενὸς“
272 3465 310 3487 αν
324 3455 487 3496 γενέσθαι·
502 3457 530 3490 εἰ
549 3458 577 3490 δ’
593 3457 661 3491 ἐστι
677 3459 713 3491 τὸ
734 3459 811 3500 μὴ’
795 3470 842 3500 ον,
856 3459 897 3492 δι’
913 3460 992 3502 ἅπερ
1007 3458 1072 3491 οὐδ’
1083 3458 1119 3491 ἐκ
1131 3460 1186 3490 τοῦ

12 3513 14 3515 ·
40 3479 82 3552 {f
125 3500 232 3541 ὄντος,
246 3501 298 3534 διὰ
321 3505 422 3535 ταῦτα
444 3501 508 3536 οὐδ
523 3504 562 3537 ἐκ
579 3508 635 3538 τοῦ
649 3505 721 3547 μὴ’
705 3517 792 3543 οντος
813 3507 968 3547 γενέσθαι.
987 3509 1036 3538 lta
1054 3505 1186 3539 Bekkeii

12 3583 16 3596 ,Ἴ
48 3547 74 3587 ζ
130 3547 227 3582 editio
242 3558 316 3591 quae
334 3549 367 3582 in
382 3559 422 3583 eo
442 3551 644 3592 potissimum
670 3561 689 3585 a
713 3554 959 3586 casauboniana
983 3554 1035 3586 hic
1057 3553 1184 3595 cistert,

234 3614 354 3638 mimos.
376 3617 392 3638 (i
399 3619 415 3640 ii
423 3619 466 3641 iziz.

38 2237 66 2322 seor*
31 2063 62 2228 *as-1:⁴3&
27 1930 57 2048 30221
32 1911 35 1914 '
34 1892 43 1895 ²
28 1785 53 1818 '-'

28 2525 43 2583 si

10 2598 13 2601 ·
29 2586 38 2632 i

17 3651 20 3654 ,
47 3626 74 3663 r]

38 3692 85 3743 i

2242 290 2315 323 305

1241 363 1324 413 γοῦν
1344 358 1442 398 οὒδὲν
1470 359 1511 398 ἂν
1539 358 1612 398 οὔτ’
1626 358 1662 405 ἐξ
1688 359 1804 409 ὄντος,
1825 359 1897 399 οὔτ’
1918 362 1958 399 ἐκ
1978 360 2027 411 μὴ
2051 361 2161 406 ὄντος·
2187 363 2217 400 εἰ
2238 362 2310 415 γὰρ

1243 420 1283 459 τὸ
1302 419 1339 460 ὂν
1368 419 1552 471 γενόμενον
1592 420 1808 470 μεταπέσοι,
1831 421 1894 458 οὐκ
1929 419 1970 459 ἂν
2000 420 2048 459 ἔτ’
2075 415 2165 461 εἶναι
2197 423 2235 461 τὸ
2255 421 2310 472 ὄν,

1244 477 1364 532 ὥσπερ
1385 477 1416 530 γ’
1437 480 1468 517 εἰ
1491 478 1551 517 καὶ
1574 478 1615 518 τὸ
1640 478 1689 529 μὴ
1709 477 1747 517 ὂν
1769 478 1920 530 γένοιτο,
1951 480 2015 518 οὐκ
2040 479 2083 518 ἂν
2106 479 2158 518 ἔτι
2179 480 2232 529 εἴη
2259 483 2309 531 μὴ

1244 538 1299 579 ὄν.
1357 537 1452 577 Οὐδὲ
1487 537 1557 589 μὴν
1584 539 1658 577 οὐδ’
1679 540 1719 577 ἐκ
1739 538 1790 590 μὴ
1817 537 1912 583 ὄντος
1933 538 1973 576 ἂν
1999 538 2180 590 γενέσθαι·
2200 541 2229 577 εἰ
2247 539 2311 590 μὲν
2330 547 2366 573 30

1243 596 1312 650 γὰρ
1330 596 1379 647 μὴ
1401 596 1476 636 ἔστι
1500 597 1540 636 τὸ
1570 597 1662 649 μὴ’
1641 614 1691 646 ον,
1717 596 1855 637 οὐδέν’λ
1837 614 1880 636 αν
1906 599 1946 636 ἐκ
1967 598 2114 649 μηδενὸς
2133 598 2311 649 γενέσθαι.

1248 658 1294 697 Εἰ
1312 656 1344 695 δ’
1365 655 1441 696 ἔστι
1467 657 1507 697 τὸ
1538 656 1588 708 μὴ
1627 657 1678 706 ὄν,
1698 658 1744 696 δι’
1763 656 1854 710 ἅπερ
1875 657 1947 696 οὐδ’
1966 659 2006 696 ἐκ
2035 672 2095 695 του
2124 656 2234 706 ὄντος,
2255 657 2313 696 διὰ

1245 720 1358 756 ταῦτα
1354 707 1484 756 οὐδ”
1469 733 1510 755 εκ
1530 720 1590 756 τοῦ
1609 716 1696 769 μὴ’
1676 731 1772 761 οντος
1788 714 1975 789 γενέσθαι
2027 717 2074 756 Εἰ
2094 710 2152 755 οὖν
2172 715 2310 766 ἀνάγκη

1248 776 1324 826 μέν,
1345 776 1443 830 εἴπερ
1479 775 1556 815 ἔστι
1577 792 1625 826 τι,
1650 776 1728 824 ἤτοι
1749 774 1919 828 ἀγένητον
1943 768 2032 815 εῖναι
2067 774 2310 827 ἢγενόμενον,

1246 840 1359 875 ταῦτα
1377 836 1413 875 δὲ
1428 836 1645 885 ἀδύνατον,’
1627 836 1796 875 αδύνατόν
1818 853 1853 875 τι
1872 853 1933 875 και
1954 839 2057 876 εἶναι.
2100 833 2200 885 ἼΞτι,
2215 835 2312 889 εἴπερ
2334 849 2367 875 35

1248 987 1335 1028 quod
1354 996 1411 1028 pro
1427 987 1544 1020 vitioso
1557 988 1664 1029 διόπερ
1683 987 1827 1029 positum
1841 989 1889 1019 est
1905 986 1944 1019 δι’
1965 987 2054 1029 ἅπερ.
2077 990 2150 1020 Jam
2171 988 2313 1029 primum

1247 1034 1414 1067 verissime
1430 1035 1556 1067 monuit
1575 1034 1704 1068 Fossius
1716 1059 1725 1075 ,
1746 1043 1810 1067 non
1833 1035 2027 1076 μεταπέσοι,
2044 1035 2099 1067 sed
2122 1036 2244 1076 γένοιτο
2266 1044 2314 1068 re-

1247 1082 1331 1122 quiri
1346 1084 1416 1123 post
1432 1083 1459 1115 εἰ
1472 1083 1532 1125 γὰρ
1544 1082 1579 1115 τὸ
1596 1082 1644 1124 ὃν,
1658 1082 1794 1124 ideoque
1808 1083 1876 1123 ipse
1888 1082 1969 1115 illud
1986 1082 2121 1115 verbum
2136 1085 2169 1115 in
2183 1082 2247 1115 hoc
2262 1091 2314 1115 vo-

1247 1129 1399 1161 cabulum
1412 1130 1559 1162 mutavit.
1572 1129 1634 1162 Sed
1647 1139 1748 1170 quum
1764 1130 1853 1161 nullo
1867 1130 1916 1162 vel
1928 1130 2116 1162 mutationis
2127 1130 2176 1163 vel
2187 1129 2312 1163 lacunae

1249 1176 1383 1216 vestigio
1401 1177 1512 1210 relicto
1534 1178 1566 1209 in
1588 1177 1742 1210 omnibus
1768 1177 2011 1219 exemplaribus
2039 1178 2164 1210 calamo
2185 1178 2313 1219 scriptis

1248 1225 1420 1265 μεταπέσοι
1431 1227 1617 1266 compareat
1625 1233 1731 1265 neque
1742 1227 1848 1257 tamen
1860 1224 1950 1257 notio
1959 1227 2016 1257 τοῦ
2027 1224 2188 1266 γίγνεσθαι
2201 1225 2315 1258 abesse

1248 1271 1367 1313 possit,
1386 1272 1464 1304 mihi
1485 1272 1607 1305 inserto
1621 1271 1791 1313 participio
1809 1271 1978 1314 γενόμενον
1993 1272 2237 1305 rescribendum
2267 1274 2313 1304 vi-

1246 1319 1342 1352 detur·
1360 1320 1387 1352 εἰ
1406 1320 1467 1362 γὰρ
1487 1320 1523 1352 τὸ
1543 1320 1578 1352 ὃν
1601 1319 1767 1361 γενόμενον
1793 1320 1976 1360 μεταπέσοι.
2004 1318 2133 1352 Fossius
2161 1321 2312 1359 praeterea

1246 1367 1409 1408 duplicem
1427 1368 1647 1409 conjecturam
1662 1367 1823 1405 tentavit,
1838 1375 1977 1407 quarum
1994 1367 2094 1399 altera
2111 1369 2161 1399 est
2177 1376 2188 1400 ε
2207 1367 2235 1399 εἰ
2255 1367 2314 1409 γὰρ

1246 1415 1281 1446 τὸ
1298 1414 1332 1446 ὂν
1347 1413 1480 1456 [γένοιτο
1492 1440 1501 1455 ,
1521 1418 1711 1456 μεταπεσεῖν
1725 1414 1774 1447 ἄν·
1789 1416 1817 1448 εἰ
1830 1414 1875 1456 δὲ]
1889 1414 2080 1455 μεταπέσοι,
2095 1414 2195 1446 altera
2208 1415 2236 1446 εἰ
2256 1414 2315 1457 γὰρ

1246 1463 1281 1494 τὸ
1295 1462 1330 1494 ὃν
1344 1463 1533 1503 μεταπέσοι,
1551 1463 1610 1497 οὐκ
1630 1462 1668 1495 ἄν
1687 1462 1730 1495 ἔτ’
1743 1462 1822 1494 εἶναι
1840 1462 1875 1493 τὸ
1896 1461 1942 1494 ὄν·
1960 1460 2164 1503 [μεταπεσεῖν
2179 1459 2205 1493 δ’
2217 1461 2266 1497 ἂν,
2287 1462 2314 1494 εἰ

1246 1508 1393 1552 γένοιτο].
1409 1510 1514 1542 Athis
1532 1512 1679 1542 nostram
1693 1509 1890 1542 medicinam
1905 1509 2135 1549 simpliciorem
2153 1517 2223 1541 esse
2239 1516 2314 1541 con·

1247 1557 1389 1590 fidimus.
1408 1559 1491 1596 Quae
1506 1558 1651 1599 proxime
1676 1559 1868 1598 sequuntur,
1889 1558 1942 1589 καὶ
1960 1556 2000 1588 ad
2015 1558 2052 1589 τὸ
2069 1557 2112 1598 μὴ
2130 1557 2164 1589 ὃν
2190 1556 2312 1597 relato,

1246 1613 1320 1637 cum
1341 1606 1451 1638 Fossio
1469 1605 1543 1638 licet
1562 1605 1761 1646 interpretari
1789 1615 1797 1636 ε
1818 1607 1859 1637 ut
1876 1606 1984 1637 etiam
2003 1613 2072 1636 non
2093 1613 2174 1644 ens,
2197 1605 2228 1637 si
2247 1612 2313 1638 na·

1245 1656 1416 1692 δανείων,
1438 1661 1505 1685 non
1528 1655 1617 1686 esset
1634 1661 1703 1685 non
1722 1661 1797 1685 ens.
1818 1651 1942 1685 Deinde
1966 1651 1998 1683 in
2025 1651 2137 1684 codice
2154 1652 2313 1693 Lipsiensi

1247 1700 1317 1733 liaec
1334 1701 1452 1741 scripta
1470 1701 1679 1733 inveniuntur
1693 1708 1703 1732 ε
1716 1699 1787 1732 οὐδὲ
1802 1700 1862 1740 μὴν
1879 1698 1944 1731 οὐδ’
1959 1699 1991 1736 ἐξ
2007 1698 2093 1736 ὄντος
2106 1700 2143 1731 ἂν
2155 1700 2311 1740 γενέσθαι·

1246 1749 1273 1781 εἰ
1295 1749 1350 1789 μὲν
1368 1749 1427 1790 γὰρ
1442 1749 1485 1790 μή
1498 1749 1564 1781 ἔστι
1576 1749 1612 1781 τὸ
1628 1749 1670 1789 μὴ
1690 1748 1736 1788 ὄν,
1761 1746 1872 1789 διὰπερ
1888 1747 1952 1779 οὐδ’
1967 1747 2002 1779 ἐκ
2014 1750 2070 1779 τοῦ
2089 1747 2131 1786 μὴ
2151 1747 2239 1785 ὄντος
2259 1759 2312 1789 γε·

1245 1797 1363 1829 νέσθαι.
1384 1799 1466 1837 Ergo
1490 1796 1608 1829 librarii
1625 1795 1816 1837 negligentia
1832 1795 1951 1827 omissa
1970 1798 2044 1826 sunt
2060 1795 2157 1827 verba
2173 1795 2262 1829 οὐδὲν
2276 1797 2314 1828 ἂν

1246 1845 1282 1877 ἐκ
1296 1845 1428 1887 μηδενὸς
1445 1844 1482 1876 ἂν
1494 1844 1653 1885 γενέσθαι.
1672 1843 1699 1875 εἰ
1713 1843 1740 1875 δ’
1760 1842 1826 1874 ἔστι
1842 1843 1877 1873 τὸ
1893 1843 1935 1882 μή
1950 1841 1985 1874 ὂν
2003 1842 2035 1873 et
2058 1842 2109 1874 διὰ
2131 1845 2230 1874 ταῦτα
2247 1843 2313 1875 οὐδ’

1247 1893 1282 1924 ἐκ
1300 1895 1356 1924 τοῦ
1371 1892 1415 1934 μὴ
1435 1891 1542 1932 ὄντος,
1563 1899 1638 1932 quae
1654 1890 1694 1922 ad
1715 1888 1884 1921 sententiae
1901 1888 2118 1927 integritatem
2138 1891 2315 1922 necessaria

1246 1949 1318 1973 esse
1335 1939 1447 1980 liquet.
1461 1940 1626 1972 Caeterum
1645 1946 1704 1978 pro
1722 1937 1792 1970 οὐδὲ
1807 1937 1868 1978 μὴν
1883 1936 1948 1969 οὐδ’
1966 1937 1997 1974 ἐξ
2012 1936 2099 1974 ὄντος
2109 1937 2147 1969 ἂν
2158 1939 2313 1978 γενέσθαι,

1247 1996 1321 2029 quae
1341 1987 1522 2021 Felicianus
1540 1986 1772 2026 interpretatur
1787 1984 1847 2017 sed
1867 1993 1977 2025 neque
1997 1992 2042 2017 ex
2060 1992 2129 2017 non
2156 1988 2235 2018 ente
2259 1994 2314 2026 (Je-

1247 2037 1365 2068 nitum
1382 2037 1433 2067 esc
1442 2034 1503 2075 legi
1514 2034 1663 2074 oportere
1679 2032 1750 2065 οὐδὲ
1766 2032 1826 2074 μὴν
1841 2031 1906 2064 οὐδ’
1917 2032 1952 2064 ἐκ
1963 2033 2006 2073 μή
2023 2031 2110 2069 ὄντος
2124 2033 2160 2064 ἂν
2172 2033 2313 2072 γενέσθαι

1248 2091 1312 2114 non
1339 2081 1421 2122 sugit
1453 2081 1624 2120 Fossium‚
1641 2080 1697 2122 qui
1724 2080 1818 2120 longa
1839 2079 2058 2119 disputatione
2083 2080 2145 2111 lioc
2166 2082 2315 2114 evincere

1247 2130 1368 2162 studet.
1389 2131 1431 2162 At
1447 2130 1557 2161 minus
1571 2130 1657 2160 recte
1669 2127 1755 2160 idem
1767 2127 1818 2160 vir
1828 2127 1948 2167 duplex
1963 2127 2001 2159 ἂν
2018 2127 2146 2167 reliquit
2160 2127 2191 2159 in
2206 2128 2314 2161 verbis

1246 2177 1335 2210 οὐδὲν
1346 2177 1383 2209 ἂν
1396 2177 1433 2209 ἐκ.
1446 2176 1577 2219 μηδενὸς
1590 2176 1627 2208 ἂν
1639 2175 1792 2215 γενέσθαι.
1809 2176 1875 2207 Nos
1897 2174 2055 2214 posterius
2067 2175 2104 2207 ἂν
2120 2174 2311 2209 delevimus.

1249 2225 1394 2266 Denique
1412 2234 1471 2265 pro
1490 2223 1598 2265 διόπερ
1617 2224 1649 2255 et
1671 2223 1724 2255 διὰ
1739 2222 1840 2254 ταύτὰ
1860 2231 1935 2263 quae
1955 2223 2086 2255 Fossius
2107 2223 2234 2263 posuit,
2256 2222 2313 2256 de—

1248 2273 1407 2305 sideratur
1419 2270 1460 2305 δι’
1473 2272 1552 2313 ἅπερ
1565 2273 1599 2304 et
1612 2271 1663 2303 διὰ
1675 2273 1785 2303 ταῦτα.

1290 2324 1342 2354 33.
1361 2321 1387 2353 εἶ
1402 2319 1455 2352 οὖν
1470 2319 1592 2360 ἀνάγκη
1608 2319 1662 2360 μέν
1675 2342 1684 2354 ,
1699 2318 1786 2360 εἴπερ
1806 2317 1873 2350 ἔστι
1890 2329 1918 2349 τι
1932 2343 1940 2358 ,
1958 2318 2028 2357 ἤτοι
2049 2317 2216 2359 ἀγέννητον
2234 2319 2311 2351 εἶναι

1249 2369 1268 2408 ἢ
1288 2368 1474 2409 γενόμενον,
1491 2370 1592 2399 ταῦτα
1611 2366 1645 2399 δὲ
1661 2366 1812 2398 ἀδύνατόν
1833 2377 1865 2398 τι
1881 2366 1935 2398 καὶ
1955 2365 2046 2398 εἶναι.
2065 2368 2113 2398 lta
2134 2366 2204 2398 haec
2226 2366 2310 2408 apud

1249 2416 1431 2449 Bekkerum
1443 2416 1607 2456 leguntur,
1616 2413 1671 2446 sed
1688 2413 1835 2446 vitiosius
1847 2414 1945 2446 etiam
1958 2413 2043 2454 apud
2056 2413 2285 2446 Gasaubonum
2301 2427 2308 2447 ι

1249 2465 1275 2497 εἴ.
1294 2463 1348 2495 οὖν
1364 2462 1485 2503 ἀνάγκη
1506 2463 1561 2503 μέν
1573 2487 1583 2503 ,
1606 2462 1690 2504 εἴπερ
1710 2461 1776 2494 ἐστί
1789 2472 1819 2493 τι
1830 2485 1840 2499 ,
1855 2462 1875 2500 ἢ
1890 2461 1926 2494 τὸ
1943 2461 2110 2502 ἀγέννητον
2127 2462 2206 2494 εἶναι
2221 2463 2241 2500 ἢ
2263 2473 2313 2502 γε·

1248 2511 1391 2551 νόμενον.
1417 2513 1518 2542 ταῦτα
1534 2510 1567 2542 δὲ
1589 2508 1739 2542 ἀδύνατόν
1749 2519 1779 2541 τι
1797 2509 1851 2540 καὶ
1868 2508 1960 2541 εἶναι.
1976 2512 2118 2549 Apparet
2132 2508 2313 2541 Bekkerum

1250 2556 1414 2599 Sylburgii
1439 2555 1701 2589 emendationem
1731 2555 1799 2594 ἤτοι
1827 2563 1885 2595 pro
1918 2563 1956 2587 eo
1982 2554 2070 2596 quod
2100 2554 2133 2586 in
2160 2555 2312 2588 omnibus

1250 2603 1347 2637 codd.
1378 2604 1540 2645 reperitur
1569 2604 1590 2642 ἢ
1620 2603 1656 2636 τὸ
1687 2611 1752 2635 non
1779 2603 1947 2634 nominato
1972 2605 2106 2634 auctore
2140 2604 2311 2644 recepisse.

1250 2652 1383 2692 Reliqua
1406 2651 1500 2693 plana
1517 2651 1604 2683 sunt.
1651 2649 1801 2682 iteranda
1818 2651 1867 2682 est
1890 2657 1952 2680 vox
1979 2649 2130 2681 ἀδύνατον
2143 2672 2153 2689 ,
2173 2648 2206 2680 id
2224 2650 2313 2690 quod

1248 2699 1315 2739 jam
1340 2699 1474 2732 Fossius
1492 2707 1509 2731 e
1526 2698 1681 2731 Feliciani
1701 2697 1966 2738 interpretatione
1980 2697 2111 2729 videtur
2131 2697 2311 2737 collegisse.

1249 2746 1356 2778 Vertit
1373 2745 1460 2778 enim
1474 2745 1634 2786 interpres
1651 2745 1706 2778 ille
1729 2745 1763 2777 in
1782 2745 1870 2777 hunc
1887 2744 2020 2777 modum
2044 2752 2052 2773 :
2072 2756 2089 2772 «ι
2107 2745 2267 2781 Quocirca
2286 2745 2311 2777 si

1249 2802 1381 2826 necesse
1396 2795 1468 2833 est,
1489 2793 1527 2825 ut
1544 2793 1572 2825 si
1588 2792 1767 2834 quidquam
1781 2795 1850 2832 est,
1869 2791 1902 2825 id
1926 2792 1976 2825 vel
1997 2791 2174 2833 ingenitum
2198 2792 2240 2825 sit
2260 2793 2311 2825 vel

1248 2840 1410 2881 genitum,
1438 2840 1510 2872 haec
1540 2843 1648 2873 autem
1674 2839 1742 2872 fieri
1767 2841 1957 2882 nequeunt;
1980 2842 2016 2872 ut
2044 2840 2220 2881 quidquam
2249 2840 2311 2880 sit,

1248 2887 1316 2919 fieri
1333 2887 1428 2919 etiam
1447 2887 1536 2920 nullo
1556 2887 1653 2920 modo
1670 2889 1788 2929 potest.
1807 2900 1823 2916 υ
1869 2888 1953 2921 lllud
1979 2890 2086 2921 tamen
2110 2897 2175 2919 non
2196 2888 2312 2921 inutile

1249 2934 1310 2967 erit
1327 2942 1493 2975 quaerere,
1520 2933 1603 2967 sitne
1626 2935 1729 2968 satius
1748 2938 1848 2968 ταῦτα
1869 2935 1904 2968 δὲ
1921 2935 2061 2968 ἀδύνατα
2091 2943 2132 2966 an
2156 2936 2309 2968 ἀδύνατον

1248 2981 1400 3014 scribere.
1447 2977 1606 3023 Equidem
1627 2985 1796 3025 propterea
1814 2983 2010 3023 singularem
2028 2991 2202 3014 numerum
2224 2992 2309 3024 prae-

1248 3029 1336 3070 fero,
1353 3029 1439 3070 quod
1460 3029 1606 3070 ejusdem
1627 3031 1777 3064 vocabuli
1797 3031 1946 3072 repetitio
1970 3030 2079 3071 procul
2099 3030 2200 3062 dubio
2213 3039 2310 3062 causa

1248 3077 1309 3110 suit
1323 3102 1332 3117 ‚
1353 3086 1412 3110 cui·
1440 3077 1580 3110 alterum
1602 3078 1754 3112 ἀδύνατον
1771 3088 1790 3112 a
1821 3078 1958 3111 librariis
1979 3086 2093 3120 parum
2119 3077 2310 3110 curantibus

1247 3125 1325 3166 quid
1355 3128 1529 3159 exararent
1553 3127 1773 3160 omitteretur.
1817 3127 1979 3159 Praeterea
2012 3134 2087 3157 cum
2118 3125 2189 3157 cod.
2221 3125 2308 3166 Lips.

1250 3173 1471 3215 reponendum
1498 3174 1659 3214 ἀγένητον.
1705 3175 1843 3208 Proinde
1862 3174 1966 3207 oratio
1982 3173 2029 3205 sic
2045 3172 2277 3205 conformanda
2300 3186 2308 3205 ι

1247 3221 1274 3252 εἰ
1290 3219 1343 3253 οὖν
1360 3220 1484 3262 ἀνάγκη
1497 3221 1552 3263 μέν
1564 3245 1574 3262 ,
1589 3221 1675 3264 εἴπερ
1690 3222 1757 3255 ἔστι
1773 3233 1802 3255 τι
1815 3245 1824 3262 ,
1841 3222 1911 3261 ἤτοι
1929 3220 2080 3262 ἀγένητον
2094 3220 2172 3253 εἶναι
2189 3221 2209 3259 ἢ
2224 3221 2310 3262 γενό-

1248 3279 1339 3309 μενον
1349 3292 1360 3311 ,
1376 3273 1475 3302 ταῦτα
1497 3269 1530 3302 δὲ
1545 3270 1709 3309 ἀδύνατον,
1730 3271 1881 3304 ἀδύνατόν
1897 3282 1927 3303 τι
1944 3271 1997 3302 καὶ
2017 3270 2109 3303 εἶναι.

1291 3319 1343 3350 35.
1364 3316 1409 3349 ἔτι
1428 3317 1514 3361 simp
1527 3316 1612 3350 ἔστιν
1624 3341 1633 3357 ,
1651 3319 1683 3351 ἓν
1700 3319 1720 3358 ἢ
1745 3319 1844 3352 πλείω
1857 3345 1866 3359 ,
1883 3318 1994 3359 φησίν,
2021 3317 2104 3351 ἐστίν
2117 3328 2126 3337 ·
2146 3317 2209 3349 εἶτε
2232 3317 2309 3357 μήτε

1248 3363 1278 3396 ἓν
1299 3363 1376 3404 μήτε
1391 3364 1491 3396 πολλοὶ
1503 3387 1514 3404 ,
1528 3364 1617 3398 οὐδὲν
1630 3366 1670 3398 ἂν
1686 3365 1747 3405 εἴη.
1793 3368 1871 3399 Haec
1885 3365 2047 3398 Bekkerus
2058 3366 2124 3405 jam
2142 3364 2247 3403 aliqua
2267 3372 2308 3395 ex

1249 3414 1339 3451 parte
1354 3419 1374 3443 e
1393 3410 1503 3443 codice
1517 3412 1672 3453 Lipsiensi
1688 3412 1894 3452 emendavit,
1909 3413 1963 3444 ubi
1983 3412 2098 3452 legitur
2114 3411 2200 3452 εἴπερ
2217 3411 2301 3442 ἐστιν

1249 3458 1282 3490 ἓν
1299 3458 1319 3497 ἢ
1338 3458 1455 3501 πλείω,
1470 3458 1587 3492 deinde
1603 3468 1678 3492 vero
1691 3483 1700 3499 ‚
1726 3459 1758 3492 id
1776 3460 1863 3500 quod
1886 3459 2046 3500 neglexit,
2067 3459 2094 3491 εἰ
2111 3458 2145 3490 δὲ
2159 3458 2237 3497 μήτε
2253 3457 2285 3489 ἓν
2297 3481 2306 3496 ,

1249 3513 1312 3546 qua
1329 3505 1488 3546 scriptura
1503 3507 1700 3538 evanescunt
1714 3506 1855 3539 tenebrae
1867 3505 2014 3538 lectionis
2027 3503 2281 3537 casaubonianoe
2297 3511 2305 3531 ε

1248 3553 1294 3585 ἐτι
1311 3553 1396 3596 εἴπερ
1425 3553 1508 3586 ἐστὶν
1531 3553 1562 3586 ἐν
1581 3553 1602 3595 ᾗ
1631 3554 1730 3586 πλείω
1749 3553 1842 3595 φησίν
1867 3554 1972 3594 ἐστιν,
2000 3552 2061 3585 εἰτε
2076 3551 2119 3593 μὴ
2146 3551 2197 3593 ἓν,
2230 3551 2308 3593 μήτε

2141 3626 2176 3648 20
