2612 3814
249 242 327 277 548
762 251 763 254 “
1091 231 1305 272 INCERTI
1331 228 1609 271 CUJUSDAM

246 328 389 378 βιῆσθαι
410 324 478 368 τὼς
492 322 669 377 φιλτάτως
689 322 839 362 δίκαιον.
899 321 1038 361 Αὐτίκα
1059 319 1097 359 αἴ
1113 336 1166 365 τις
1190 322 1305 367 λυπη·

243 384 310 427 θείς
330 399 364 422 τι
393 385 462 421 τῶν
483 379 626 431 οἷκηΐων
647 381 708 421 καὶ
742 379 924 434 ἀχθεσθεὶς
953 379 1076 432 μέλλοι
1100 381 1204 418 αὑτὸν
1231 381 1307 418 δια-

243 443 378 495 φθείρεν
396 442 418 489 ἢ
440 442 550 496 ξίφει,
567 441 590 489 ἢ
611 440 778 495 σχοινίῳ,
798 441 822 488 ἢ
851 441 949 494 ἄλλῳ
968 439 1058 487 τινί,
1082 438 1216 478 δίκαιόν
1234 440 1308 477 ἐστι

241 505 354 539 ταῦτα
375 501 506 555 κλέψαι
519 532 533 552 ,
557 502 594 539 αἶ
615 500 778 552 δύναιτο,
796 501 833 539 αἶ
854 497 890 538 δὲ
911 497 1086 551 ὓστερίξαι
1106 497 1166 536 καὶ
1180 496 1307 549 ἔχοντα

241 561 460 610 καταλάὸοι,
483 560 675 614 ἀφελέσθαι
704 561 789 615 βίᾳ;
813 557 1151 613 Ἀνδραποδίξασθαι
1173 557 1208 595 δὲ
1234 559 1308 600 πῶς

241 623 279 660 οὐ
311 621 445 660 δίκαιον
481 621 549 666 τὼς
570 621 767 672 πολεμίως,
787 619 825 658 αἴ
847 635 898 663 τις
919 618 1060 657 δύναιτο
1084 616 1172 655 ἑλὼν
1205 616 1306 654 πόλιν

241 680 327 719 δ’λαν
348 681 567 733 ἀποδόσθαι,
586 679 816 734 Τοιχωρυχὲν
834 678 929 718 δὲτὰ
951 681 1019 717 τῶν
1033 678 1186 716 πολιτῶν
1208 675 1308 715 κοινὰ

241 739 422 792 οἰκήματα
441 740 574 779 δίκαιον
590 741 769 793 φαίνεται.
828 741 877 779 Αἰ
896 738 964 791 γὰρ
985 740 1003 776 ὁ
1024 736 1144 790 πατὴρ
1162 736 1218 776 ἐπὶ
1237 740 1309 774 Θα-

240 799 360 851 νάτῳ,
393 798 742 851 κατεστασιασμένος
765 797 832 837 ὑπὸ
855 799 925 836 τῶν
947 799 1104 851 ἐχθρῶν,
1126 795 1309 847 δεδεμένος

240 859 294 907 εἴη
312 888 323 907 ,
348 858 416 912 ἄρα
440 861 478 898 οὐ
503 859 638 897 δίκαιον
660 857 864 908 διορύξαντα
885 857 1013 909 κλέψαι
1033 857 1093 894 καὶ
1114 857 1227 895 σῶσαι
1250 856 1308 895 τὸν

242 917 405 971 vat-{paq
427 918 618 970 Ἔπιορκὲν
659 917 708 957 δέ.
768 916 817 956 Αἴ
843 932 894 961 τις
928 915 994 954 ὑπὸ
1022 917 1092 954 τῶν
1128 915 1307 965 πολεμίων

240 980 384 1032 λαφθεὶς
406 979 614 1023 ὑποδέξαιτο
628 1009 638 1029 ,
657 977 795 1028 ὀμνύων
809 1009 818 1026 ,
834 972 857 1026 ἦ
880 976 949 1028 μὰν
969 976 1107 1029 ἀφεθεὶς
1123 976 1186 1016 τὰν
1205 976 1306 1015 πόλιν

240 1039 437 1093 προδώσεν,
457 1033 524 1091 ἆρα
547 1033 643 1083 οὗτος
663 1037 783 1076 δίκαια
802 1037 952 1085 ποιήσαι
974 1036 1186 1089 εὖορκήσας;
1210 1035 1308 1087 Ἐγὼ

242 1100 305 1151 μὲν
337 1099 404 1151 γὰρ
426 1100 463 1137 οὗ
490 1099 600 1137 δοκῶ·
622 1097 714 1136 ἀλλὰ
740 1099 874 1148 μᾶλλον
896 1095 960 1135 τὰν
998 1096 1124 1147 πόλιν,
1144 1096 1205 1134 καὶ
1241 1095 1308 1140 τὼς

241 1158 363 1212 φίλως,
380 1160 440 1197 καὶ
455 1158 499 1196 τὰ
513 1157 589 1210 ἱερὰ
610 1160 724 1196 σῶσαι
744 1156 929 1210 πατρώϊα,
953 1155 1180 1209 ἐπιορκήσας.
1207 1154 1306 1203 Ἤδη

241 1221 309 1273 ἄρα
330 1219 464 1258 δίκαιον
486 1217 547 1256 καὶ
562 1217 602 1256 τὸ
622 1218 797 1270 ἐπιορκεῖν
812 1245 822 1264 ,
845 1215 961 1254 καὶτὸ
981 1216 1188 1268 ἱεροσυλεῖν.
1249 1215 1307 1255 Τὰ

241 1280 304 1330 μὲν
323 1278 395 1317 ’ἴδια
411 1280 479 1316 τῶν
495 1277 632 1316 πόλεων
651 1279 697 1316 ἐῶ
709 1292 717 1300 ·
733 1276 776 1315 τὰ
799 1275 834 1315 δὲ
854 1276 951 1315 κοινὰ
967 1281 1028 1319 τᾶς
1049 1274 1242 1323 Ἑλλάδος,
1262 1274 1307 1313 τὰ

241 1342 280 1379 ἐκ
300 1341 448 1391 Δελφῶν
470 1337 530 1376 καὶ
557 1336 602 1376 τὰ
625 1337 661 1382 ἐξ
681 1336 909 1389 Ὀλυμπίας,
931 1334 1121 1387 μέλλοντος
1140 1337 1190 1374 τῶ
1219 1338 1307 1387 βαρ-

243 1399 343 1453 ὅάρω
364 1399 428 1438 τὰν
450 1397 613 1438 Ἑλλάδα
637 1396 745 1436 λαὸέν
759 1427 770 1446 ,
793 1395 853 1436 καὶ
873 1403 936 1440 τᾶς
966 1395 1143 1448 σωτηρίας
1162 1396 1196 1433 ἕν
1216 1395 1306 1448 χρή-

243 1475 351 1510 μασιν
371 1458 515 1505 ἐούσας,
547 1458 586 1496 οὗ
612 1456 745 1495 δίκαιον
775 1455 904 1503 λοιὸέν,
924 1455 985 1494 καὶ
1016 1458 1172 1508 χρῆσθαι
1191 1456 1222 1498 ἐς
1248 1454 1307 1493 τὸν

241 1518 421 1570 πόλεμον,
440 1516 595 1556 Φονεύεν
623 1516 660 1555 δὲ
687 1515 756 1561 τὼς
777 1514 954 1570 φιλτάτως
976 1514 1127 1553 δίκαιον·
1147 1514 1224 1553 ἐπεὶ
1245 1513 1307 1552 καὶ

241 1578 415 1632 Ὀρέστας
431 1575 492 1615 καὶ
509 1575 730 1626 Ἀλκμαίων,
750 1575 811 1614 καὶ
831 1577 849 1613 ὁ
865 1573 939 1618 θεὸς
959 1572 1090 1626 ἔχρησε
1112 1573 1231 1612 δίκαια
1250 1575 1308 1612 αὖ-

565 1634 651 1677 Ἐπὶ
685 1635 720 1674 δὲ
756 1635 822 1679 τὰς
857 1633 984 1687 τέχνας
1010 1633 1208 1687 τρέψομαι,
1248 1633 1309 1671 καὶ

241 1701 355 1736 ταῦτα
372 1699 542 1745 ποιητῶν.
599 1695 664 1735 Ἔν
684 1693 753 1748 γὰρ
767 1692 1028 1748 τραγῳδοποιία
1044 1692 1105 1731 καὶ
1123 1693 1308 1747 ζωγραφίᾳ

240 1757 334 1803 ὅστις
356 1759 507 1796 πλεῖστα
537 1755 696 1806 ἑξαπατῇ
717 1753 824 1804 ὅμοια
857 1759 930 1798 τοῖς
958 1754 1133 1801 ἀληθινοῖς
1153 1753 1305 1801 ποιέων,

601 1814 706 1855 Θέλω
729 1813 765 1853 δὲ
794 1813 855 1853 καὶ
896 1816 1083 1864 ποιήματα
1129 1815 1197 1851 τῶν
1240 1829 1309 1851 πα-

240 1638 308 1683 τὼς
341 1641 504 1684 ποι-ἧσαι.

239 1812 335 1860 οὗτος
356 1817 509 1869 ἄριστος.

239 1988 300 2021 ost.
346 1985 446 2019 Verbi
464 1993 579 2024 causa,
600 1985 627 2017 si
651 1983 726 2026 quis
751 1993 820 2016 rem
839 1983 1029 2015 familiarem
1047 1986 1079 2014 et
1096 1982 1304 2014 domesticam

241 2047 355 2081 dolens
372 2054 582 2087 moerensqne
597 2045 736 2078 mortem
750 2044 811 2077 sibi
828 2044 1027 2078 consciscere
1041 2043 1162 2085 cogitet
1177 2043 1227 2075 vel
1246 2043 1308 2084 gla-

240 2108 316 2148 dio,
338 2106 390 2139 vel
407 2106 518 2146 reste,
539 2105 591 2138 vel
608 2105 671 2138 alio
691 2105 775 2145 teto,
798 2112 904 2137 nonne
924 2112 1056 2145 aequum
1072 2106 1120 2135 est
1137 2103 1207 2135 haec
1233 2112 1306 2135 sur·

241 2169 363 2210 ripere,
384 2166 411 2199 si
427 2165 501 2207 quis
517 2165 638 2208 possit,
660 2165 710 2198 sin
727 2166 836 2198 autem
851 2167 998 2209 tempore
1017 2163 1171 2196 exclusus
1186 2164 1253 2204 jam
1273 2164 1306 2195 in

241 2227 393 2260 manibus
421 2225 596 2259 habentem
632 2224 899 2266 deprehenderit,
929 2233 984 2265 per
1005 2223 1071 2255 vim
1097 2224 1126 2255 ei
1159 2223 1307 2264 eripete?

196 2280 200 2287 ⁴
242 2289 360 2320 Hostes
378 2295 457 2320 vero
473 2285 508 2318 in
524 2284 717 2318 servitutem
740 2283 921 2326 abducere,
938 2292 996 2316 cur
1012 2292 1077 2316 non
1096 2292 1229 2324 aequum
1245 2285 1306 2322 est,

240 2347 267 2379 si
290 2346 364 2388 quis
387 2347 516 2387 captam
538 2344 705 2377 civitatem
728 2343 915 2377 nniversam
947 2343 1087 2376 vendere
1106 2345 1225 2384 queat?
1244 2342 1306 2375 sed
1348 2356 1352 2359 -

241 2408 274 2438 et
297 2405 428 2446 publica
450 2403 570 2437 civium
589 2406 776 2436 nostrorum
798 2402 937 2435 aedificia
951 2410 1161 2444 perrumpere
1175 2410 1306 2442 aequum

243 2464 384 2498 videtur.
429 2466 513 2498 Nam
538 2463 565 2496 si
583 2466 674 2505 pater
699 2461 906 2495 inimicorum
925 2461 1064 2494 factione
1080 2470 1254 2503 oppressus
1276 2460 1308 2493 in

243 2524 384 2557 vinculis
407 2523 448 2556 ad
467 2525 608 2556 mortem
628 2523 817 2561 retineatur,
833 2530 942 2554 nonne
958 2530 1092 2562 aequum
1107 2522 1155 2553 est
1174 2520 1309 2554 effracto

244 2592 371 2617 carcere
401 2584 546 2625 abripere
577 2584 700 2624 patrem
733 2585 765 2615 et
785 2581 946 2614 liberare?
977 2583 1043 2614 Nec
1064 2589 1130 2613 non
1151 2581 1304 2623 peierare.

244 2644 276 2677 Si
293 2644 366 2685 quis
392 2643 432 2675 ab
462 2642 614 2675 hostibus
640 2643 755 2684 captus
779 2641 972 2684 interposito
993 2640 1203 2682 jurejurando
1232 2649 1307 2681 pro-

245 2703 374 2742 mittat,
397 2711 431 2734 se
457 2702 630 2734 dimissum
652 2702 768 2735 urbem
791 2711 884 2735 snam
904 2702 1128 2743 proditurum,
1155 2710 1235 2734 num
1258 2700 1311 2733 iile

245 2764 372 2796 servata
385 2761 597 2803 jurisjurandi
615 2762 677 2794 nde
690 2763 776 2803 juste
795 2764 890 2803 agat?
908 2765 975 2803 Ego
995 2765 1082 2795 certe
1098 2771 1162 2794 non
1180 2762 1224 2794 ita
1242 2770 1312 2793 sen·

246 2823 318 2855 tio:
347 2821 404 2854 sed
424 2821 532 2862 potius
550 2821 577 2853 si
607 2821 770 2854 civitatem
794 2830 886 2854 suam
920 2825 952 2854 et
980 2822 1103 2854 amicos
1129 2824 1161 2854 et
1189 2820 1311 2862 tempta

247 2879 351 2927 patria
372 2877 523 2920 perjurus
537 2879 716 2910 conservet.
742 2880 816 2911 Jam
831 2878 928 2920 igitur
945 2887 1077 2921 aequum
1098 2881 1148 2911 est
1166 2882 1199 2911 et
1216 2878 1303 2921 peie-

249 2946 319 2971 rare
337 2939 371 2971 et
389 2936 592 2978 sacrilegium
615 2937 833 2971 committere.
877 2938 1031 2980 Proprias
1049 2938 1180 2980 quidem
1201 2938 1311 2979 singu-

244 2998 357 3030 iarum
376 2997 546 3030 civitatum
566 3005 645 3038 opes
664 2997 898 3038 praetermitto,
916 2998 950 3031 at
969 2995 1160 3031 comm'unes
1175 2997 1312 3031 Graeciae

251 3059 422 3091 thesauros
440 3059 475 3090 et
490 3056 667 3098 Delphicus
683 3058 716 3089 et
732 3057 942 3098 Olympicus,
960 3058 1136 3090 subacturo
1152 3058 1312 3090 Graeciam

250 3117 389 3151 barbaro
423 3125 555 3158 unaque
588 3116 702 3149 salutis
730 3125 788 3157 spe
823 3116 855 3149 in
888 3117 1032 3158 pecunia·
1051 3117 1151 3158 posita
1164 3141 1173 3157 ,
1207 3125 1314 3150 nonne

250 3186 383 3218 :equum
418 3177 469 3209 est
501 3184 630 3208 sumere
656 3177 689 3208 et
714 3175 754 3208 ad
783 3174 905 3207 beilum
935 3175 1113 3215 gerendum
1134 3175 1314 3209 adhibere?

253 3236 354 3269 Decet
380 3235 478 3267 etiam
503 3234 685 3279 carissimos
711 3242 844 3274 necare,
863 3234 1016 3274 quoniam
1034 3235 1164 3267 Orestes
1183 3238 1216 3268 et
1237 3235 1314 3268 Aic-

253 3302 359 3327 maeon
373 3293 404 3325 id
423 3293 569 3328 fecerunt
583 3292 729 3335 deusque
748 3301 805 3326 eos
823 3292 911 3333 juste
931 3294 1032 3333 egisse
1052 3292 1185 3326 oraculo
1201 3293 1312 3326 edidit.

253 3354 326 3386 Jam
348 3353 389 3385 ad
413 3353 520 3393 artes,
535 3355 568 3384 et
592 3353 761 3393 poetarum
781 3351 912 3394 quidem
926 3351 1106 3393 imprimis,
1131 3353 1310 3386 orationem

255 3414 419 3445 converto.
470 3411 595 3445 Etenim
626 3412 657 3444 in
683 3412 851 3454 tragoediis
879 3411 1058 3444 scribendis
1097 3412 1130 3444 et
1165 3411 1316 3454 pingendi

255 3476 325 3505 arte
348 3473 403 3514 qni
422 3467 598 3514 plurimum
613 3471 717 3513 saliit,
732 3471 816 3505 veris
836 3471 952 3505 similia
971 3470 1178 3514 contingens,
1194 3471 1221 3504 is
1237 3472 1316 3513 opti-

2159 316 2418 370 Κλεοὸουλίνης
2429 336 2440 347 ·

1458 414 1558 456 Ἀνδρ’
1574 414 1655 446 εἶδον
1671 414 1844 447 naimo-rea
1859 416 1913 448 καὶ
1928 415 2132 454 ἐξαπατῶντα
2151 417 2289 458 βιαίως“.

1498 462 1561 495 Καὶ
1580 462 1616 495 τὸ
1631 461 1686 504 βίᾳ
1701 463 1783 504 ῥέξαι
1799 466 1892 496 τοῦτο
1909 464 2119 497 δικαιότατον.

1370 317 1561 372 λαιοτέρων
1601 317 1794 372 μαρτύριον
1841 319 2097 373 ἐπαγαγέσθαι.

1842 530 1848 544 1

1372 549 1444 594 ’Ἦν
1466 555 1580 594 πάλαι
1599 558 1728 596 ταῦτα.
1788 556 1949 608 Αἰχύλου
1973 557 2009 596 δὲ
2029 562 2159 597 ταῦτα·

1458 657 1591 695 Ἀπάτης
1609 657 1734 695 δικαίας
1750 658 1808 690 οὐκ
1826 656 2000 691 ἀποστατεῖ
2019 659 2098 697 θεὸς.

1457 706 1595 738 Ψευδῶν
1612 706 1645 737 δὲ
1663 706 1772 746 καιρὸν
1791 705 1855 738 ἔσθ’
1873 705 1953 737 ὅπου
1965 705 1981 729 ¹²
1995 711 2070 749 τιμᾷ
2084 707 2162 744 θεὸς.

1374 794 1526 848 Λέγεται
1544 793 1580 835 δὲ
1601 794 1662 834 καὶ
1681 796 1771 849 τῷδε
1799 794 1914 839 ἀντίος
1927 795 2030 848 λόγος
2043 811 2052 820 ·
2074 797 2120 841 ὡς
2140 797 2227 836 ἄλλο
2241 797 2281 836 τὸ
2303 797 2438 839 δίκαιον

1373 854 1432 892 καὶ
1457 854 1498 893 τὸ
1522 852 1644 892 ἄδικόν
1675 855 1768 902 ἐστι,
1795 853 1983 907 διαφέρον,
2020 853 2141 907 ὥσπερ
2169 857 2229 895 καὶ
2262 855 2436 909 τῶνυμα,

1373 916 1466 955 οὕτω
1484 913 1546 954 καὶ
1567 915 1608 955 τὸ
1627 920 1797 969 πρᾶγμα·
1818 915 1894 955 ἐπεὶ
1914 914 1953 954 αἶ
1967 932 2019 960 τις
2035 915 2211 967 ἐρωτάσαι
2229 916 2297 962 τὼς
2316 916 2437 970 λέγον-

1372 993 1435 1021 τας
1449 1007 1460 1026 ,
1475 978 1523 1021 ὣς
1542 975 1582 1015 τὸ
1609 975 1696 1015 αὐτό
1715 977 1809 1015 ἐστιν
1832 974 1952 1015 ἄδικον
1973 975 2034 1014 καὶ
2054 975 2186 1016 δίκαιον
2202 1006 2213 1028 ,
2240 976 2323 1016 αἴκα
2341 977 2383 1026 δή
2403 993 2439 1017 τι

1373 1037 1508 1076 δίκαιον
1541 1034 1622 1089 περὶ
1651 1034 1720 1080 τὼς
1750 1034 1875 1087 γονέας
1908 1034 2083 1088 ἔπραξαν,
2113 1037 2342 1090 ὁμολογοῦντι
2377 1037 2439 1076 καὶ

1373 1096 1492 1136 ἄδικον
1514 1094 1595 1150 ἄρα.
1653 1095 1707 1135 Τὸ
1734 1094 1802 1148 γὰρ
1822 1093 1907 1134 αὐτὸ
1925 1095 2045 1134 ἄδικον
2073 1094 2134 1134 καὶ
2154 1096 2288 1136 δίκαιον
2308 1097 2437 1147 ὁμολο-

1374 1155 1489 1209 γέοντι
1522 1150 1628 1205 ἦμεν.
1689 1154 1787 1208 Φέρε
1818 1155 1925 1194 ἄλλον
1948 1154 2010 1203 δέ,
2033 1155 2075 1195 ἄν
2102 1171 2181 1195 τινα
2201 1154 2359 1210 γινώσκῃ
2384 1157 2438 1195 δί-

1373 1232 1470 1255 καιον
1498 1216 1628 1268 ἄνδρα,
1665 1215 1726 1254 καὶ
1757 1215 1877 1253 ἄδικον
1914 1213 1983 1267 ἄρα
2003 1215 2062 1254 τὸν
2092 1215 2215 1264 αὐτόν,
2235 1215 2298 1256 καὶ
2324 1215 2437 1268 μέγαν

1371 1275 1486 1314 τοίνυν
1508 1274 1569 1314 καὶ
1593 1274 1718 1328 μικρὸν
1738 1272 1831 1314 κατὰ
1852 1275 1996 1313 ταυτόν.
2054 1273 2128 1315 Καί
2141 1290 2195 1314 τοι
2216 1273 2332 1315 πολλὰ
2356 1275 2438 1314 ἀδι-

1372 1335 1486 1383 κήσας
1508 1334 1716 1374 ἀποθανέτω
1729 1333 1967 1388 πραξάμενος.
2026 1334 2099 1374 Καὶ
2118 1333 2200 1388 περὶ
2221 1333 2285 1386 μὲν
2305 1332 2438 1374 τούτων

1372 1394 1461 1439 ἅλις.
1525 1387 1613 1446 Εῗμι
1631 1393 1666 1432 δὲ
1689 1393 1742 1446 ἐφ’
1762 1393 1785 1432 ἃ
1813 1393 1973 1445 λέγοντες
1993 1392 2146 1439 ἀξιοῦντι
2166 1405 2183 1425 0
2205 1392 2245 1432 τὸ
2272 1393 2358 1434 αὖτὸ
2375 1393 2438 1433 καὶ

1373 1454 1507 1494 δίκαιον
1536 1453 1598 1492 καὶ
1615 1453 1735 1492 ἄδικον
1756 1451 1998 1492 ἀποδεικνύεν.
2057 1453 2111 1492 Τὸ
2133 1451 2202 1507 γὰρ
2221 1452 2372 1493 κλέπτεν
2392 1452 2438 1492 τὰ

1371 1517 1441 1553 τῶν
1459 1513 1640 1564 πολεμίων
1658 1511 1793 1552 δίκαιον
1809 1513 1870 1551 καὶ
1887 1513 2008 1553 ἄδικον
2030 1512 2162 1559 ἔξεστιν
2173 1512 2191 1537 ‘¹
2208 1512 2436 1552 ἀποδεικνύεν

1372 1574 1413 1613 τὸ
1436 1573 1521 1613 αὐτό
1538 1578 1577 1625 ⁰,
1613 1572 1685 1611 αἴκ’
1721 1572 1855 1620 ἀληθὴς
1884 1574 1902 1610 ὁ
1935 1571 2050 1620 τήνων
2080 1572 2205 1625 λόγος,
2234 1571 2295 1611 καὶ
2321 1573 2437 1611 τᾶλλα

1374 1633 1569 1672 καττωυτό.
1595 1643 1597 1646 “
1626 1631 1768 1684 Τέχνας
1789 1632 1825 1670 δὲ
1852 1631 2065 1684 ἐπάγονται,
2087 1633 2120 1670 ἓν
2149 1626 2204 1676 αἶς
2222 1632 2286 1671 οὔκ
2302 1631 2378 1671 ἔστι
2396 1632 2437 1671 τὸ

1375 1692 1509 1731 δίκαιον
1538 1691 1599 1730 καὶ
1630 1690 1670 1730 τὸ
1693 1691 1829 1732 ἄδικον.
1892 1690 1964 1730 Καὶ
1990 1690 2044 1730 τοὶ
2073 1690 2219 1739 ποιηταὶ
2251 1689 2330 1730 οὔτε
2358 1691 2436 1730 ποτ’

1374 1752 1543 1790 ἀλάθειαν
1559 1782 1569 1800 ,
1599 1750 1691 1789 ἀλλὰ
1722 1751 1805 1789 ποτὶ
1828 1749 1890 1794 τὰς
1909 1750 2036 1796 ἆδονόις
2060 1752 2131 1789 τῶν
2165 1749 2359 1803 ἀνθρώπων
2390 1749 2435 1788 τὰ

1376 1811 1562 1862 ποιήματα
1582 1810 1735 1850 ποιέοντι
1751 1809 1774 1849 f.

1371 1990 1456 2013 mus.
1501 1981 1588 2020 Quin
1616 1980 1713 2013 etiam
1735 1980 1958 2022 antiquiorum
1986 1982 2136 2022 poemata
2167 1980 2340 2014 teutimonii
2365 1979 2437 2014 loco

1370 2042 1518 2074 asseram.
1567 2040 1798 2074 Cleobuiines:
2212 2039 2215 2042 '

1446 2135 1584 2171 cognovi
1605 2135 1759 2172 quendam
1774 2133 1933 2164 fallentem
1949 2135 1979 2162 et
1994 2133 2024 2162 vi
2037 2133 2233 2170 spoliantem.

1480 2190 1515 2218 vi
1530 2187 1633 2219 facere
1647 2189 1705 2219 hoc
1719 2190 1803 2219 certe
1816 2196 1864 2218 res
1879 2188 1973 2224 magis
1987 2195 2072 2224 aequa
2086 2187 2157 2217 tuit.

1370 2282 1447 2324 ilaec
1460 2280 1536 2312 olim
1558 2283 1660 2312 erant.
1706 2279 1850 2320 AEschyii
1868 2287 1942 2311 vero
1959 2278 2030 2311 haec
2049 2287 2056 2306 ι

1443 2377 1543 2404 Bonos
1556 2381 1654 2412 neque
1667 2373 1731 2412 ipse
1743 2373 1865 2411 Jupiter
1877 2372 1995 2410 spernit
2013 2371 2109 2402 dolos.

1442 2429 1494 2457 Est
1509 2431 1638 2465 tempus,
1654 2427 1777 2465 quando
1794 2426 1973 2456 mendacem
1987 2426 2090 2455 laudat
2107 2425 2196 2455 deus.

1374 2520 1521 2554 Habetur
1546 2520 1678 2561 insuper
1705 2519 1790 2552 atius
1815 2528 1923 2552 sermo
1943 2518 2020 2550 nuic
2037 2517 2223 2551 contrarius
2240 2517 2434 2559 dicentium,

1370 2581 1457 2614 atiud
1476 2590 1549 2614 esse
1569 2581 1696 2622 justum
1723 2579 1809 2612 atiud
1833 2579 2013 2621 injustum,
2030 2579 2098 2610 tam
2123 2587 2157 2611 re
2177 2586 2277 2620 quam
2306 2579 2437 2612 nomine

1370 2640 1536 2673 diversum
1563 2648 1710 2682 :quum,
1739 2639 1766 2671 si
1799 2638 1873 2680 quis
1901 2638 2078 2678 interroget
2099 2636 2184 2669 idem
2216 2637 2374 2677 injustum
2403 2641 2437 2671 et

1369 2699 1495 2741 justum
1513 2699 1682 2741 putantes,
1709 2706 1789 2730 num
1818 2696 1896 2739 quid
1923 2696 2048 2738 justum
2068 2695 2261 2737 parentibus
2281 2697 2437 2738 praestite·

1372 2761 1457 2801 rint,
1474 2760 1572 2794 etiam
1593 2759 1635 2793 de
1658 2759 1781 2800 injusto
1801 2758 2029 2791 confiteantur.
2075 2759 2224 2799 Namque
2245 2757 2332 2791 idem
2349 2757 2435 2798 inju-

1371 2823 1460 2853 stum
1489 2823 1522 2853 et
1561 2819 1686 2861 justum
1731 2827 1804 2852 esse
1831 2817 2041 2850 confitentur.
2085 2819 2152 2857 Age
2180 2825 2280 2857 vero,
2308 2817 2336 2849 si
2363 2816 2438 2859 quis

1372 2879 1472 2911 alium
1500 2878 1685 2920 quempiam
1719 2877 1843 2918 justum
1867 2876 2077 2918 cognoverit,
2097 2875 2238 2908 eundem
2266 2875 2437 2917 propterea

1372 2937 1471 2971 etiam
1496 2936 1653 2977 injustum
1677 2938 1776 2976 atque
1807 2935 1929 2967 idcirco
1955 2934 2069 2967 eodem
2092 2933 2189 2966 modo
2217 2941 2373 2974 magnum
2403 2934 2438 2966 et

1375 3005 1521 3039 parvum.
1565 2995 1627 3029 Sed
1645 2996 1687 3028 ob
1709 2995 1814 3028 muita
1833 3004 1909 3037 quae
1925 2994 2086 3027 commisit
2105 2993 2248 3026 facinora
2264 2992 2438 3027 moriatur.

1373 3059 1414 3089 Et
1429 3057 1469 3089 de
1487 3056 1535 3089 his
1553 3055 1686 3098 quidem
1701 3055 1789 3088 satis.
1835 3052 1980 3088 Transeo
2005 3055 2114 3086 autem
2127 3053 2170 3085 ad
2192 3061 2230 3085 ea
2245 3056 2439 3094 argumenta

1374 3115 1496 3156 quibus
1511 3115 1597 3148 idem
1615 3115 1740 3156 justum
1763 3115 1796 3147 et
1816 3113 1973 3154 injustum
1990 3121 2060 3144 esse
2072 3111 2296 3145 demonstrare
2310 3111 2436 3145 volunt.

1373 3177 1456 3209 Nam
1475 3175 1640 3217 surripere
1669 3174 1813 3207 hostium
1838 3173 1923 3205 bona
1953 3171 2051 3204 simul
2079 3180 2212 3213 aequum
2235 3173 2268 3204 et
2285 3171 2439 3214 iniquum

1375 3244 1464 3276 esse,
1482 3234 1623 3277 probare
1638 3234 1732 3275 iicet,
1750 3233 1778 3266 si
1797 3241 1873 3266 vera
1900 3233 1943 3265 sit
1963 3232 2094 3264 illorum
2122 3232 2280 3264 sententia
2303 3235 2438 3265 caetera·

1377 3302 1443 3336 que
1464 3293 1577 3327 eadem
1612 3294 1750 3327 ratione.
1795 3295 1889 3326 Artes
1918 3300 1995 3324 vero
2024 3291 2180 3332 allegant,
2198 3293 2231 3323 in
2253 3290 2372 3333 quibus
2388 3291 2440 3331 ju·

1377 3355 1465 3386 stum
1499 3355 1532 3387 et
1567 3353 1723 3395 iniustum
1754 3361 1817 3386 non
1855 3353 2026 3393 reperitur.
2072 3353 2114 3384 Et
2149 3352 2256 3393 poetae
2289 3359 2354 3383 non
2398 3350 2440 3383 ad

1378 3413 1570 3453 veritatem,
1599 3413 1656 3446 sed
1689 3412 1728 3446 ad
1761 3411 1932 3445 hominum
1964 3411 2164 3453 voluptatem
2196 3409 2442 3444 accommodate

1380 3473 1523 3505 camlina
1540 3472 1696 3505 condunt.

2610 2593 2612 2600 .
2606 2574 2608 2578 v
2610 2550 2612 2555 .
2599 2294 2612 2533 a»...e-n.fflfln*n.=.
