2612 3814
1013 272 1082 311 DE
1110 271 1431 311 PARMENlDE.

2215 282 2287 315 113

177 357 507 396 Xenocratisliber
520 356 719 406 singularis
738 357 875 393 citatur
893 354 974 406 (44)
995 353 1086 407 Περὶ
1105 356 1174 392 τῶν
1214 359 1218 366 “’
1236 355 1381 391 rivulos
1401 355 1609 392 consectati
1628 355 1830 392 videantur
1849 355 1928 407 (47)
1944 369 1955 403 ;
1977 355 2137 395 Procius
2167 366 2293 396 tamen

125 414 348 466 Παρμενίδου
365 413 413 454 α’.
437 415 719 464 Theophrastus
738 427 894 464 quoque
917 422 956 451 et
983 414 1176 451 Eudemus

122 475 294 513 Rhodius
311 476 470 512 multam
492 486 650 523 operam
669 475 710 511 in
729 473 1001 524 cognoscenda
1022 475 1174 510 Parme-

120 534 222 571 nidis
241 535 391 572 ratione
413 534 582 583 posuisse
602 535 863 583 reperiuntur.
891 533 1040 570 Horum
1059 533 1176 582 igitur

121 594 293 630 virorum
311 592 445 630 studiis
474 581 541 641 qui
560 593 664 629 haud
692 606 779 629 raro
811 592 1045 629 Parmenidis
1064 591 1175 628 effata

117 652 273 689 laudant
290 664 492 701 versusque
509 651 714 701 proferunt
734 652 878 688 sactum
901 658 956 688 est
981 658 1024 687 ut
1038 658 1173 700 postea

117 723 274 760 quoque
293 711 387 748 tanti
405 711 628 760 philosophi
647 711 747 747 fama
763 711 918 760 vigeret.
938 711 1035 747 Nam
1052 716 1090 746 et
1109 709 1172 746 Ci-

117 783 206 807 cero
228 769 307 821 (45)
330 768 409 817 ejus
427 782 606 806 versuum
638 771 873 806 mentionem
896 769 1006 815 facit,
1025 775 1063 805 et
1080 769 1172 804 Plu-

118 824 294 865 tarchum
320 827 397 878 (46)
425 828 503 876 ejus
522 841 660 878 poema
685 828 849 878 legendo
870 828 1090 864 contr1visse
1109 838 1174 875 ap-

115 893 234 936 paret.
247 887 353 924 Idem
370 887 579 924 dicendum
596 887 643 924 de
658 887 773 924 Sexto
791 887 998 936 Empirico,
1011 885 1170 932 Galeno,

111 947 307 984 Clemente
323 946 600 993 Alexandrino,
616 947 735 984 Coelio
754 947 976 992 Aureliano,
999 945 1066 994 qui
1083 946 1171 982 satis

115 1006 258 1043 multos
275 1006 354 1055 ejus
370 1007 575 1043 versiculos
588 1007 809 1043 attulerunt.
828 1007 849 1043 J
852 1018 912 1042 am
926 1005 994 1042 etsi
1011 1004 1172 1042 inferior

112 1072 199 1102 aetas
218 1067 458 1116 superiorum
482 1066 807 1116 philosophorum
826 1065 969 1113 scripta
987 1064 1169 1114 neglexit,

113 1124 213 1161 adeo
233 1133 276 1162 ut
303 1126 487 1162 Platonici
509 1132 546 1162 et
567 1125 783 1162 Aristotelei
809 1124 983 1174 plerique
1003 1124 1043 1159 in
1066 1123 1169 1171 judi-

111 1184 245 1221 candis
262 1185 342 1232 ejus
353 1185 501 1234 placitis
520 1197 599 1220 non
617 1184 742 1234 ipsum
758 1183 904 1220 fontem
922 1182 1078 1229 adiisse,
1103 1182 1171 1218 sed

154 1322 221 1364 (44)
239 1325 266 1356 Α
280 1324 421 1364 Diogene
439 1323 568 1356 Laertio
582 1324 640 1364 lv,
666 1326 714 1356 13.

157 1372 226 1412 (45)
251 1372 363 1405 Cicero
382 1371 480 1405 Acad.
497 1373 619 1410 Quaest.
641 1373 698 1412 IV,
719 1376 769 1404 23.

153 1418 219 1459 (46)
241 1419 436 1452 Plutarchus
451 1418 527 1452 adv.
542 1419 648 1452 Colot.
666 1429 698 1459 p.
722 1420 814 1451 1114.

153 1465 220 1507 (47)
243 1466 442 1508 Porphyrius
455 1466 496 1498 de
520 1468 606 1499 antr.
622 1465 762 1507 Nymph.
785 1473 814 1497 c.
839 1468 878 1497 22
892 1466 1027 1505 tangens
1043 1466 1173 1497 Parme-

109 1513 194 1546 nidis
213 1523 264 1547 vs.
286 1517 321 1546 ll
347 1513 426 1555 (vid.
443 1513 567 1554 adnot.)
586 1513 656 1546 liaec
669 1513 714 1545 ait
733 1525 742 1546 ι
761 1513 833 1545 Τῶν
852 1512 908 1544 δύο
923 1512 1030 1544 πυλῶν
1054 1512 1175 1544 τούτων

108 1564 285 1605 μεμνῆσθαι
301 1564 355 1596 καὶ
371 1562 568 1605 Παρμενίδην
584 1563 616 1595 ἐν
637 1565 685 1605 τῷ
701 1564 824 1604 φυσικῷ
848 1573 940 1603 φασι.
971 1561 1064 1594 Unde
1089 1562 1175 1602 patet

107 1619 186 1644 eum
203 1610 407 1643 Parmenidis
432 1619 546 1651 poema
563 1619 627 1643 non
653 1610 783 1643 vidisse.
808 1612 916 1648 Quare
940 1609 1122 1650 Simplicius
1139 1609 1172 1641 in

110 1657 207 1690 Arist.
228 1657 324 1698 Phys.
340 1659 367 1696 1,
383 1657 405 1689 f.
422 1661 476 1696 25,
496 1666 528 1698 a,
546 1657 594 1689 sic
607 1657 647 1690 de
666 1666 704 1690 eo
724 1657 838 1690 scribit
858 1666 866 1687 ε
884 1657 1056 1699 Πορρὺριος
1077 1656 1121 1688 δὲ.
1140 1679 1148 1687 .
1163 1680 1172 1688 .

1238 415 1373 463 quinto
1392 422 1482 465 post
1501 415 1592 454 Chr.
1612 428 1649 452 n.
1667 416 1803 452 saeculo
1824 417 1865 452 in
1889 417 2180 466 interpretando
2200 420 2290 455 Par·

1236 474 1388 511 menide
1415 487 1571 511 carmen
1593 473 1673 522 ejus
1694 475 1859 524 inspexit
1877 476 2055 524 dictaque
2076 477 2223 525 aliquot
2240 478 2293 514 di-

1235 535 1396 583 ligenter
1415 535 1615 583 excerpsit.
1637 533 1713 570 Sed
1736 536 1931 583 praecipua
1951 547 2043 571 cura
2074 536 2293 584 Simplicius

1237 594 1313 640 (48)
1331 595 1372 630 in
1388 594 1638 643 excerpendis
1655 595 1968 643 explicandisque
1991 596 2148 632 Eleatici
2164 594 2292 644 philo-

1235 653 1346 701 sophi
1372 653 1541 689 versibus
1568 659 1736 689 versatus
1766 660 1842 701 est,
1877 654 1939 690 cui
1967 654 2034 689 uni
2061 654 2148 701 plus
2180 654 2295 691 debet

1235 709 1479 747 Parmenides
1509 723 1624 760 quam
1655 712 1799 748 caeteris
1829 712 2018 750 omnibus.
2046 712 2142 749 Sunt
2167 720 2294 750 autem

1235 771 1411 806 carminis
1436 771 1606 819 reliquiae
1625 771 1829 819 primarius
1855 771 1940 808 fons
1956 784 1977 808 e
1997 784 2075 820 quo
2096 770 2294 809 Parmeni-

1235 829 1290 865 dis
1310 829 1553 878 philosophia
1578 829 1722 866 hauriri
1739 837 1777 867 et
1801 831 1999 880 explanari
2022 830 2172 868 debeat.
2196 830 2295 877 Qua-

1232 895 1395 937 propter
1414 888 1550 925 omissa
1569 889 1673 925 omni
1693 887 1741 925 de
1761 888 1840 937 ejus
1860 889 2017 927 decretis
2037 890 2293 938 disputatione

1232 947 1393 984 lectores
1406 946 1457 983 ad
1473 959 1518 983 ea
1532 959 1615 996 quae
1633 947 1682 984 ad
1698 948 1824 997 ipsum
1838 960 1991 985 carmen
2008 960 2029 984 a
2045 948 2157 985 nobis
2171 948 2293 985 adno-

1233 1011 1310 1042 tata
1334 1012 1422 1042 sunt
1447 1006 1671 1056 relegamus.
1696 1004 1744 1044 In
1769 1008 2002 1045 recensendo
2030 1008 2294 1056 vertendoque

1233 1063 1463 1101 Parmenide
1483 1064 1585 1102 idem
1602 1066 1695 1103 mihi
1710 1068 1897 1116 proposui
1914 1067 2021 1116 quod
2038 1068 2077 1102 in
2095 1064 2295 1115 Xenopha-

1230 1125 1288 1161 nis
1305 1125 1488 1161 memoria
1508 1125 1743 1164 renovanda.
1770 1127 1854 1174 Qua
1873 1127 1919 1163 de
1950 1139 1992 1163 re
2019 1126 2165 1163 dictum
2186 1134 2240 1163 est
2256 1127 2294 1162 in

1231 1184 1455 1232 praefatione
1475 1184 1525 1220 ad
1547 1185 1839 1234 Xenophanem.

1232 1322 1459 1366 Ἀριστοτέλους
1477 1325 1531 1357 καὶ
1550 1324 1594 1356 ὧν
1612 1324 1648 1356 ἄν
1661 1335 1706 1362 τις
1719 1325 1856 1361 πιθανῶς
1871 1324 2014 1357 ἐκθέσθαι
2028 1325 2084 1363 τὴν
2097 1324 2296 1366 Παρμενίδου

1234 1371 1324 1409 δόξαν
1340 1372 1528 1414 βουλόμενος
1544 1371 1626 1405 εἴποι
1637 1397 1645 1411 ,
1661 1372 1769 1414 γράφει
1786 1376 1897 1404 ταῦτα.

1277 1420 1343 1461 (48)
1366 1421 1552 1461 Simplicius
1580 1420 1680 1462 Phys.
1710 1421 1733 1452 s.
1762 1422 1793 1459 9,
1823 1429 1853 1459 a,
1873 1421 1914 1453 (ie
1933 1419 2126 1452 Parmenide
2144 1419 2294 1463 loqueos,

1233 1469 1342 1500 Ταῦτα
1361 1468 1428 1509 μέν,
1445 1468 1551 1509 iuquit
1562 1492 1570 1508 ,
1583 1468 1634 1500 διὰ
1649 1468 1705 1506 τὴν
1720 1468 1838 1505 πολλὴν
1859 1467 1988 1508 ἄγνοιαν
2007 1470 2062 1499 νῦν
2077 1470 2139 1499 τῶν
2152 1467 2296 1505 παλαιῶν

1234 1516 1489 1558 συγγραμμάτων
1504 1515 1651 1557 μηκύνειν
1665 1515 1894 1556 ἀναγκάζομαι.
1909 1515 1990 1547 Ibid.
2007 1515 2026 1546 f.
2046 1518 2099 1555 31,
2116 1524 2134 1546 a
2151 1525 2158 1547 :
2176 1515 2296 1551 Ἡδέως

1234 1563 1271 1594 ἂν
1293 1563 1333 1595 τὰ
1354 1563 1422 1604 περὶ
1441 1566 1498 1595 τοῦ
1519 1563 1585 1600 ἑνὸς
1608 1562 1695 1599 ὄντος
1717 1562 1777 1600 ἔπη
1805 1565 1861 1594 τοῦ
1888 1562 2086 1603 Παρμενίδου
2102 1563 2213 1594 τοῖσδε
2233 1566 2296 1599 τοῖς

1233 1610 1439 1651 ὑπομνήμασι
1458 1609 1718 1652 παραγράψαιμι,
1735 1609 1787 1641 διά
1810 1621 1844 1642 τε
1867 1610 1923 1648 τήν
1945 1609 2050 1642 πίστιν
2065 1613 2129 1642 τῶν
2149 1609 2203 1641 ὑπ’
2219 1609 2296 1650 ἐμοῦ

1233 1657 1410 1698 λεγομένων
1442 1657 1496 1689 καὶ
1521 1657 1573 1689 διὰ
1595 1658 1652 1695 τὴν
1672 1656 1786 1689 σπάνιν
1806 1661 1861 1689 τοῦ
1889 1657 2115 1698 Παρμενιόείου
2133 1656 2295 1698 συγγράμ,

111 1704 151 1737 τὰ
172 1704 226 1745 μὲν
248 1705 283 1737 ἐν.
309 1707 372 1736 τῶν
398 1703 629 1745 Παρμενιδείων
646 1705 743 1745 ἐπῶν,
760 1706 802 1742 ὡς
819 1704 926 1745 οἶμαι,
943 1705 983 1736 τὰ
1007 1704 1039 1736 δὲ
1057 1704 1093 1736 ἐκ
1109 1706 1171 1735 τῶν
1237 1714 1346 1744 ματος.

270 3573 387 3598 PBH-OS.
412 3574 505 3598 cua-:c-
