2612 3814
1052 274 1464 317 SIMILITUDINES.
2270 279 2349 313 507

174 387 224 414 35.
263 369 534 424 Αποκαρμᾶτων
567 369 638 408 σῶν
681 366 741 406 καὶ
781 365 1080 419 ἆπονυχισμάτων
1122 363 1234 405 κατοί-
1294 378 1343 404 48.
1379 362 1472 415 Πρὸς
1491 360 1548 400 τὸν
1569 360 1668 409 ἥλιον
1687 359 1928 413 τετραμμένος
1949 359 1998 407 μὴ
2017 360 2131 400 λάλει.

256 445 357 470 mue,
1433 420 1757 474 (Olympiodorus
1777 420 1825 458 ad
1845 420 1945 460 Plat.
1964 419 2166 472 Phaedon.)

311 485 567 540 (Jamblichus
585 484 747 524 Adhort.
770 484 817 522 ad
836 484 980 536 philos.
1000 498 1083 537 cap.
1107 485 1188 535 αι.)
1297 502 1344 529 09.
1377 486 1438 532 Μὴ
1457 485 1638 524 καθεύδειν
1654 486 1689 523 ἐν
1710 483 1933 536 μεσημὸρίᾳ.

175 564 224 590 36.
253 547 457 600 Ἐρυθρῖνον
478 544 527 597 μὴ
548 543 838 598 προσλαμὸἄνου.
1433 543 1754 597 (Olympiodorus
1769 543 1817 581 ad
1836 543 1934 581 Plat.
1951 542 2138 582 Phaedon.
2158 545 2225 594 qui
2242 543 2357 583 habet

311 604 569 659 (Jamblichus
591 603 757 641 Adhort.
781 603 828 641 ad
848 603 990 655 philos.
1014 616 1097 654 cap.
1119 600 1201 653 21.)
1380 604 1429 656 μὴ
1452 606 1502 644 δεῖ
1522 602 1716 652 καθεύδειν,
1734 602 1839 654 quod
1862 602 1954 640 ferri
1974 615 2054 640 non
2069 601 2222 655 potest.)

176 682 226 709 37.
258 665 398 718 Χρυσὸν
416 663 547 717 ἐχούσῃ
569 662 618 714 μὴ
639 662 810 710 πλησίαζε
831 662 889 701 ἐπὶ
907 661 1117 714 τεκνοποιίᾳ.
1299 681 1347 707 50.
1380 665 1506 720 ’ῼδαῖς
1526 667 1682 716 χρῆσθαι
1697 662 1784 715 πρὸς
1800 661 1922 714 λύραν.

314 723 572 775 (Jamhlichus
593 721 755 760 Adhort.
780 721 828 759 ad
848 721 992 774 philos.
1016 734 1099 773 cap.
1121 719 1202 770 21.)
1437 723 1696 776 (Jamblichus
1715 722 1788 761 vit.
1813 721 1977 773 Pythag.
1995 733 2080 772 cap.
2100 720 2148 758 25
2167 733 2256 772 pag.
2280 721 2357 758 238

181 799 231 825 38.
264 782 430 836 Προτίμα
455 782 495 821 τὸ
520 783 646 834 σχῆμα
667 780 727 823 καὶ
750 783 850 833 βῆμα
870 782 933 819 τοῦ
966 779 1150 833 σχήματος
1180 777 1240 816 καὶ
1382 784 1444 822 ed.
1466 783 1621 833 Kiessl.)

261 841 471 896 τριωὸόλου.
1302 858 1351 884 51.
1383 843 1486 883 Ἄνευ
1520 834 1792 894 προσνᾶγματος
1826 842 1886 878 τοῦ
1933 837 2186 891 αὐτοκράτορος
2229 839 2269 877 ἐκ
2299 841 2361 883 τ’ἧς

317 901 575 956 (Jamblichus
605 899 771 939 Adhort.
804 899 852 937 ad
884 898 1029 950 philos.
1059 911 1142 949 cap.
1173 911 1238 936 21.
1386 908 1535 957 φρουρᾶς
1558 901 1608 954 μὴ
1633 903 1844 953 ἀναχωρεῖν.

263 962 389 1001 Posui
413 963 472 1000 τοῦ
493 958 678 1013 σχήματος
696 959 756 999 καὶ
776 957 970 1012 τρῑωὸόλθυ
991 972 1064 1010 ΡΙὈ
1085 958 1243 1007 vulgata
1440 961 1759 1015 (Olympiodorus
1774 960 1821 998 ad
1835 959 1934 998 Plat.
1948 957 2208 1006 Phaedonem3
2225 956 2362 996 Cicero

263 1023 429 1060 lectione
453 1019 493 1060 τὸ
524 1021 651 1072 σχῆμα
685 1018 747 1057 καὶ
781 1016 974 1071 τριώὸολον
1012 1014 1125 1068 cujus
1156 1017 1247 1054 Ioco
1385 1022 1468 1060 Cat,
1491 1020 1583 1072 Maj,
1607 1033 1689 1072 cap,
1712 1019 1786 1068 20.)

266 1081 390 1119 codex
430 1079 603 1117 Cizensis
641 1077 758 1116 habet
794 1080 854 1116 τοῦ
890 1079 1015 1130 σχῆμα
1044 1075 1104 1114 καὶ
1138 1074 1243 1128 τριώ-
1305 1095 1351 1120 52.
1382 1080 1435 1120 Τὸ
1455 1079 1555 1131 ἑφθὸν
1576 1079 1638 1118 οὐκ
1655 1080 1829 1118 ἐποπτᾶν.

269 1139 403 1192 δολον.)
712 1142 719 1149 ”
1443 1139 1702 1189 (Jamblichus
1734 1139 1807 1176 vit.
1839 1136 1955 1188 Pyth.
1979 1149 2065 1188 cap.
2091 1137 2156 1174 28.
2178 1136 2219 1174 h.
2245 1149 2279 1174 e.
2304 1136 2364 1174 in-

185 1215 232 1240 39.
263 1199 432 1252 Μολόχην
454 1197 638 1250 ἐπιφύτευε
658 1195 734 1246 μέν,
757 1194 806 1247 μὴ
829 1195 921 1240 ἔσθιε
940 1194 992 1234 δέ.
1392 1207 1560 1250 terprete
1590 1197 1765 1249 Gyraldo
1788 1212 1797 1234 z
1822 1214 1838 1230 κ
1861 1198 2178 1233 mansuetudinem
2201 1205 2238 1233 et
2259 1195 2364 1233 beni-

323 1258 576 1311 (Jamblichus
597 1255 758 1296 Adhort.
782 1255 830 1294 ad
850 1254 998 1307 philos.
1018 1266 1105 1305 cap.
1126 1253 1204 1305 21.)
1392 1263 1573 1309 gnitalem
1602 1262 1639 1294 in
1662 1262 1758 1295 iram
1782 1270 1830 1294 ne
1861 1265 2001 1294 vertas.
2019 1254 2130 1293 Mitia
2145 1257 2247 1292 enim
2264 1254 2366 1292 elixa

187 1335 235 1360 ευ.
267 1315 466 1370 Ἐμψύχων
487 1315 640 1369 ἀπέχου.
1391 1330 1475 1356 esse
1503 1317 1701 1365 dicuntur,
1724 1329 1811 1354 assa
1829 1327 1927 1353 vero
1954 1322 1992 1352 et
2024 1322 2124 1352 tosta
2144 1314 2311 1353 immitia
2331 1322 2367 1351 et

154 1386 157 1389 '
324 1375 581 1429 (Jamblichus
599 1373 765 1412 Adhort.
786 1373 834 1412 ad
854 1372 1001 1425 philos.
1026 1385 1111 1424 cap.
1131 1371 1212 1423 21.)
1393 1376 1597 1415 incitantia
1617 1376 1666 1414 ad
1686 1373 1945 1414 iracundiam,
1972 1390 1987 1407 »

188 1449 238 1476 41.
271 1434 452 1488 Στέφανθν
471 1432 520 1484 μὴ
537 1434 682 1472 τίλλειν·
1309 1450 1360 1476 53.
1392 1435 1530 1481 Ὀξεῑαν
1553 1435 1733 1488 μάχαιραν
1756 1432 2000 1486 ἀποστρέφειν.

327 1493 599 1548 (Porphyrius
632 1492 680 1531 de
720 1492 791 1531 vit.
828 1491 992 1543 Pythag.
1025 1505 1065 1543 p·
1110 1498 1158 1540 74
1189 1491 1247 1529 ed-
1447 1494 1706 1547 (Jamblichus
1725 1494 1797 1531 vit.
1815 1492 1929 1544 Pyth.
1943 1505 2028 1543 cap.
2048 1492 2113 1530 28.
2138 1490 2216 1528 Alii
2237 1491 2370 1541 legunt

274 1549 793 1604 Kiessling.):route'<rtwtoiac
806 1549 931 1601 νόμους
946 1550 1249 1603 μὴλυμαίνεσθαι·
1394 1554 1630 1608 ἀποστρέφου.
1669 1552 1854 1591 Dacerius
1886 1551 2055 1603 explicat
2089 1564 2098 1588 z
2134 1567 2151 1585 «
2184 1551 2369 1589 hominem

274 1612 437 1666 στέφανοι
457 1612 524 1664 γὰρ
544 1611 680 1650 πόλεων
701 1604 809 1649 οὗτοι,
832 1611 844 1662 )
1393 1617 1620 1652 maledicum
1632 1613 1775 1663 fugito.
1803 1610 1836 1665 υ)

193 1686 243 1712 42.
277 1671 438 1716 Σπονδᾶς
455 1674 629 1710 ποιεῖσθαι
645 1674 718 1714 τοῖς
738 1672 825 1713 Θεοῖς
841 1668 934 1709 κατὰ
960 1668 1000 1707 τὸ
1025 1662 1081 1713 οἷς
1100 1670 1169 1707 τῶν
1191 1669 1247 1706 ἐκ·
1313 1688 1361 1714 54.
1395 1673 1450 1713 Τὰ
1472 1672 1645 1711 πίπτοντα
1668 1671 1738 1709 ἀπὸ
1757 1673 1818 1718 τῆς
1835 1669 2012 1724 τραπέζης
2037 1668 2086 1719 μὴ
2108 1671 2341 1721 ἀναιρεῖσθαι.

278 1732 468 1783 πωμάτων.
1329 1741 1334 1747 ·
1452 1732 1660 1783 (Diogenes
1677 1730 1854 1768 Laertius
1876 1728 1948 1768 lib.
1966 1728 2074 1776 VIII,
2092 1729 2157 1775 34;
2174 1727 2315 1768 Suidas
2332 1743 2369 1770 v.

334 1789 595 1842 (porphyrius
639 1788 687 1827 de
722 1788 790 1827 Vit-
827 1786 991 1839 Pythag·
1029 1801 1069 1839 P·
1107 1793 1153 1836 74
1187 1787 1248 1826 ed.
1396 1791 1617 1843 Πυθαγόρας.
1635 1790 1753 1828 Addit
1772 1789 1967 1839 Diogenes
1987 1802 1995 1826 t
2016 1787 2102 1841 ὑπὲρ
2117 1790 2176 1826 τοῦ
2203 1787 2372 1834 ἐθίζεσθαι

279 1849 505 1899 Kiessling.)
1400 1851 1449 1902 μὴ
1473 1849 1677 1893 ἀκολάστως
1708 1849 1850 1897 ἐσθίειν,
1883 1848 1905 1895 ἢ
1938 1847 1990 1885 ὅτι
2012 1847 2070 1886 ἐπὶ
2100 1848 2243 1900 τελευτῇ
2265 1864 2370 1892 τινος.

197 1922 246 1948 43.
282 1908 431 1959 Μήτραν
449 1906 538 1960 ζῴου
559 1906 608 1957 μὴ
631 1904 770 1946 ἐσθίειν.

1395 1910 1642 1963 Ἀριστοφάνης
1651 1907 1687 1947 δὲ
1701 1911 1768 1947 τῶν
1782 1907 1906 1961 ἡρώων
1921 1907 2025 1960 φησὶν
2037 1899 2177 1947 εἶναιτὰ
2185 1906 2373 1960 πίπτοντα,

331 1966 546 2019 (Hierocles
565 1965 718 2006 Comm.
737 1965 779 2003 in
805 1977 888 2004 aur.
906 1978 1024 2004 carm.
1039 1978 1099 2004 vs.
1123 1966 1255 2016 67-69

1397 1969 1508 2020 ’λέγων
1528 1970 1563 2007 ἐν
1581 1970 1652 2012 τοῖς
1667 1967 1827 2021 ἽΙρωσι·
1850 1967 1899 2019 μὴ
1926 1966 2076 2019 γεύεσθ’,
2095 1965 2170 2005 ἅττ’
2193 1966 2233 2006 ἂν
2262 1982 2373 2006 κατα-

281 2039 363 2077 cap.
385 2027 466 2076 26.)
1396 2027 1487 2080 πέσῃ
1520 2031 1582 2075 τῆς
1615 2027 1793 2079 τραπέζης
1824 2027 1918 2071 ἐντός
1939 2027 2028 2077 (leg.
2051 2025 2173 2079 ἐκτός).
2198 2026 2374 2072 Quocum

200 2098 250 2124 Η·
286 2083 522 2134 Θνησῑμαίων
541 2082 753 2136 ἀπέχεσθαι.
1398 2088 1572 2126 concinit
1603 2087 1811 2125 Athenaeus
1841 2086 1913 2125 lib.
1937 2085 1969 2124 X
1993 2087 2047 2125 ita
2075 2085 2250 2125 scribens
2273 2100 2282 2124 ε
2304 2090 2376 2131 τοῖς

337 2144 553 2196 (Hierocles
573 2143 724 2182 Comm.
745 2143 787 2181 in
807 2156 890 2184 aur.
912 2157 1032 2182 carm.
1054 2156 1110 2182 vs.
1131 2143 1257 2194 67-69
1399 2146 1436 2186 δὲ
1455 2145 1720 2193 τετελευτηκόσι
1739 2148 1806 2185 τῶν
1820 2144 1930 2199 φίλων
1946 2143 2119 2195 ἀπένεμον
2141 2143 2185 2183 τὰ
2202 2144 2375 2184 πίπτοντα

284 2206 369 2254 cap.
393 2202 473 2256 26.)
693 2198 695 2201 Ι
1399 2207 1461 2252 τῆς
1481 2206 1610 2257 τροφῆς
1632 2203 1702 2243 ἀπὸ
1721 2207 1790 2243 τῶν
1810 2204 2025 2256 τραπεζῶν.)

202 2276 251 2300 45.
282 2261 353 2301 Τὸν
375 2261 446 2301 ἅλα
465 2260 739 2314 παρατίθεσθαι.
1319 2279 1367 2304 55.
1398 2263 1547 2316 ’Λπέχου
1569 2263 1627 2302 καὶ
1646 2266 1749 2316 σοροῦ
1771 2262 2041 2316 κυπαρισσίνης.

338 2321 546 2375 (Diogenes
566 2321 745 2361 Laertius
763 2321 873 2371 VIII,
895 2322 975 2374 35.)
1457 2323 1709 2374 (Jamblichus
1735 2323 1807 2363 vit.
1828 2322 1946 2374 Pyth.
1974 2336 2059 2374 cap.
2084 2323 2135 2360 28
2154 2337 2194 2372 p.
2217 2324 2292 2361 326
2311 2322 2373 2360 ed.

171 2407 173 2410 .
204 2395 251 2421 46.
281 2378 406 2435 Ἄρτον
429 2380 478 2432 μὴ
497 2381 718 2434 καταγνύειν.
1402 2382 1560 2435 Kiessl.)

341 2440 598 2494 (Jamblichus
628 2443 697 2479 vit.
722 2441 837 2492 Pyth.
860 2455 942 2494 cap.
975 2442 1037 2490 163
1069 2442 1262 2491 Diogenes
1323 2455 1372 2482 56.
1403 2443 1487 2485 Τοῖς
1521 2439 1584 2492 μὲν
1606 2440 1776 2494 οὐρανίοις
1806 2439 1958 2494 περισσὰ
1981 2440 2083 2489 θύειν,
2102 2439 2206 2493 ἄρτια
2240 2439 2275 2478 δὲ
2308 2441 2378 2484 τοῖς

287 2500 465 2538 Laertius
487 2499 559 2538 lib.
582 2499 699 2548 VIII,
721 2501 802 2552 35.)
1403 2499 1566 2553 χθονίοις.

206 2573 256 2600 47.
290 2559 459 2602 Ὀδόντας
481 2558 531 2610 μὴ
552 2558 777 2610 καταγνύειν.
1460 2557 1720 2608 (Jamblichus
1735 2557 1809 2597 vit.
1833 2557 1951 2609 Pyth.
1971 2570 2052 2609 cap.
2071 2557 2121 2595 28
2154 2571 2195 2608 p.
2219 2558 2294 2595 326
2315 2558 2376 2596 ed.

343 2618 666 2670 (Olympiodorus
685 2617 733 2656 ad
753 2617 851 2655 Plat.
869 2616 1062 2667 Phaedon.)
1407 2617 1547 2657 Kiessl.
1576 2617 1671 2656 Nam
1692 2618 1821 2669 impar
1849 2616 2274 2668 numerus,·imprimis
2305 2626 2380 2656 ter-

253 2805 304 2835 35.
330 2801 478 2835 crinium
494 2803 527 2835 et
544 2802 701 2843 unguium
716 2803 846 2834 tuorum
861 2801 1070 2843 praesegmina
1085 2802 1265 2843 conspuito.
1370 2805 1421 2835 45.
1445 2804 1551 2836 Salem
1569 2801 1733 2843 apponito.

253 2862 305 2893 36.
323 2860 545 2894 Rubellionem
562 2869 603 2892 ne
621 2859 785 2893 adhibeto.
1368 2864 1421 2894 46.
1446 2863 1567 2894 Panem
1584 2871 1624 2894 ne
1641 2861 1777 2902 frangite

254 2922 306 2953 37.
331 2919 379 2952 Ad
400 2919 551 2952 feminam
568 2919 702 2952 divitem
719 2928 759 2952 ne
775 2919 920 2953 accedito
932 2919 1051 2952 sobolis
1064 2920 1269 2961 procreandae
1371 2923 1423 2953 47.
1450 2922 1567 2953 Dentes
1581 2929 1622 2953 ne
1637 2920 1785 2961 frangite.

211 2985 319 3010 causa.
1370 2982 1423 3013 48.
1450 2980 1498 3013 Ad
1513 2980 1614 3013 solem
1630 2989 1809 3013 conversus
1822 2975 1862 3013 ne
1880 2980 2028 3022 loquitor.

255 3039 307 3069 38.
338 3037 485 3078 Praeopta
514 3037 649 3078 figuram
677 3037 707 3069 in
744 3037 876 3079 pulvere
914 3036 1106 3079 descriptam
1137 3037 1271 3078 ejusque
1371 3041 1428 3071 49.
1456 3038 1588 3072 Meridie
1605 3048 1646 3072 ne
1658 3039 1811 3072 dormito.

213 3102 397 3128 mensuram
406 3096 651 3137 magistratuum
662 3095 809 3137 dignitati
820 3095 997 3129 ettriobolo
1009 3097 1081 3138 (Le.
1091 3097 1269 3130 litterarum
1373 3102 1423 3130 50.
1450 3097 1655 3131 carminibus
1668 3098 1827 3131 utendum
1842 3097 1882 3130 ad
1898 3098 2015 3140 lyram.

215 3153 321 3187 studia
338 3156 523 3196 reipublicae
538 3155 809 3189 administrationi
828 3157 969 3198 praefer).
1374 3161 1424 3189 51.
1450 3156 1576 3197 Injussu
1589 3156 1793 3198 imperatoris
1810 3156 1854 3198 (id
1873 3158 1941 3198 est,
1956 3156 2020 3193 dei)
2035 3156 2074 3188 dc
2099 3155 2248 3197 praesidio
2272 3158 2306 3190 et
2322 3159 2383 3190 ⁸1⁸-

262 3218 314 3246 39.
338 3214 480 3247 Matvam
501 3215 630 3257 insuper
642 3215 740 3248 serito
759 3215 912 3257 quidem,
928 3215 983 3248 sed
999 3220 1037 3248 vea
1061 3223 1102 3248 ne
1123 3215 1270 3248 vescitor.
1331 3215 1424 3248 tione.
1439 3216 1542 3257 (vitae)
1561 3224 1601 3248 ne
1619 3216 1768 3249 decedas.

258 3276 311 3306 40.
337 3272 386 3306 Ab
401 3274 622 3306 animantibus
635 3274 811 3307 abstineto.
1374 3279 1426 3307 52.
1452 3275 1546 3314 Quod
1568 3275 1691 3307 elixum
1708 3279 1774 3316 est,
1788 3284 1831 3308 ne
1849 3276 1967 3308 assato.

260 3336 312 3365 41.
336 3332 408 3366 Noli
422 3332 547 3378 ,venere
559 3342 727 3366 coronam.
1376 3336 1427 3366 53.
1453 3333 1604 3368 Gladium
1622 3336 1753 3368 acutum
1770 3334 1921 3367 avertite.

263 3394 316 3424 42.
340 3391 527 3424 Libamenta
540 3391 703 3432 diisjuxta
716 3392 905 3434 poculorum
918 3401 1013 3426 ansas
1022 3392 1176 3426 solvenda
1186 3396 1272 3426 sunt.
1376 3394 1430 3426 54·
1457 3395 1540 3432 Qum
1561 3403 1578 3427 e
1600 3403 1712 3427 mensa
1733 3393 1940 3435 deciderunt,
1961 3402 2001 3427 ne
2019 3394 2133 3426 toilito.

262 3453 314 3482 43.
339 3449 494 3482 Animalis
517 3450 648 3484 vntvam
668 3460 709 3484 ue
725 3451 897 3486 comedito.
1376 3455 1428 3485 55.
1452 3454 1478 3485 Α
1492 3453 1597 3485 ioculo
1615 3462 1783 3494 cupresseo
1797 3453 1968 3486 abstineto.

263 3511 313 3541 44.
338 3511 363 3542 Α
381 3508 560 3542 morticinis
578 3509 748 3544 abstineto.
1377 3515 1427 3544 56.
1452 3512 1647 3544 Coelestibus
1662 3512 1796 3554 imparia
1812 3512 2011 3552 sacrificato,
2028 3512 2136 3544 inferis
2149 3521 2225 3545 vero
2241 3512 2338 3554 paria.
