2612 3814
695 289 750 328 IN
780 286 1117 328 EMPEDOCLIS
1147 286 1436 327 CARMINUM
1465 287 1767 336 RELIQUIAS.
2277 296 2325 330 35

147 376 254 419 nihil
281 377 359 416 nisi
386 376 409 425 ἤ
428 392 461 415 τι
480 377 600 416 latere
621 377 843 430 suspicatus
863 386 942 425 est,
977 377 1045 428 qui
1078 385 1209 415 tamen

146 436 343 488 reliquam
365 449 500 475 versus
526 445 675 488 partem
698 437 829 475 minus
853 436 955 475 bene
975 436 1206 474 constituit:

145 494 406 542 καταθνήσκειν
453 494 688 540 κάξόλλυσθαι
729 495 821 534 πάνυ
865 493 999 543 πάντη.
1045 495 1210 533 Praestat

147 554 352 592 Sturziana
366 553 586 592 emendatio
601 553 857 601 καταθνήσκειν
872 569 911 593 τε
929 553 990 592 καὶ
1004 553 1209 600 ἐξόλλυσθαι

151 612 316 665 ἁπάντη,
349 626 465 663 quam
497 626 634 652 omnes
664 622 799 666 postea
826 614 993 652 editores
1023 613 1209 665 arripue-

144 680 254 711 runt.

201 730 268 770 Vs.
310 731 399 769 116.
437 731 640 769 Plutarchi
687 731 926 770 membranae
972 730 1208 782 μαντεύσαιτο

147 783 323 841 p'raebent
335 820 346 838 ,
368 791 475 842 quod
491 790 689 843 Stephano
710 805 868 843 quoque
888 792 930 830 in
949 791 1063 830 Poesi
1079 790 1210 843 philo-

140 848 312 901 sophica
344 859 382 888 et
413 850 614 900 Scaligero
637 850 847 902 probatum
878 850 1041 888 minime
1068 863 1208 888 recen-

141 907 319 947 tioriBus
333 909 624 948 sollicitandum
638 918 734 950 erat.
753 910 886 961 Neque
899 909 1004 948 enim
1022 908 1209 947 attinebat

148 967 209 1005 vel
246 967 464 1018 μητεύσαιτο
510 982 599 1007 cum
635 968 792 1007 Reiskio
825 969 1070 1018 excogitare,
1102 969 1207 1019 quod

147 1026 374 1065 inusitatum
393 1036 471 1074 est,
491 1028 555 1066 vel
577 1027 767 1079 μητίσαιτο
786 1041 874 1066 cum
897 1027 1050 1065 Sturzio
1075 1026 1207 1078 conji-

141 1098 236 1124 cere
248 1115 258 1135 ‚
275 1087 339 1125 vel
357 1086 596 1135 μαστεύσαιτο
614 1101 701 1125 cum
719 1087 927 1126 Kar-stenio
943 1086 1205 1126 comminisci.

199 1144 261 1185 Vs.
288 1146 374 1183 118.
406 1145 625 1196 Legebatur
655 1146 775 1196 vulgo
807 1145 874 1184 εἰσὶ
905 1143 968 1184 καί
991 1161 1078 1199 σφι,
1101 1146 1207 1197 quod

147 1203 375 1243 Karstenius
389 1205 560 1243 correxit
573 1205 615 1243 in
626 1204 712 1243 εἷσὶν
726 1203 788 1243 καί
803 1220 895 1256 σφιν.
911 1204 986 1243 Sed
997 1204 1078 1256 jam
1096 1213 1208 1243 antea

145 1263 263 1304 Mich.
279 1262 457 1302 Neander
469 1262 546 1315 Op.
561 1264 658 1302 Aur.
677 1263 724 1301 T.
746 1263 812 1313 Ip.
833 1263 909 1300 526
934 1263 1092 1301 dederat
1106 1263 1205 1312 εἰσὶν,

140 1322 317 1372 Scaliger
331 1330 458 1360 autem
479 1322 522 1360 in
542 1322 677 1361 codice
698 1321 1035 1372 Lugdunobatavo
1052 1324 1205 1362 exarari

145 1382 323 1420 voluerat
339 1396 433 1435 σφιν.
452 1381 531 1420 Pro
546 1380 641 1419 δεινὰ
659 1382 850 1432 Bergkius
865 1382 942 1432 legi
959 1381 1078 1433 jussit
1091 1383 1202 1432 δειλά,

140 1441 251 1494 quod
273 1440 406 1480 verbis
423 1441 694 1493 Empedocleis
710 1441 844 1479 intulit
862 1441 1050 1492 Steinius,
1068 1455 1203 1494 quam-

142 1514 263 1551 quam
295 1500 388 1539 ferri
421 1509 548 1552 potest
576 1501 736 1551 vulgata
765 1501 976 1553 scriptura.
1011 1501 1076 1540 Vs.
1114 1517 1128 1540 1
1141 1517 1200 1554 19.

143 1559 255 1599 Libri
268 1559 643 1599 Plutarcheihabent
663 1574 672 1598 ε
693 1558 774 1612 πρὶν
788 1559 824 1598 δὲ
840 1559 992 1611 πάγεντε
1009 1560 1126 1614 βροτοὶ
1144 1562 1204 1600 καὶ

139 1618 302 1663 λυθέντος
321 1619 399 1659 οὐδὲ
419 1619 475 1672 ἄρ’
497 1619 577 1659 εἶσί.
599 1619 819 1672 Stephanus
840 1620 882 1658 in
900 1620 1016 1659 Poesi
1039 1620 1137 1672 phil.
1159 1635 1199 1673 p.

144 1692 195 1716 22
212 1678 390 1728 vulgavit
402 1679 485 1732 πρὶν
500 1678 536 1718 δὲ
552 1677 705 1730 παγέντε
721 1679 838 1733 βροτοὶ
854 1679 915 1718 καὶ
931 1680 1090 1724 λυθέντες
1105 1681 1202 1720 οὐδὲν

147 1737 202 1789 ἄρ’
224 1737 325 1788 εἰσίν,
347 1738 411 1776 cui
441 1738 613 1789 Scaliger
649 1739 748 1777 ibid.
787 1752 828 1790 p.
861 1740 937 1776 216
972 1740 1203 1791 astipulatus

143 1804 226 1846 est,
246 1796 324 1834 nisi
357 1797 463 1847 quod
488 1806 532 1836 ut
553 1796 726 1849 παγέντε,
756 1798 811 1835 ita
829 1798 947 1836 etiam
977 1797 1110 1837 λυθέντ’
1132 1813 1202 1851 po-

144 1860 313 1897 nendum
334 1860 497 1899 censuit.
516 1859 659 1898 Neuter
676 1860 907 1898 sententiam
924 1860 1025 1899 bene
1045 1863 1200 1901 confor-

140 1918 284 1965 mavit,
309 1932 397 1969 quae
429 1919 602 1969 postulat
631 1917 950 1970 conjunctionem
980 1921 1200 1973 oppositam

140 1978 376 2029 praecedenti
400 1978 496 2029 πρίν.
532 1978 796 2024 Quamobrem
826 1978 1027 2031 Xylander
1054 1979 1203 2032 Empe-

137 2037 264 2075 ‹loclis
286 2050 444 2075 manum
466 2039 672 2076 restituere
692 2038 772 2077 sibi
792 2039 902 2078 visus
930 2048 1002 2088 est,
1024 2040 1071 2083 ὡς
1098 2039 1201 2078 λύθεν

138 2096 367 2136 scribendo.
408 2097 605 2136 Praeclara
640 2098 757 2136 etiam
800 2097 948 2137 Reiskii
982 2099 1201 2139 emendatio

138 2155 214 2194 {suit
236 2168 246 2195 ε
269 2155 349 2207 πρὶν
368 2155 404 2194 δὲ
434 2155 546 2207 πάγεν
567 2172 605 2194 τε
626 2156 744 2209 βροτοὶ
771 2156 831 2194 καὶ
850 2157 927 2195 ἐπεὶ
946 2156 1064 2209 λύθεν,
1083 2171 1199 2209 quam

135 2229 163 2253 a
180 2215 388 2254 Karstenio
410 2216 582 2267 primum
614 2225 807 2269 receptam
831 2217 1082 2268 postmodum
1113 2219 1198 2257 edi-

135 2282 246 2314 tores
272 2283 494 2316 tenuerunt.
526 2276 717 2314 Caeterum
747 2276 933 2329 Stephani
955 2277 1198 2317 emendatio-

140 2347 229 2372 nem
264 2334 360 2373 οὐδὲν
385 2334 440 2388 ἄρ’
461 2335 546 2374 εἰσίν
570 2336 734 2375 forsitan
763 2349 783 2374 e
813 2336 1015 2375 codicibus
1039 2338 1199 2388 petitam

143 2407 247 2432 nunc
275 2394 453 2432 Diibneri
476 2394 597 2433 editio
617 2395 787 2434 exhibet.
808 2395 1038 2434 Karstenius
1055 2395 1126 2434 οὐδ’
1145 2397 1200 2449 ἄρ’

142 2451 221 2491 ἔασι
243 2453 390 2504 posuit.

192 2515 279 2550 Vss.
301 2513 494 2552 120-133.
511 2512 606 2551 Ἀλλ’
625 2512 902 2565 ἄγε-ἆμείὸει]
915 2514 1026 2551 affert
1041 2515 1198 2566 Simpli-

138 2570 224 2609 cius
238 2570 358 2621 Phys.
382 2571 415 2609 1.
440 2571 467 2610 f.
492 2572 539 2617 34
561 2571 694 2612 a.Vss.
722 2573 899 2610 122-131
921 2572 1199 2626 ἠέλιον-φέρι-

143 2644 218 2668 στοι
234 2629 337 2668 idem
352 2629 473 2681 Phys.
493 2629 527 2678 Ι,
552 2630 578 2670 f.
601 2645 620 2679 7
640 2630 682 2670 b.
701 2630 782 2670 Vss.
807 2645 879 2668 122
900 2640 937 2669 et
962 2637 1032 2676 124
1051 2633 1197 2672 omisso

140 2702 202 2727 vs.
223 2689 295 2726 123
318 2689 549 2727 Aristoteles
566 2688 613 2727 de
629 2689 729 2728 Gen.
749 2698 786 2728 et
801 2689 914 2729 Corr.
939 2689 971 2737 Ι,
997 2705 1036 2740 1,
1057 2704 1096 2742 p.
1120 2692 1195 2730 385

141 2761 177 2795 a;
195 2747 427 2786 Plutarchus
441 2747 489 2786 de
511 2762 570 2798 pr.
595 2749 682 2798 frig.
699 2763 740 2800 p.
760 2755 853 2799 949,
871 2748 952 2787 vol.
968 2747 1021 2786 IX
1041 2763 1080 2801 p.
1103 2755 1195 2798 74«.

192 2806 256 2846 Vs.
284 2821 374 2847 122.
397 2806 569 2846 Galenus
586 2807 666 2861 περὶ
686 2810 748 2855 τῆς
768 2810 837 2845 τῶν
863 2807 986 2846 ἁπλῶν
1004 2823 1117 2860 φαρμ.
1141 2825 1198 2862 κρ.

144 2866 186 2906 Ι..
211 2865 264 2913 ll,
287 2879 350 2918 pr.
368 2865 416 2905 T.
438 2866 530 2904 Xlll
549 2881 586 2918 p.
607 2868 651 2904 31
672 2867 802 2907 Chart.
825 2867 909 2906 Vss.
951 2868 1125 2905 128-131
1159 2869 1198 2907 ἐκ

139 2923 206 2957 τῶν
226 2917 637 2972 πάνθ’-δολιχαίωνες]
658 2921 821 2960 Aristot.
842 2921 1011 2972 Metaph.
1034 2920 1087 2968 11,
1111 2927 1132 2966 4
1155 2936 1194 2973 p,

129 2980 216 3017 2662
241 2979 290 3016 D.
311 2978 397 3018 Vss.
425 2981 606 3018 128-130
626 2980 729 3018 idem
755 2980 804 3018 de
823 2980 970 3018 Mundo
999 2995 1034 3019 c.
1059 2982 1081 3018 6
1101 2994 1192 3033 pag.

141 3044 215 3086 [274
238 3038 285 3078 A.
308 3038 429 3076 Multa
448 3039 524 3077 alia
553 3039 601 3078 de
631 3040 854 3087 elementis,
879 3039 927 3078 de
953 3039 1099 3088 calido,
1126 3040 1195 3078 fri-

138 3096 253 3145 gido,
276 3097 430 3147 lucido,
455 3112 576 3150 opaco
597 3112 642 3137 ac
669 3099 717 3137 de
738 3099 788 3138 iis
807 3111 895 3150 quae
914 3112 963 3137 ex
983 3099 1194 3138 elemento-

131 3168 224 3192 rum
245 3157 350 3195 coitu
372 3165 458 3194 orta
473 3166 602 3196 essent
620 3158 803 3210 praefatus
824 3166 906 3196 erat
923 3157 1193 3210 Empedocles,

140 3222 346 3266 antequam
377 3216 423 3254 ad
445 3216 517 3255 hos
550 3218 734 3256 transiret
757 3230 916 3268 versus,
948 3216 1094 3268 quibus
1114 3217 1192 3255 sin·

141 3273 325 3321 gulorum
346 3288 556 3327 corporum
585 3277 813 3327 genitalium
848 3285 1027 3315 naturam
1057 3276 1195 3315 adum-

128 3330 236 3370 brat.
274 3331 339 3370 Sic
371 3334 476 3371 enim
511 3333 740 3386 Simplicius
772 3334 894 3386 Phys.
925 3334 957 3374 Ι.
999 3334 1024 3372 f.
1063 3335 1111 3380 34
1138 3347 1160 3372 a
1183 3348 1191 3371 :

134 3389 281 3429 πλείονα
298 3391 332 3429 δὲ
352 3391 443 3430 ἄλλα
464 3392 571 3432 εἰπὼν
594 3393 718 3446 ἐπάγει
739 3392 886 3433 ἑκάστου
906 3396 975 3432 τῶν
996 3393 1191 3444 εἰρημένων

137 3450 346 3502 (στοιχείων)
368 3451 427 3490 τὸν
447 3456 679 3506 χαρακτῆρα,
699 3452 737 3492 τὸ
758 3452 819 3504 μὲν
840 3456 909 3504 πῦρ
936 3451 1033 3499 ἥλιον
1055 3453 1189 3499 καλῶν,

135 3507 194 3545 τὸν
215 3508 244 3546 δ’
265 3509 351 3562 ἀέρα
371 3511 481 3564 αὐγὴν
502 3512 560 3552 καὶ
581 3512 738 3565 οὐρανόν,
760 3512 799 3551 τὸ
819 3512 849 3550 δ’
865 3511 959 3565 ὕδωρ
982 3510 1113 3563 ὄμὸρον
1130 3510 1190 3549 καὶ

1272 374 1470 415 θάλασσαν.
1497 375 1689 414 Similiter
1710 376 1790 413 fere
1809 375 1905 414 alibi
1927 378 1954 415 f.
1975 392 1995 425 7
2020 377 2090 416 hos
2111 391 2248 417 versus
2274 379 2329 418 ci-

1270 443 1356 473 tans
1369 464 1379 484 ,
1400 435 1498 472 dicit
1519 449 1528 472 :
1553 436 1587 473 ἐν
1614 433 1756 478 ἐκείνοις
1776 434 1811 472 δὲ
1830 435 1902 478 τοῖς
1928 435 2060 484 ἔπεσιν,
2084 438 2118 475 ἐν
2136 433 2185 481 οἷς
2204 437 2264 476 καὶ
2281 437 2326 476 τὰ

1270 492 1501 545 γνωρίσματα
1525 493 1674 533 ἑκάστου
1696 494 1765 531 τῶν
1784 493 1964 546 τεσσάρων
1982 494 2167 547 στοιχείων
2184 496 2244 534 καὶ
2265 499 2325 535 τοῦ

1270 551 1404 597 νείκους
1424 552 1485 591 καὶ
1504 555 1565 600 τῆς
1585 552 1703 606 φιλίας
1716 552 1939 605 παραδίδωσι
1958 556 2100 606 σαφῶς,
2118 553 2181 601 τὴν
2199 556 2328 607 ἀμφοῖν

1270 613 1304 650 ἐν
1325 617 1414 650 πᾶσι
1435 610 1529 663 μῖξιν
1550 615 1611 650 τοῦ
1631 627 1669 650 τε
1690 610 1822 656 νείκους
1850 611 1911 651 καὶ
1931 614 1993 659 τ’ἥς
2017 611 2133 664 φιλίας
2154 612 2328 666 ἐξέφηνεν·

1270 669 1345 724 ἔχει
1364 670 1406 718 δὴ
1429 670 1537 714 οὕτως
1554 671 1814 710 κτλ.“Νοιηίη3
1833 670 1978 722 quibus
1997 671 2226 723 Simplicius
2250 673 2330 711 ele-

1270 740 1400 768 menta
1430 731 1622 782 appellari
1648 731 1725 779 ait,
1748 730 1867 778 ἥλιος,
1890 731 1981 783 αὐγή
1995 759 2006 778 ,
2028 729 2178 784 ὅμὸρος,
2202 731 2245 769 in
2266 731 2329 770 his

1269 789 1451 828 versibus
1474 789 1751 838 inveniuntur3
1776 789 1855 828 duo
1875 790 2028 840 reliqua
2045 789 2187 841 οὐρανός
2207 798 2245 827 et
2263 789 2330 827 θοί-

1268 849 1384 886 λασσα
1405 849 1490 898 ipse
1508 848 1704 901 interpres
1723 849 1920 901 apposuit.
1939 848 2085 887 Verum
2102 848 2328 900 Simplicius

1268 921 1348 946 non
1367 917 1556 946 memorat
1571 908 1650 947 nisi
1675 909 1750 947 tria
1772 909 1976 954 elementa,
1997 908 2148 958 ignem,
2173 920 2300 946 aerem
2315 936 2342 955 ,Ι

1269 980 1410 1018 aquam
1424 997 1435 1016 ‚
1458 968 1604 1006 omissa
1621 976 1743 1017 terra3
1763 967 1875 1019 cujus
1894 976 2023 1006 tamen
2043 968 2222 1006 meminit
2238 968 2330 1006 Ari-

1270 1027 1426 1066 stoteles
1463 1027 1511 1065 de
1538 1026 1640 1066 Gen.
1672 1035 1710 1065 et
1739 1026 1853 1067 Corr.
1877 1027 1906 1065 l.
1931 1041 1966 1066 c.
1994 1026 2099 1065 hunc
2120 1026 2249 1065 locum
2273 1026 2328 1065 ita

1268 1085 1440 1136 allegans
1476 1100 1484 1124 :
1519 1085 1639 1139 ὥσπερ
1672 1084 1735 1124 καί
1761 1101 1865 1139 φησιν
1896 1085 2144 1136 Ἐμπεδοκλῆς
2169 1104 2183 1121 ι
2208 1084 2326 1133 ἠέλιον

1269 1143 1331 1194 μὲν
1366 1143 1489 1183 λευκὸν
1518 1146 1602 1198 δρᾷν
1631 1143 1692 1183 καὶ
1719 1145 1845 1197 θερμὸν
1880 1144 2044 1197 ἁπάντῃ,
2074 1143 2207 1196 ὄμὸρον
2241 1145 2270 1183 δ’
2292 1146 2327 1183 ἐν

1269 1211 1376 1242 πᾶσιν
1404 1202 1593 1256 δνοφόεντά
1621 1219 1660 1242 τε
1687 1202 1848 1257 ῥιγαλέον
1870 1219 1907 1242 τε
1932 1233 2123 1244 .....
2156 1224 2171 1240 n
2200 1202 2329 1254 ὁμοίως

1270 1262 1306 1300 δὲ
1338 1262 1477 1315 διορίζει
1502 1263 1562 1301 καὶ
1594 1262 1652 1302 ἐπὶ
1682 1266 1752 1302 τῶν
1785 1263 1918 1302 λοιπῶν
1940 1262 2166 1316 (στοιχείων).
2188 1262 2273 1302 ὥστ’
2293 1263 2328 1308 ἐξ

1267 1321 1339 1366 ἑνός
1358 1338 1451 1367 τινος
1483 1323 1587 1370 δῆλον
1612 1322 1665 1361 ὅτι
1687 1323 1868 1376 διαφοραῖς
1897 1338 1968 1361 τισι
1991 1323 2238 1376 χωριζομένων
2265 1323 2327 1362 καὶ

1266 1381 1416 1420 πάθεσιν
1434 1381 1570 1435 ἐγένετο
1589 1381 1628 1420 τὸ
1646 1381 1708 1434 μὲν
1726 1381 1818 1435 ὕδωρ
1833 1382 1872 1421 τὸ
1888 1382 1922 1420 δὲ
1943 1386 2014 1435 πῦρ
2027 1412 2037 1430 ,
2057 1383 2216 1434 καθάπερ
2233 1381 2329 1434 λέγει

1265 1439 1322 1479 τὸν
1344 1439 1407 1492 μὲν
1420 1440 1535 1491 ἥλιον,
1552 1441 1678 1480 λευκὸν
1696 1440 1757 1480 καὶ
1777 1440 1918 1494 θερμόν,
1934 1441 1998 1488 τὴν
2019 1442 2055 1481 δὲ
2071 1445 2137 1493 γῆν
2161 1441 2249 1494 βαρὺ
2264 1442 2326 1481 καὶ

1265 1499 1433 1552 σκληρόν.
1466 1500 1580 1547 Quod
1610 1502 1806 1553 reliquum
1836 1511 1893 1540 est
1920 1515 1942 1540 e
1973 1501 2106 1541 verbis
2136 1502 2264 1553 ὁμοίως
2291 1502 2328 1541 δὲ

1266 1560 1406 1611 διορίζει
1426 1560 1486 1599 καὶ
1507 1561 1565 1599 ἐπὶ
1585 1562 1654 1598 τῶν
1671 1562 1803 1600 λοιπῶν
1820 1561 2037 1614 (στοιχείων)
2063 1562 2326 1614 probabiliter

1265 1619 1426 1668 colligas
1458 1620 1638 1669 exiguam
1674 1620 1954 1671 disputationis
1991 1621 2257 1673 Empedocleae
2277 1621 2326 1660 de

1263 1678 1467 1718 elementis
1486 1688 1634 1731 partem
1654 1681 1835 1731 periisse.

1316 1739 1380 1778 Vs.
1407 1753 1494 1779 120.
1517 1739 1594 1777 Pro
1618 1740 1775 1790 vulgato
1796 1741 1875 1779 ἀλλ’
1899 1740 1963 1792 ἄγε
1981 1740 2077 1779 Cod.
2095 1741 2142 1780 D.
2158 1740 2251 1779 ἀλλά
2269 1756 2321 1780 τε.

1264 1798 1367 1836 Bene
1394 1806 1521 1836 autem
1543 1798 1716 1848 Scaliger
1736 1799 1795 1838 ἐπὶ
1817 1799 1980 1853 μάρτυρα
1999 1800 2105 1851 quod
2122 1809 2177 1838 est
2195 1800 2238 1838 in
2257 1800 2325 1838 Al-

1263 1857 1357 1895 dina
1377 1857 1575 1909 Simplicii
1604 1859 1781 1897 editione
1813 1859 1855 1897 in
1877 1859 2102 1912 ἐπιμάρτυρα
2132 1861 2320 1899 correxit.

1264 1917 1376 1955 Hunc
1422 1930 1510 1955 cum
1555 1916 1764 1956 Karstenio
1811 1919 1940 1957 caeteri
1986 1917 2158 1957 editores
2201 1920 2323 1957 secuti

1262 1984 1363 2015 sunt.
2331 1982 2334 1985 ’

1314 2034 1380 2075 Vs.
1409 2049 1496 2075 121.
1519 2034 1719 2084 λιπόξυλον,
1741 2050 1822 2075 vox
1839 2036 2117 2089 Empedoclea,
2133 2039 2322 2079 infirmum

1261 2095 1485 2145 designans.
1502 2094 1562 2135 Cf.
1579 2108 1685 2135 vers.
1703 2110 1796 2145 277.
1811 2096 1988 2135 Sturzius
2003 2105 2146 2135 temere
2158 2097 2325 2135 mutavit

1262 2154 1303 2192 in
1323 2153 1527 2206 λιπόζυγον,
1550 2154 1747 2194 Prellerus
1767 2156 1809 2194 in
1830 2154 2012 2200 ὑπόξυλον.
2069 2203 2073 2207 y

1316 2212 1380 2251 Vs.
1411 2226 1499 2251 122.
1515 2211 1678 2264 λαμπρὸν
1694 2212 1928 2252 Plutarchus
1941 2212 2058 2251 habet
2077 2222 2114 2251 et
2127 2213 2322 2265 Simplicii

1261 2271 1350 2311 cod.
1373 2272 1432 2323 Ι),
1452 2269 1576 2309 λευκὸν
1597 2271 1847 2319 Aristoteles3
1877 2270 2003 2324 θερμὸν
2032 2274 2115 2324 ὃρᾷν
2137 2272 2197 2310 καὶ
2225 2274 2322 2323 λαμ-

1261 2331 1348 2384 πρὸν
1380 2330 1520 2378 ἁπάντη
1542 2331 1737 2382 Simplicii
1758 2332 1880 2370 editio
1905 2332 2048 2370 Aldina
2069 2340 2107 2370 et
2125 2331 2297 2371 Galenus·
2307 2363 2321 2383 ,

1260 2391 1327 2429 sed
1347 2390 1575 2441 Simplicius
1596 2391 1717 2428 altero
1734 2390 1821 2428 loco
1840 2390 1964 2443 θερμὸν
1994 2393 2077 2444 ὃρᾷν
2107 2391 2167 2429 καὶ
2189 2391 2317 2445 θερμὸν

1261 2449 1417 2496 ἁπάντη.
1444 2450 1550 2488 lnter
1578 2449 1828 2501 Empedoclis
1861 2450 2032 2489 editores
2062 2450 2228 2503 λαμπρὸν
2257 2465 2320 2490 re-

1261 2517 1448 2560 ceperunt
1468 2508 1644 2547 Sturzius
1664 2517 1701 2546 et
1722 2508 2060 2557 Panzerbieterus,
2078 2509 2203 2548 λευκὸν
2224 2509 2321 2548 Kar-

1260 2567 1408 2605 stenius
1427 2575 1464 2604 et
1482 2566 1669 2606 Steinius.
1710 2566 1787 2616 Ego
1808 2567 1882 2605 etsi
1903 2567 2127 2606 Aristotelis
2149 2569 2320 2607 auctori-

1261 2634 1375 2664 tatem
1425 2640 1503 2664 non
1543 2626 1693 2664 ideirco
1734 2625 2043 2665 labefactandam
2082 2640 2183 2677 reor,
2227 2628 2321 2679 quia

1260 2685 1382 2723 multa
1420 2685 1644 2722 memoriter
1679 2684 1879 2732 citaverit,
1919 2694 2047 2724 tamen
2078 2684 2119 2724 τὸ
2151 2686 2318 2739 λαμπρὸν

1259 2745 1398 2782 melius
1432 2746 1482 2795 τῷ
1515 2742 1691 2796 δνοφόεντι
1725 2745 1874 2796 opponi
1911 2744 2099 2792 arbitror,
2141 2745 2312 2796 ideoque

1258 2803 1423 2856 λαμπρὸν
1441 2817 1462 2842 e
1475 2803 1687 2842 Plutarcho
1707 2805 1844 2844 sumsi.
1861 2804 1975 2850 Quod
1991 2805 2163 2843 Steinius
2176 2817 2197 2843 e
2218 2806 2317 2843 Sim-

1258 2863 1370 2915 plicii
1393 2863 1480 2905 cod.
1503 2862 1547 2901 C.
1579 2863 1777 2914 prolatum
1807 2863 1941 2902 verbis
1961 2863 2231 2915 Empedocleis
2255 2865 2317 2902 in·

1258 2923 1381 2961 seruit
1398 2922 1464 2975 ὅρα
1488 2935 1562 2973 pro
1578 2922 1738 2972 vulgato
1760 2924 1844 2976 ὁρᾷν
1868 2923 2028 2962 minime
2055 2923 2314 2962 necessarium

1257 2988 1328 3020 est.
1354 2979 1578 3019 Notandum
1598 2994 1692 3020 vero
1725 2982 1832 3032 quod
1863 2983 1906 3020 in
1939 2982 2156 3033 exemplari
2177 2995 2317 3020 manu-

1258 3041 1403 3089 scripto
1424 3039 1691 3090 nihil.legitur
1712 3040 1790 3078 nisi
1810 3042 1890 3093 ὁρᾶ.

1312 3098 1378 3139 Vs.
1407 3099 1494 3139 123.
1518 3098 1680 3152 ἄμὸροτα
1703 3099 1732 3137 δ’
1754 3099 1860 3152 ὅσσα]
1881 3099 2108 3151 Simplicius
2128 3113 2207 3138 uno
2228 3100 2315 3138 loco

2282 3174 2298 3196 Ε

1256 3225 1438 3269 corrupte
1463 3231 1471 3255 :
1496 3216 1658 3270 ἄμὸροτα
1679 3218 1709 3255 δ’
1729 3215 1805 3256 ὅσσ’
1819 3217 1935 3255 ἔδεται
1962 3217 2078 3267 (cod.
2102 3218 2144 3257 C.
2168 3217 2204 3256 δὲ
2229 3232 2316 3256 τοσσ

1256 3275 1293 3314 δέ
1309 3278 1375 3328 τε),
1392 3277 1514 3315 altero
1532 3275 1698 3330 ἄμὸροτα
1713 3277 1743 3315 δ’
1758 3276 1847 3316 ὅσσα
1863 3277 1988 3325 ἐδεῖτο,
2008 3277 2113 3328 quod
2130 3286 2168 3315 et
2184 3279 2314 3328 ipsum

1256 3336 1543 3388 repudiandum
1562 3345 1633 3375 est.
1657 3336 1752 3382 Quae
1771 3349 1892 3387 quum
1915 3335 1971 3374 ita
1992 3335 2093 3383 sint,
2116 3335 2313 3373 Prellerus

1255 3394 1424 3446 conjecit
1443 3394 1519 3434 ὅσσ’
1538 3394 1652 3445 ἐδέθη,
1673 3409 1760 3446 quoe
1777 3395 1904 3448 (coelo)
1925 3397 2080 3443 illigata
2095 3403 2189 3439 sunt,
2207 3393 2314 3444 quod

1259 3453 1422 3492 verbum
1439 3455 1493 3493 ita
1506 3453 1683 3493 absolute
1702 3454 1873 3506 positum
1885 3453 1976 3491 ferri
1992 3466 2106 3504 posse
2118 3466 2203 3490 cum
2215 3451 2246 3488 Κ
2251 3465 2312 3489 ar-

1259 3513 1384 3552 stenio
1399 3526 1598 3564 negamus.
1615 3513 1701 3564 lpse
1717 3513 1943 3551 Karstenius
1954 3512 2130 3563 scripsit:
2149 3509 2313 3563 ἅμὸροτα

2170 3582 2196 3609 3.
