2612 3814
287 303 363 336 492

417 383 629 435 (Antonius
648 391 685 421 et
712 383 907 422 Maximus
937 382 1070 434 Eclog.
1091 382 1173 422 LVI
1199 397 1238 435 p.
1260 383 1335 431 275

363 442 599 495 Σωκράτους.)

282 518 330 544 78.
364 501 535 555 Κρεῖσσόν
558 503 631 540 ἐστι
657 503 708 539 τῶ
731 501 811 540 ποδι
832 500 1040 539 ὀλισθαίνειν
1061 500 1083 548 ἢ
1103 503 1147 552 τῇ
1175 500 1335 552 γλώσσῃ.

420 562 626 611 (Antonius
660 570 698 598 et
723 560 915 598 Maximus
943 559 1075 611 Eclog.
1100 559 1226 598 XCIII
1255 561 1337 599 Σω-

363 622 523 675 κράτους.
515 619 539 672 .)

282 696 329 722 78.
363 680 557 734 Σωκράτης
585 695 663 722 τους
698 678 762 731 μὲν
792 678 1004 722 πλεονέκτας
1037 677 1153 723 εἴκαζε
1173 683 1249 721 ταῖς
1280 676 1336 729 ὅρ-

361 756 466 790 νισιν,
488 733 536 778 ὦν
568 742 591 786 ἡ
624 737 687 787 μὲν
722 738 908 776 καταπίνει
935 738 971 785 ὅ,
992 753 1025 775 τι
1058 737 1101 775 ἂν
1133 736 1335 790 προστύχῃ,

362 799 423 838 καὶ
452 798 546 838 ἔστιν
569 798 625 836 ὅτε
655 797 837 848 πνίγεται·
860 798 896 834 αἱ
919 798 949 835 δ’
972 796 1076 835 ἄλλαι
1108 798 1337 849 περιακολου

362 861 478 898 θοῧσιν
500 859 639 911 ἀφελεῖν
667 856 752 895 αὐτὸ
773 856 1007 907 σπεύδουσαι,
1031 855 1087 895 ἵνα
1112 854 1210 908 παρὰ
1232 855 1338 908 μέρος

362 920 544 969 πνιγῶσιν.

419 975 625 1026 (Antonius
668 982 706 1012 et
754 973 946 1012 Maximus
995 973 1129 1024 Eclog.
1169 973 1252 1011 LIV
1292 988 1332 1024 p.

364 1036 470 1085 225.)

281 1110 328 1135 so.
360 1094 417 1134 Τὰ
438 1096 506 1131 τῶν
527 1093 643 1131 καλῶν
666 1090 850 1146 φιλήματα
873 1090 1108 1144 φυλάττεσθαι
1130 1092 1201 1140 δεῖ,
1223 1093 1269 1136 ὡς
1289 1093 1333 1132 τὰ

358 1156 426 1192 τῶν
448 1152 594 1192 ἷοὸόλων
614 1151 792 1203 δήγματα.

414 1212 622 1262 (Antonius
672 1219 711 1249 et
753 1210 946 1249 Maximus
1000 1210 1133 1262 Eclog.
1173 1210 1259 1249 CIX
1290 1226 1330 1264 p.

362 1271 468 1323 565.)

279 1346 327 1372 er.
359 1332 406 1370 Οἱ
428 1328 595 1380 ἀδελφοὺς
613 1327 794 1380 παριέντες
810 1331 870 1367 καὶ
884 1328 1008 1373 ἄλλους
1023 1329 1141 1382 φίλους
1154 1331 1334 1376 ζητοῦντες

359 1387 603 1443 παραπλήσιοί
636 1388 702 1426 εἶσι
724 1387 794 1430 τοῖς
813 1386 878 1434 τὴν
902 1389 1033 1427 ἑαυτῶν
1062 1392 1128 1439 γῆν
1148 1390 1252 1437 ἐῶσι,
1270 1405 1290 1427 τ
1307 1406 1332 1436 ιν

360 1449 396 1487 δὲ
417 1446 604 1500 ἀλλοτρίαν
625 1449 853 1499 γεωργοῦσιν.

413 1507 622 1556 (Antonius
642 1514 679 1544 et
703 1505 898 1544 Maximus
934 1506 1064 1557 Eclog.
1090 1506 1259 1545 CXXXV
1290 1521 1329 1558 p.

362 1565 466 1618 716.)

278 1638 326 1664 83.
358 1624 411 1664 Τὸ
431 1626 541 1676 φιλεῖν
565 1623 718 1676 ἀκαίρως
738 1622 812 1661 ἴσον
830 1622 905 1662 ἐστὶ
923 1626 972 1674 τῷ
990 1630 1117 1674 μισεῖν.

415 1685 623 1734 (Antonius
657 1692 694 1721 et
726 1683 918 1722 Maximus
954 1683 1087 1747 Eclog.
1125 1684 1330 1724 CXXXVII

356 1757 394 1795 P
420 1745 521 1794 723)

279 1816 328 1842 ss.
361 1802 420 1842 Ἰὰ
449 1805 517 1841 τῶν
538 1801 714 1841 πλουσίων
735 1801 795 1840 καὶ
818 1801 963 1849 ἀσώτων
984 1801 1155 1854 χρήματα
1180 1808 1257 1848 ταῖς
1276 1804 1333 1842 ἐπὶ

356 1863 424 1900 τῶν
446 1863 613 1915 κρημνῶν
635 1861 776 1905 συκέαις
795 1859 929 1906 εἴκαζεν
957 1861 987 1912 (ὁ
1007 1862 1243 1913 Σωκράτης),
1275 1863 1333 1916 ἀφ’

357 1915 405 1959 ὧν
428 1922 611 1973 ἄνθρωπον
637 1920 700 1971 μὲν
723 1919 773 1971 μὴ
805 1919 1013 1970 λαμὸάνειν,
1033 1919 1187 1972 κόρακας
1206 1919 1242 1958 δὲ
1272 1921 1332 1960 καὶ

356 1980 524 2028 ἷκτίνους,
558 1978 677 2032 ὥσπερ
713 1978 812 2033 παρὰ
846 1978 977 2018 τούτων
1012 1979 1153 2034 ἑταίρας
1181 1979 1241 2018 καὶ
1268 1980 1331 2020 κό-

356 2040 482 2082 λακας.

411 2097 622 2150 (Antonius
635 2106 672 2136 et
685 2097 879 2136 Maximus
894 2097 1024 2148 Eclog.
1043 2097 1143 2136 CXL
1161 2112 1199 2150 p.
1225 2098 1330 2150 757.)

275 2171 324 2197 8⁴.
356 2155 447 2195 Ἡδύ
461 2158 570 2208 ἐστιν,
585 2155 706 2210 ὥσπερ
721 2156 811 2210 φίλῳ
832 2157 1011 2210 σπουδαίῳ
1024 2187 1035 2209 ,
1053 2157 1091 2196 οὔ
1099 2174 1146 2196 τω
1164 2158 1224 2197 καὶ
1238 2158 1331 2213 λόγῳ

278 2219 282 2224 “
358 2217 456 2269 καλῷ
477 2216 752 2269 συγγηράσκειν.

303 2349 369 2396 ’78.
393 2365 532 2396 Praestat
550 2363 630 2405 pedc
651 2373 748 2405 quam
762 2364 869 2405 lingua
891 2363 964 2396 labi.

317 2427 370 2456 79.
394 2425 542 2456 Socrates
569 2432 685 2456 avaros
711 2423 827 2456 avibus
856 2422 1081 2464 comparabat,
1111 2432 1249 2465 quarum
1270 2424 1333 2457 alia

276 2482 407 2515 devorat
425 2481 584 2523 quidquid
603 2482 761 2521 occurrit,
778 2483 810 2514 et
826 2481 1021 2524 quandoque
1037 2480 1215 2514 suffocatur
1234 2492 1243 2514 ι
1261 2483 1333 2515 aliae

276 2550 352 2574 vero
368 2541 576 2583 comitantur,
603 2542 641 2573 ut
669 2540 757 2583 quod
784 2541 882 2574 habet
903 2541 933 2574 ei
956 2543 1238 2583 extorqueant,et
1254 2543 1333 2584 ipsae

277 2609 406 2641 quoque
419 2600 490 2632 aliae
506 2603 577 2641 post
596 2600 675 2632 alias
693 2600 911 2633 suffocentur.

319 2663 370 2692 80.
395 2661 623 2692 Formosorum
654 2659 766 2692 oscula
797 2660 834 2692 ut
868 2659 1056 2692 animalium
1100 2662 1331 2694 venenatorum

277 2726 403 2750 morsus
422 2717 515 2750 vitari
534 2720 674 2758 oportet.

318 2779 370 2809 81.
395 2777 457 2815 Qui
488 2776 641 2809 fratribus
670 2777 821 2818 neglectis
839 2778 920 2810 alios
946 2777 1070 2811 amicos
1098 2780 1270 2821 quaerunt,
1293 2780 1332 2812 iis

276 2835 398 2868 similes
412 2837 486 2868 sunt
501 2835 556 2876 qui
570 2835 681 2868 relicto
699 2845 758 2868 suo
774 2845 849 2876 agro
866 2836 1008 2870 alienum
1026 2837 1150 2871 colunt.

318 2899 370 2927 82.
394 2897 494 2927 Amor
509 2893 754 2935 intempestivus
771 2894 880 2927 odium
895 2897 1016 2936 aequat.

317 2954 370 2985 83.
390 2952 537 2984 Divitum
555 2954 587 2983 et
604 2952 809 2993 profusorum
830 2953 998 2986 hominum
1016 2954 1100 2987 bona
1124 2955 1193 2988 ficis
1209 2955 1331 2989 arbori-

276 3012 337 3044 bus
351 3012 383 3044 in
400 3011 472 3044 loco
489 3010 645 3052 praecipiti
662 3013 693 3044 et
707 3011 844 3052 abrupto
862 3013 973 3053 positis
988 3015 1193 3055 comparabat
1207 3015 1332 3057 (Socra-

277 3072 353 3111 tes),
372 3070 458 3104 unde
485 3070 633 3115 homines
653 3070 732 3111 nillil
761 3071 942 3112 accipiant,
959 3072 1015 3105 sed
1043 3073 1131 3106 corvi
1156 3075 1189 3107 et
1217 3075 1332 3117 milvi,

275 3129 553 3171 quemadmodum
570 3129 611 3162 ab
628 3129 692 3161 illis
704 3131 809 3162 scorta
829 3132 862 3162 et
882 3130 1079 3164 adulatores.

318 3190 369 3222 84.
392 3188 582 3222 Jucundum
599 3190 668 3229 est,
686 3190 723 3221 ut
736 3197 811 3221 cum
833 3189 938 3222 amico
964 3189 1070 3232 bono,
1085 3192 1131 3224 sic
1147 3201 1224 3225 cum
1249 3192 1331 3226 bona

276 3247 399 3281 ratione
418 3256 599 3280 senescere.

317 3311 368 3340 85.
394 3308 543 3340 Socrates
560 3306 693 3340 divitem
705 3307 868 3349 quendam
899 3307 1066 3342 indoctum
1095 3311 1298 3352 conspicatus
1319 3325 1328 3345 ι

277 3367 374 3405 Ecce,
390 3365 515 3407 inquit,
535 3366 632 3398 etiam
651 3374 783 3399 aureum
804 3367 1016 3407 mancipium.

316 3427 368 3456 86.
390 3427 498 3463 Quum
511 3425 620 3457 anima
635 3424 784 3457 vivamus
796 3449 806 3466 ‚
821 3426 891 3467 ejus
905 3435 966 3458 nos
984 3427 1103 3459 virtute
1116 3430 1204 3461 recte
1221 3429 1330 3462 vivere

274 3483 446 3516 dicendum
465 3485 534 3525 est,
554 3484 638 3518 sicut
657 3484 760 3518 oculis
778 3487 944 3518 cernentes
962 3494 1075 3518 eorum
1101 3486 1223 3521 virtute
1250 3487 1331 3521 bene

276 3543 383 3576 videre
398 3543 547 3578 dicimur,

941 294 1409 335 PYTHAGOREORUM
1439 295 1505 335 ET
1536 296 1564 335 A
1574 295 1777 335 LIORUM

1485 384 1694 432 (Antonius
1709 393 1747 422 et
1763 383 1956 424 Maximus
1972 383 2105 436 Eclog.
2123 385 2276 426 CXLIX
2295 401 2321 440 p
2342 389 2452 441 855.)

1399 456 1447 481 55.
1482 443 1677 494 Σωκράτης
1707 442 1789 481 ἰδὼν
1809 443 1975 482 πλούσιον
2003 446 2214 484 ἀπαίδευτον
2249 447 2334 498 ἔφη·
2365 447 2455 488 Ἰδοῧ

1481 501 1540 539 καὶ
1567 500 1607 539 τὸ
1623 505 1775 554 χρυσοῦν
1794 502 2029 554 ἀνδράποδον.

1538 560 1750 610 (Antonius
1766 570 1804 599 et
1823 561 2016 601 Maximus
2037 562 2168 614 Eclog.
2191 563 2319 615 CCX.)

1399 631 1447 657 86.
1481 619 1596 671 Ψυχῇ
1630 621 1762 663 ζῶντας
1794 623 1889 670 ἡμᾶς
1917 624 1960 672 τῇ
1983 622 2112 669 ταύτης
2143 623 2250 675 ἀρετῇ
2273 621 2395 676 ῥητέον
2418 617 2456 663 εὖ

1479 678 1555 728 ζῇν,
1575 678 1622 720 ὡς
1634 678 1826 730 ὀφθαλμοῖς
1839 680 1994 731 δρῶντας
2008 683 2051 732 τῇ
2067 678 2199 719 τούτων
2216 684 2324 734 ἀρετῇ
2340 683 2457 726 καλῶς

1480 738 1498 773 ὁ
1523 751 1578 775 αν.

1398 808 1445 834 87.
1475 751 1578 834 Οἰτε
1603 810 1735 848 χρυσου
1763 795 1946 848 νομιστέον
1980 798 2048 849 ἰόν,
2077 797 2156 839 οὔτε
2178 801 2304 853 ἀρετῆς
2335 792 2457 854 αἶσχος

1479 853 1667 894 ἅπτεσθαι.

1396 928 1445 953 ss.
1481 914 1650 966 Καθάπερ
1684 915 1732 958 εἷς
1752 914 1881 954 ἄσυλον
1914 915 2057 967 τέμενος
2093 917 2157 964 τὴν
2168 917 2317 988 udtn‘ffav
2345 920 2456 972 ὀρμη-

1477 973 1566 1022 τέον,
1598 972 1692 1017 ὅπως
1726 973 1813 1027 πρὸς
1844 975 2022 1027 μηδεμίαν
2064 976 2191 1027 ἀγεννῆ
2220 978 2334 1031 ψυχης
2355 977 2454 1031 ὕὸριν

1476 1048 1571 1083 ωμεν
1592 1033 1742 1073 ἔκδοτοι.

1531 1092 1795 1146 (Jamblichus
1810 1093 1974 1134 Adhort.
1993 1094 2040 1133 ad
2059 1094 2209 1135 Philos.
2232 1109 2266 1134 c.
2284 1095 2321 1134 II
2342 1110 2382 1149 p.
2407 1104 2452 1144 14

1476 1151 1538 1189 ed.
1564 1152 1705 1191 Kiessl.
1729 1153 1778 1193 cf,
1798 1152 1976 1192 Stobaeus
1995 1153 2097 1193 Flor.
2120 1153 2156 1202 1,
2175 1154 2332 1207 58-59.)

1395 1224 1442 1250 89.
1475 1209 1597 1264 Ἀρετῇ
1619 1210 1682 1261 μὲν
1712 1212 1903 1265 θαρσητέον
1930 1215 1977 1256 ὡς
1995 1212 2148 1266 σώφρονι
2169 1217 2334 1267 γαμετῇ,
2359 1213 2452 1268 τύχῃ

1477 1269 1570 1314 δ’ὡς
1590 1270 1733 1323 ἀστάτῳ
1750 1271 1953 1312 πιστευτέον
1976 1272 2116 1334 ἑταίρα.

1394 1342 1444 1369 90.
1480 1330 1665 1381 Κρειττον
1659 1329 1749 1368 μετὰ
1759 1330 1880 1375 πενίας
1894 1331 2019 1384 ἀρετὴν
2034 1331 2255 1380 ὑποληπτέον
2269 1331 2453 1380 ἢπλοῦτον

1477 1388 1566 1440 μετὰ
1587 1390 1733 1441 κακίας,
1751 1389 1964 1442 ὀλιγοσιτίαν
1985 1391 2110 1442 μετὰ“
2096 1391 2226 1443 υγιείας
2245 1389 2268 1438 ἢ
2285 1392 2453 1446 πολυφα-

1474 1448 1555 1498 γίαν
1581 1448 1670 1499 μετὰ
1690 1448 1805 1489 νόσου.

1393 1523 1442 1548 91.
1476 1507 1642 1560 Βλαὸερὰ
1665 1509 1820 1557 μάλιστα
1844 1511 1974 1563 τροφῆς
1991 1508 2054 1559 μὲν
2070 1509 2216 1564 ἀφθονία
2229 1512 2279 1562 τῷ
2293 1510 2449 1561 σώματι,

1475 1566 1630 1613 κτήσεως
1651 1565 1688 1604 δὲ
1705 1569 1755 1617 τῷ
1774 1566 1835 1613 τὴν
1855 1567 1972 1620 ψυχὴν
1990 1569 2200 1622 διακειμένῳ
2215 1570 2344 1614 κακῶς.

1529 1625 1784 1677 (Jamblichus
1806 1625 1969 1666 Adhort.
1993 1627 2041 1666 ad
2062 1627 2211 1666 Philos.
2230 1641 2265 1666 c.
2283 1627 2320 1668 II
2341 1641 2380 1680 p.
2404 1634 2448 1674 14

1475 1685 1534 1723 ed.
1554 1685 1779 1737 Kiessling.)

1394 1757 1444 1785 92.
1480 1743 1552 1783 Καὶ
1581 1743 1771 1797 ἐπισφαλὲς
1790 1743 1850 1783 καὶ
1869 1743 1988 1795 ὅμοιον
2018 1745 2221 1799 μαινομένῳ
2240 1747 2358 1785 mm
2382 1747 2451 1798 μά-

1475 1818 1621 1855 χαιραν,
1640 1803 1700 1842 καὶ
1727 1806 1895 1857 μοχθηρῷ
1916 1804 2075 1855 δύναμιν.

1394 1876 1443 1902 93.
1480 1863 1648 1915 Καθάπερ
1666 1865 1715 1915 τῷ
1734 1864 1858 1916 ἕμπύῳ
1883 1862 2016 1916 βέλτιον
2037 1864 2078 1902 τὸ
2105 1863 2266 1904 καίεσθαι
2285 1868 2345 1904 τοῦ
2373 1866 2451 1905 διω-

1475 1920 1556 1972 μένε
1542 1937 1603 1970 ειν,
1622 1921 1683 1960 καὶ
1706 1923 1755 1975 τῷ
1779 1925 1948 1995 μοχθηρῷ
1972 1923 2012 1962 τὸ
2032 1923 2193 1961 τεθνάναι
2213 1927 2273 1962 τοῦ
2293 1926 2369 1977 ζῇν.

1394 1993 1442 2020 94.
1474 1983 1556 2020 Των
1580 1981 1673 2020 κατὰ
1706 1983 1831 2034 σοφίαν
1858 1982 2096 2034 θεωρημάτων
2131 1982 2371 2022 ἀπολαυστέον
2392 1983 2451 2036 ἐφ’

1473 2039 1551 2079 ὅσον
1583 2035 1652 2079 οἷόν
1676 2057 1714 2079 τε
1730 2041 1925 2095 ,καθάπερ
1953 2042 2150 2116 ἀμὸροσίας
2179 2043 2240 2082 καὶ
2267 2042 2449 2097 νέκταρος·

1473 2100 1650 2155 ἀκήρατόν
1667 2116 1704 2140 τε
1723 2117 1792 2154 γαρ
1811 2101 1850 2140 τὸ
1871 2101 1932 2141 ἀπ’
1953 2103 2067 2141 αὐτων
2085 2101 2150 2150 ἠδυ
2167 2101 2228 2141 καὶ
2244 2102 2284 2141 τὸ
2300 2106 2389 2141 θεῖον
2407 2101 2448 2141 τὸ

1430 2199 1438 2209 .
1475 2161 1721 2214 μεγαλόψυχον
1743 2159 1888 2199 δυναταί
1911 2176 1949 2200 τε
1968 2168 2094 2209 ποιεῖν,
2114 2161 2175 2199 καὶ
2188 2162 2219 2199 εἰ
2236 2161 2284 2209 μὴ
2302 2160 2446 2208 ἀϊδίους,

1478 2219 1598 2258 ἀϊδίων
1619 2236 1658 2272 γε
1679 2219 1931 2271 ἐπιστήμονας.

1439 2369 1490 2398 87.
1515 2367 1626 2406 Neque
1643 2374 1723 2398 auro
1741 2366 1994 2399 existimandum
2016 2371 2066 2399 est
2082 2367 2302 2400 adhaerescere
2331 2367 2450 2410 rubigi-

1395 2433 1490 2464 nem,
1511 2434 1616 2466 neque
1633 2425 1743 2458 virtuti
1760 2425 2007 2467 turpitudinem.

1436 2486 1488 2516 88.
1512 2484 1603 2516 Sicut
1633 2484 1667 2516 iu
1697 2486 1807 2517 tutum
1838 2485 2009 2517 delubrum
2041 2485 2081 2517 ad
2115 2485 2266 2518 virtutem
2295 2489 2343 2518 est
2370 2495 2449 2518 con-

1393 2544 1609 2585 tendendum,
1631 2553 1672 2578 ne
1701 2545 1756 2577 ulli
1787 2545 1917 2586 ignobili
1951 2545 2051 2578 animi
2080 2546 2257 2578 insolenti-‘e
2283 2545 2382 2578 dediti
2408 2547 2450 2579 si·

1393 2612 1477 2636 mus.

1434 2665 1485 2694 89.
1509 2662 1630 2695 Virtuti
1646 2662 1871 2695 confidendum
1893 2665 1960 2703 est.
1983 2667 2019 2696 ut
2034 2667 2133 2696 castae
2149 2663 2295 2705 conjugi,
2310 2664 2449 2697 fortunae

1392 2720 1608 2761 credendum,
1630 2723 1666 2754 ut
1688 2722 1834 2754 mutabili
1855 2722 2026 2755 meretrici.

1433 2783 1485 2812 90.
1511 2781 1721 2813 praestantior
1751 2790 1826 2813 cum
1863 2783 2050 2822 paupertate
2081 2781 2187 2814 virtus
2221 2782 2270 2814 est
2301 2780 2446 2814 habenda

1391 2847 1488 2879 quam
1506 2839 1629 2872 divitiae
1642 2848 1717 2872 cum
1735 2839 1957 2881 improbitate,
1974 2841 2184 2882 temperantia
2209 2840 2242 2872 in
2259 2839 2347 2872 victu
2373 2847 2445 2871 cum

1391 2897 1475 2929 bona
1489 2898 1674 2933 valetudine
1688 2908 1784 2940 quam
1802 2899 1946 2931 edacitas
1961 2908 2036 2931 cum
2057 2896 2183 2932 morbo.

1433 2960 1486 2990 91.
1511 2959 1674 2990 Damnosa
1702 2958 1849 3000 inprimis
1866 2959 1990 3000 corpori
2009 2959 2138 3000 quidem
2158 2958 2301 2990 ciborum
2313 2981 2322 2998 ,
2339 2955 2447 2989 animo

1392 3025 1468 3050 vero
1481 3026 1546 3049 non
1563 3019 1648 3052 recte
1665 3019 1841 3050 constituto
1859 3017 2048 3050 divitiarum
2062 3018 2153 3058 copia
2169 3018 2229 3050 est.

1434 3081 1486 3109 92.
1512 3079 1617 3118 'AEque
1648 3077 1866 3119 periculosum
1897 3081 1945 3110 est
1973 3076 2148 3109 furibundo
2177 3075 2321 3117 gladium
2348 3075 2445 3115 dare,

1391 3137 1488 3178 atque
1508 3136 1656 3178 improbo
1672 3137 1858 3178 potentiam.

1432 3198 1485 3228 93.
1508 3195 1789 3236 Quemadmodum
1819 3195 1944 3227 vomica
1975 3195 2133 3227 laboranti
2166 3195 2267 3236 magis
2295 3193 2446 3227 conducit

1390 3254 1485 3287 ulcus
1514 3255 1564 3287 uri
1576 3279 1586 3295 ‚
1605 3263 1704 3297 quam
1733 3264 1793 3297 pus
1821 3254 1956 3296 relinqui
1974 3267 1981 3287 :
2000 3254 2044 3286 sic
2071 3254 2219 3296 improbo
2238 3262 2326 3286 mors
2345 3261 2444 3295 qnam

1392 3314 1459 3346 vila
1476 3313 1586 3346 utilior
1603 3315 1667 3347 est.

1431 3374 1486 3405 94.
1511 3373 1682 3413 Sapientiae
1699 3373 1867 3414 praeceptis
1893 3373 2066 3405 fruendum
2086 3374 2152 3413 est,
2170 3373 2328 3414 quantum
2349 3372 2443 3412 licet,

1391 3433 1427 3462 ut
1441 3430 1604 3463 ambrosia
1619 3433 1652 3464 et
1666 3434 1805 3464 nectare.
1822 3434 1903 3465 Nam
1918 3434 1950 3464 et
1964 3432 2088 3464 sincera
2102 3434 2151 3464 est
2167 3440 2280 3464 eorum
2293 3431 2443 3474 dulcedo,

1389 3491 1421 3522 et
1452 3490 1594 3523 divinam
1623 3492 1772 3523 naturam
1799 3491 1942 3524 animum
1971 3501 2122 3533 maguum
2142 3491 2270 3524 efficere
2287 3493 2442 3532 possunt,

1390 3553 1505 3591 atque,
1526 3551 1554 3583 si
1573 3559 1638 3583 non
1658 3553 1812 3592 aeternos,
1834 3553 1866 3585 at
1885 3561 1995 3584 rerum
2017 3554 2211 3584 aeternarum
2228 3551 2359 3592 peritos.

2588 3385 2603 3423 sn
2579 2911 2605 3354 ....*=·&;03.'1.-26.-.ffl4mfissaessift
2589 2823 2604 2901 φλεψὶ-ε
2592 2793 2603 2811 1.-.
2596 2756 2603 2786 n:

2588 2428 2612 2552 j·,-'-·⁶⁶⁰·⁵·‘
2589 2403 2605 2420 ’.α
2590 2177 2606 2397 mma-nexa&
2593 2090 2606 2170 και-..κ
2593 1846 2609 2085 Μὶὼω
2596 1831 2598 1835 ⁴

2601 2726 2604 2738 ,x
2593 2564 2612 2711 -ax..=;;v:f1u-
