2612 3814
885 255 1167 295 mmmm]
1202 253 1483 303 nEQOAE.

113 368 153 394 45
173 351 283 428 πρῶτ’
304 353 351 405 ἀφ
357 350 463 389 ’ὁδοῦ
482 351 613 394 ταύτης
635 352 687 392 δ,
668 353 716 373 ”
693 361 785 393 ,σιος
805 349 899 398 εἰργε
917 344 1055 396 νόημα·

176 411 286 464 αὐτὰρ
307 409 415 449 ἔπειτ’
432 407 503 447 ἀπὸ
518 410 581 454 τῆς
596 405 640 453 ἣν
662 405 704 454 δὴ
726 405 843 481 βροτρι
859 404 985 449 ειδότες
1001 403 1099 443 οὐδὲν

174 472 365 517 πλάζονται
383 467 557 520 δίκρανοι·
577 466 762 519 ἀμηχανίη
781 463 848 517 γὰρ
869 466 904 502 ἐν
925 466 1038 503 αὐτων

127 527 130 531 ’
172 531 333 579 στήθεσιν
354 527 459 568 ἰθύνει
479 524 659 577 πλαγκτον
679 523 767 564 νόον·
790 525 822 562 οἱ
843 523 878 562 δὲ
898 527 1084 578 φορεῦνται

177 590 288 645 κωφοὶ
309 590 403 640 ὁμῶς
422 585 545 637 τυφλοί
564 601 623 632 τε,
644 584 854 634 τεθηπότες,
877 584 1002 636 ἄκριτα
1023 583 1138 644 φῦλα,

115 665 155 692 50
175 645 224 695 οἶς
244 649 284 688 τὸ
299 649 418 688 πέλειν
438 662 477 686 τε
496 645 557 684 καὶ
578 647 641 685 οὐκ
661 638 750 684 εἶναι
768 643 896 683 ταύτὸν
916 642 1119 694 νενόμισται

179 712 211 750 κ’
225 711 263 749 οὗ
280 707 419 748 ταύτόν·
434 706 575 745 πάντων
592 703 628 744 δὲ
641 703 906 758 παλίντροπός’
891 718 964 743 εστι
978 702 1152 746 κέλευθος.

368 802 387 820 «ᾗ
621 799 637 815 oe
873 798 889 815 t

181 870 235 910 Οὔ
250 869 317 922 γὰρ
335 867 473 919 μήποτε
493 869 596 905 τοῦτο
616 866 701 919 δαῇς
721 859 808 903 εἶναι
824 862 904 915 μὴ
890 862 1012 911 εόντα,

179 925 271 964 ἀλλὰ
288 924 330 963 σὺ
348 925 446 970 τῆσδ’
465 925 521 976 ἀφ’
535 924 613 961 ὁδοῦ
630 921 782 968 διζήσιος
799 924 891 994 εἶργε
908 919 1042 969 νόημα,

179 984 270 1036 μηδέ
288 985 320 1023 ‹5’
340 983 414 1029 ἔθος
430 982 642 1036 πολύπειρον
659 980 736 1020 ὁδὸν
755 978 846 1019 κατὰ
863 978 966 1026 τήνδε
985 977 1125 1031 βιάσθω

102 1171 358 1214 proposuerat
391 1165 431 1199 in
462 1163 790 1200 Commentatione
829 1161 877 1197 de
916 1160 1161 1209 Empedoclis

101 1223 292 1272 prooemio
312 1235 402 1272 pag.
429 1235 494 1269 27.

157 1284 204 1321 V.
234 1281 299 1324 45.
322 1281 434 1332 πρῶτ’
453 1279 515 1334 ἀφ’
543 1281 623 1318 ὁδοῦ
649 1278 794 1330 ταύτης)
823 1272 883 1317 I'ta
901 1293 1053 1317 versum
1074 1294 1163 1317 cor—

103 1342 202 1379 rexit
225 1341 408 1391 Bergkius
431 1342 457 1380 l.
487 1342 513 1379 Ι.
542 1339 761 1390 Simplicius
791 1341 884 1390 legit
903 1354 912 1377 ι
934 1337 1076 1392 πρώτης
1092 1339 1162 1392 γὰρ

106 1399 166 1454 ἀφ’
181 1399 260 1438 ὁδοῦ
283 1397 425 1446 ταύτης.
447 1400 686 1438 claudicanti
706 1407 830 1436 metro
845 1413 1068 1437 succurrere
1085 1408 1162 1436 stu-

104 1460 274 1497 duerunt
308 1460 580 1497 Fiillebornius
609 1467 647 1497 et
680 1459 901 1496 Brandisius
926 1459 1049 1507 ejecto
1079 1457 1163 1495 ταύ-

104 1534 192 1568 της,
224 1519 292 1556 sed
315 1532 536 1569 pronomen
566 1519 694 1556 abesse
714 1520 863 1567 nequit.
887 1518 1040 1556 Idcirco
1064 1521 1167 1556 Kar-

101 1581 244 1616 stenius
257 1580 407 1629 scripsit
424 1579 562 1631 πρῶτον
578 1579 678 1626 τῆσδ’
701 1578 759 1631 ἀφ’
782 1578 861 1616 ὁδοῦ
874 1607 884 1626 ,
902 1586 940 1616 at
957 1579 1167 1629 Bergkiana

103 1639 324 1676 emendatIo
338 1646 507 1687 praestat.

158 1700 205 1736 V.
226 1698 291 1741 46.
312 1697 557 1734 Parmenides
577 1710 652 1733 non
665 1709 744 1733 esse
762 1697 975 1746 reprobans
991 1697 1103 1733 simul
1125 1699 1168 1734 iis

103 1757 330 1794 adversatur
352 1757 418 1806 qui
440 1769 518 1792 esse
538 1764 576 1793 et
594 1769 668 1793 non
682 1767 760 1795 esse
778 1756 1030 1794 contendunt.

162 1817 204 1854 V.
227 1812 570 1866 47-48.’δί5ιρανος,
594 1815 728 1863 biceps,
750 1822 899 1863 apoeta
915 1815 1075 1863 ponitur
1092 1827 1167 1863 pro

104 1888 153 1912 eo
168 1876 235 1924 qui
247 1876 346 1911 inter
362 1874 458 1911 duas
467 1886 604 1923 easque
618 1874 814 1923 oppositas
826 1874 1030 1910 sententias
1039 1874 1167 1910 haeret.

0 1932 1 1936 ¹
46 1974 49 1977 ,
109 1935 274 1973 Dubium
292 1936 381 1972 licet
400 1935 657 1983 interpretari.
676 1956 729 1964 --
750 1936 936 1986 φορεῦνται
957 1934 1062 1970 edidi
1082 1947 1168 1971 cum

107 1996 314 2032 Karstenio
333 2007 407 2044 pro
428 1997 624 2047 φοροῦνται.

160 2058 207 2094 V.
228 2059 294 2105 49.
323 2052 435 2106 κωφοὶ
459 2054 553 2101 ὁμῶς
571 2052 695 2106 τυφλοί
712 2068 750 2091 τε
770 2053 953 2090 dicuntur
973 2065 995 2090 a
1014 2054 1169 2090 Parme-

106 2115 197 2152 nide
217 2115 284 2164 qui
303 2127 384 2150 non
400 2114 588 2150 rationem
607 2114 761 2160 ducem,
776 2112 844 2150 sed
861 2125 1041 2149 sensuum
1063 2126 1168 2149 com·

106 2181 234 2212 menta
265 2180 490 2223 sequuntur.
525 2171 582 2209 Cf.
610 2186 648 2211 v.
675 2171 742 2211 55.
765 2193 817 2201 —-
835 2170 987 2223 ἄκριτος,
1014 2176 1171 2210 rationis

107 2246 259 2284 expers,
285 2237 347 2282 qui
374 2233 522 2280 J'udicio
546 2244 620 2268 non
647 2233 767 2271 valet.
798 2231 854 2268 Cf.
878 2232 1091 2270 Gatakerus
1120 2233 1169 2270 ad

109 2287 294 2331 Aiitonin.
313 2293 383 2331 lib.
405 2291 444 2330 H
465 2291 487 2342 ἓ
513 2304 574 2338 17.

161 2355 208 2392 V.
233 2351 295 2390 50.
317 2350 459 2400 Tangit
480 2364 615 2388 eorum
640 2351 840 2388 decretum
861 2352 1019 2401 quiesse
1041 2360 1079 2389 et
1097 2366 1171 2390 non

108 2423 188 2448 esse
214 2418 420 2448 statuentes
451 2416 667 2459 utrumque'
691 2410 885 2447 diversum
907 2412 1023 2449 simul
1055 2406 1170 2461 atque

108 2470 212 2507 idem
229 2470 434 2509 faciebant.
450 2471 528 2507 Ubi
544 2471 645 2506 enim
662 2483 727 2507 ens
738 2472 921 2507 non—enti
937 2473 1168 2520 opponitur,

113 2530 264 2566 diversa
281 2537 511 2575 statuuntur,
527 2529 596 2565 ubi
619 2530 733 2566 ambo
754 2543 833 2566 esse
850 2531 1048 2576 dicuntur,
1071 2532 1170 2568 idem

111 2588 194 2626 fieri
211 2590 251 2624 in
266 2596 452 2638 promptu
465 2596 534 2627 est.
558 2589 684 2637 Atque
701 2589 778 2625 hoc.
799 2589 955 2638 quidem
976 2590 1171 2627 decretum

111 2661 247 2686 eorum
279 2654 349 2693 est,
381 2648 521 2708 quibus
539 2660 618 2685 esse
646 2648 828 2685 videntur
856 2661 917 2685 res
948 2649 1102 2686 cadueae
1128 2663 1172 2688 ac

110 2707 191 2746 cito
213 2709 412 2757 periturae,
430 2720 594 2756 quatum
610 2707 730 2744 modo
753 2716 883 2745 ortum
898 2709 1017 2745 modo
1036 2710 1173 2746 interi-

112 2774 194 2804 tum
213 2768 415 2805 cernimus.
433 2768 678 2816 Quapropter
696 2775 829 2817 postea
848 2781 888 2806 v.
908 2781 960 2817 99
981 2769 1175 2807 connectit

110 2825 289 2879 γίγνεσθαί
302 2841 339 2864 τε
355 2825 416 2864 καὶ
424 2827 605 2874 ὄλλυσῡαι,
615 2825 704 2864 εἰναί
719 2841 756 2864 τε
768 2826 829 2864 καὶ
843 2826 932 2867 οὐκί.
947 2830 992 2865 In
1004 2829 1174 2866 eamdem

109 2890 332 2925 sententiam
343 2887 451 2924 Plato
464 2887 512 2924 de
522 2889 622 2936 Rep.
632 2889 715 2936 Vp.
735 2892 824 2937 479,
837 2886 890 2925 C:
903 2885 974 2926 Και
976 2887 1174 2949 γὰρταῦτα

112 2945 419 2999 ἐπαμφοτερίζειν,
452 2945 512 2984 καὶ
552 2944 623 2983 οὔτ’
647 2949 739 2984 εἰναι
774 2944 855 2984 οὔτε
888 2945 937 2996 μὴ
964 2939 1054 2985 εἰναι
1075 2947 1152 2985 οὐδὲ
1142 2963 1173 2985 -ν

115 3007 227 3045 αὐτῶν
251 3004 397 3044 δυνατὸν
419 3004 557 3057 παγίως
576 3008 712 3053 νοῆσαι,
731 3003 804 3044 οὔτ’
825 3007 1007 3060 ἀμφότερα
1021 3006 1093 3045 οὔτ’
1115 3007 1175 3045 οὐ-

113 3063 264 3118 δέτερον.

167 3128 214 3164 V.
238 3124 304 3163 52.
321 3127 434 3162 Hunc
458 3138 610 3163 versum
628 3140 675 3164 ex
691 3128 737 3163 iis
754 3139 837 3175 quae
852 3126 955 3176 apud
976 3127 1175 3163 Platonem

115 3185 235 3235 Soph.
253 3198 296 3234 p.
319 3184 413 3232 237,
445 3187 492 3233 Α,
506 3193 698 3235 ,tanquam
716 3185 958 3223 parmenidis
978 3186 1096 3222 verba
1110 3199 1176 3222 so-

118 3245 201 3281 luto
226 3252 351 3282 metro
387 3246 581 3294 leguntur,
617 3246 784 3283 restituit
818 3244 1078 3284 Heindorfius.
1112 3247 1177 3282 Ait

117 3310 246 3340 autem
266 3303 406 3341 Plato.
423 3303 652 3355 Παρμενίδης
666 3303 701 3342 δὲ
722 3305 740 3342 ὁ
758 3319 801 3353 με
787 3301 866 3355 ζγας
885 3332 1048 3343 ......
1068 3303 1176 3356 ἀρχό·

60 3369 62 3371 “
120 3359 221 3411 μενός
233 3375 272 3398 τε
290 3375 351 3398 και
368 3359 426 3399 διὰ
443 3360 563 3407 τέλους
581 3366 686 3401 τοῦτο
707 3361 999 3415 ἅπεμαρτύρατο,
1021 3366 1109 3416 πεζῇ
1139 3379 1176 3402 τε

117 3412 187 3458 ὦδε
202 3417 370 3458 ἑκάστοτε
383 3419 494 3471 λέγων
515 3420 576 3459 καὶ
597 3421 689 3472 μετὰ
712 3420 864 3474 μέτρων·

174 3480 228 3518 Οὐ
242 3477 311 3531 γὰρ
326 3494 463 3531 μηποτε
480 3485 571 3519 τουτ
592 3482 730 3532 οὗδαμῆ
747 3482 881 3535 (φησιν)
907 3485 996 3521 εἰναι
1013 3480 1063 3533 μὴ
1080 3481 1176 3530 ὄντα,

175 3536 267 3577 ἀλλὰ
285 3536 326 3576 συ
346 3539 447 3585 τῆσδ’
471 3540 531 3593 ἀφ’
552 3541 632 3579 ὁδοῦ
654 3540 807 3588 διζήσιος
827 3535 918 3595 εἶργε
933 3541 1062 3593 νόημα.

2194 265 2268 298 119

1175 360 1182 375 =
1208 350 1353 382 Primum
1367 348 1407 382 ab
1420 349 1482 381 ista
1495 348 1660 390 quaerendi
1676 349 1726 381 via
1744 353 1885 382 mentem
1904 360 2018 391 avoca;

1209 409 1323 442 deinde
1342 417 1417 441 vero
1437 408 1477 440 ab
1495 408 1548 440 illa
1560 432 1569 447 ‚
1587 417 1651 450 qua
1670 409 1822 441 mortales
1835 410 1947 450 utique
1960 410 2060 451 ignari

1210 468 1318 501 errant
1334 467 1496 508 ambigui;
1515 466 1675 500 haesitatio
1693 467 1779 515 enim
1802 468 1833 500 in
1850 477 1964 500 eorum

1213 527 1396 568 pectoribus
1409 526 1474 558 huc
1491 526 1568 558 illuc
1583 525 1690 567 dirigit
1704 526 1911 559 fluctuantem
1927 529 2068 560 mentem
2079 539 2088 569 ;
2100 529 2144 561 illi
2167 532 2275 562 autem

1212 587 1300 619 surdi
1318 586 1480 628 caecique,
1503 587 1688 626 stupentes,
1706 585 1868 619 dementia
1885 587 1989 628 secla,

1214 646 1334 688 quibus
1349 654 1420 678 esse
1437 649 1468 678 et
1484 655 1548 678 non
1566 655 1635 686 esse
1653 646 1738 679 idem
1756 647 1889 687 putatur

1214 707 1246 739 et
1260 715 1323 738 non
1339 705 1424 738 idem
1441 718 1448 738 :
1468 705 1584 739 horum
1605 706 1752 739 omnium
1769 715 1888 748 anceps
1902 710 1933 740 et
1950 707 2136 749 retrograda
2151 709 2199 741 est
2213 709 2277 741 via.

2112 588 2291 630 [seruntur.

1452 801 1467 818 st
1742 801 1758 819 ί
2034 802 2052 819 -oe

1217 863 1288 894 Non
1303 861 1388 894 enim
1403 870 1547 902 unquam
1570 862 1630 893 hoc
1645 861 1811 902 didiceris,
1829 870 1902 895 esse
1918 870 1992 903 quae
2011 871 2074 894 non
2094 863 2188 902 sunt,

1220 922 1254 953 tu
1273 929 1350 953 vero
1366 920 1406 952 ab
1419 920 1478 952 ista
1491 920 1657 962 quaerendi
1677 921 1730 953 via
1747 922 1890 953 mentem
1907 930 2007 953 avoca
2019 945 2028 960 ,

1211 970 1302 1013 'neve
1324 981 1357 1013 te
1372 980 1572 1013 consuetudo
1586 981 1618 1013 in
1635 981 1695 1013 hac
1711 981 1898 1022 multiplicis
1914 981 2057 1014 scientiae
2073 982 2123 1013 via
2140 981 2285 1023 inducat,

1225 1160 1333 1197 Idem
1353 1161 1589 1197 Parmenidis
1606 1161 1762 1197 effatum
1792 1162 1930 1198 citatur
1950 1175 1972 1198 a
2005 1163 2163 1199 Platone
2188 1164 2286 1200 ibid.

1223 1232 1264 1267 p.
1291 1219 1384 1265 258,
1413 1221 1471 1265 D;
1496 1227 1532 1256 et
1560 1219 1767 1257 Aristotele
1783 1221 1948 1273 Metapb.
1971 1222 2080 1269 XIII,
2103 1235 2124 1258 2
2149 1236 2188 1271 p.
2213 1224 2286 1269 761

1225 1281 1268 1317 Β.
1304 1279 1356 1328 (p.
1383 1284 1458 1328 294
1505 1278 1604 1328 Bia).
1643 1281 1672 1316 E
1700 1280 1856 1317 Platone
1888 1281 2052 1330 sumpsit
2071 1282 2291 1330 Simplicius

1226 1340 1337 1388 Phys.
1369 1338 1394 1374 f.
1417 1351 1482 1388 29,
1517 1351 1558 1385 a3
1586 1339 1649 1383 31,
1679 1351 1720 1385 a;
1746 1338 1813 1385 53,
1842 1340 1882 1376 b.
1911 1340 2128 1378 Heindorfii
2160 1341 2291 1389 conje-

1227 1406 1373 1435 cturam
1391 1399 1610 1447 probarunt
1631 1397 1908 1437 Stallbaumius
1928 1407 1966 1436 et
1987 1400 2203 1446 Bekkerus,
2224 1402 2291 1449 qui

1227 1461 1340 1496 etiam
1364 1459 1404 1495 in
1429 1459 1675 1495 Aristotelem
1698 1471 1783 1495 eam
1816 1460 2017 1496 transtulit.
2054 1461 2173 1509 Atqui
2201 1451 2292 1509 prae-

1227 1530 1354 1569 gressa
1371 1519 1541 1555 Platonis
1557 1519 1677 1555 verba
1692 1519 1782 1571 πεζῇ
1800 1533 1838 1555 τε
1859 1518 1920 1556 καὶ
1950 1517 2040 1568 μετὰ
2057 1517 2194 1571 μέτρων
2212 1521 2294 1557 for·
2321 1518 2322 1521 ¹

1228 1586 1323 1616 tasse
1349 1591 1371 1615 a
1406 1577 1646 1615 versificandi
1682 1579 1840 1628 negotio
1885 1579 1948 1615 hie
1991 1579 2187 1616 deterrere
2223 1594 2293 1618 nos

1229 1639 1383 1676 debent.
1411 1638 1675 1686 Quamobrem
1705 1639 1933 1675 Karstenius
1962 1639 2037 1682 hoc
2076 1639 2225 1676 dictum
2249 1648 2293 1677 ut

1228 1698 1396 1747 pedestri
1418 1710 1596 1734 sermone
1624 1699 1881 1747 compositum
1907 1700 2113 1747 separatim
2143 1701 2288 1749 posuit.

1227 1759 1362 1806 Neque
1380 1764 1509 1794 tamen
1522 1758 1643 1793 ullum
1655 1758 1744 1793 libri
1758 1756 1883 1794 soluta
1900 1759 2075 1795 oratione
2093 1771 2114 1795 a
2134 1761 2291 1796 Parme-

1230 1817 1319 1853 nide
1346 1818 1479 1866 scripti
1507 1817 1612 1866 apud
1642 1824 1792 1854 veteres
1821 1819 2022 1867 vestigium
2056 1825 2123 1857 est.
2158 1820 2294 1868 Itaque

1230 1877 1456 1912 Karstenius
1476 1877 1665 1912 existimat
1684 1877 1883 1914 Platonem
1908 1890 2102 1915 sermones
2119 1879 2166 1915 ab
2183 1880 2294 1915 Elea-

1231 1936 1313 1971 ticae
1346 1935 1531 1971 doctrinae
1559 1936 1728 1972 antistite
1754 1936 1920 1982 habitos,
1949 1936 2089 1984 quibus
2117 1937 2294 1974 Socrates

1230 1995 1459 2043 interfuerit,
1476 1995 1678 2040 ,vocabulo
1697 1995 1785 2046 πεζῇ
1810 1994 2053 2045 significasse,
2083 1997 2296 2045 praesertim

1232 2069 1351 2104 quum
1365 2063 1547 2105 nepartes
1561 2056 1719 2104 quidem
1733 2055 1977 2099 Parmenidei
1991 2058 2167 2093 carminis
2183 2070 2297 2106 prosa

1233 2117 1410 2152 oratione
1441 2117 1674 2165 conscriptas
1694 2116 1804 2153 fuisse
1822 2117 2005 2153 credibile
2019 2118 2079 2155 sit.
2098 2115 2175 2153 Sed
2189 2117 2297 2166 quod

1232 2176 1271 2212 in
1290 2176 1532 2213 sermonibus
1552 2175 1708 2212 dicebat
1727 2176 1990 2222 Parmenides,
2013 2176 2054 2212 id
2074 2177 2188 2212 etiam
2209 2189 2296 2212 ver·

1232 2237 1336 2272 sibus
1367 2236 1414 2272 ab
1451 2248 1497 2272 eo
1528 2236 1766 2272 celebratum
1797 2249 1873 2273 esse
1906 2248 1988 2272 non
2021 2236 2292 2275 dubitaverim.

1232 2295 1324 2342 Quae
1357 2307 1477 2343 quum
1505 2295 1559 2331 ita
1577 2295 1665 2339 sint,
1687 2307 1768 2330 non
1788 2294 1905 2330 credo
1937 2293 2045 2342 quod
2065 2294 2118 2329 ait
2139 2294 2297 2330 Karste-

1232 2355 1333 2404 nius,
1353 2354 1527 2402 quamvis
1557 2361 1739 2402 sequatur
1763 2365 1895 2389 versus
1921 2350 2013 2390 ἀλλὰ
2039 2349 2080 2388 σὺ
2110 2351 2214 2395 τῆσδ’
2236 2351 2296 2406 ἀφ’

1233 2414 1328 2462 ὁδοῦ,
1351 2421 1479 2450 tamen
1496 2425 1539 2450 ea
1558 2425 1641 2461 quae
1660 2412 1879 2461 praecedant
1895 2424 1974 2447 non
1998 2424 2075 2447 esse
2104 2412 2295 2448 Parmeni-

1234 2474 1291 2510 dis
1306 2474 1442 2518 verba,
1457 2473 1524 2509 sed
1542 2472 1767 2508 sententiam
1788 2471 2077 2507 Parmenideam
2089 2472 2296 2508 Platonicis

1232 2534 1359 2570 verbis
1372 2544 1599 2582 expressam.
1618 2532 1839 2579 Utcumque
1852 2543 1891 2567 se
1904 2531 2020 2567 habet
2036 2531 2116 2567 haec
2133 2543 2205 2577 res,
2220 2531 2297 2567 dif-

1234 2590 1449 2628 ficillimum
1469 2590 1623 2626 videtur
1643 2591 1738 2626 certi
1755 2590 1904 2638 aliquid
1918 2597 2096 2635 statuere,
2115 2589 2295 2638 ideoque,

1235 2650 1326 2688 licet
1345 2651 1580 2699 dubitanter,
1590 2648 1809 2685 Heindorfii
1824 2648 2086 2696 conjecturam
2100 2650 2297 2685 intextum

1234 2713 1461 2760 recepimus.

1287 2774 1330 2810 V.
1351 2769 1477 2811 53-58
1498 2771 1582 2809 init.
1614 2767 1704 2807 ἀλλὰ
1726 2767 1768 2807 σὺ
1793 2767 2110 2815 τῆσδ’-λείπεται
2130 2769 2297 2818 allegan-

1237 2827 1298 2867 tui·
1314 2843 1337 2867 a
1359 2831 1472 2867 Sexto
1492 2830 1704 2879 Empirico,
1722 2836 1766 2865 ut
1778 2842 1891 2879 supra
1902 2829 2179 2866 adnotavimus.
2193 2827 2298 2867 Ver-

1237 2902 1322 2927 sum
1345 2889 1393 2926 53
1416 2890 1509 2927 citat
1527 2888 1640 2926 Plato
1657 2890 1778 2939 Soph.
1811 2903 1852 2939 p.
1883 2891 1977 2938 237,
2005 2890 2053 2937 Α,
2074 2896 2112 2925 et·
2134 2887 2226 2934 258,
2246 2890 2294 2927 D.

1237 2950 1453 2999 Simplicius
1481 2950 1594 2999 Phys.
1618 2949 1646 2989 f.
1675 2963 1738 2997 17,
1761 2962 1805 2996 a;
1832 2948 1918 2994 152,
1943 2950 1985 2987 b.
2014 2951 2149 2985 Versus
2179 2946 2297 2991 54-56

1238 3004 1330 3057 μηδέ
1343 3007 1375 3044 σ’
1391 3005 1666 3060 ἔθος-ἔλεγχον
1681 3009 1790 3046 affert
1803 3009 1992 3058 Diogenes
2007 3008 2134 3045 Laert.
2149 3006 2215 3052 IX,
2229 3020 2294 3045 22.

1237 3069 1359 3104 Porro
1379 3080 1511 3105 versus
1534 3068 1661 3116 57—1
1675 3081 1720 3105 12
1749 3066 1851 3117 μόνος
1870 3067 1898 3104 δ’
1923 3065 1975 3105 ἔτι
1995 3066 2296 3116 μῦθος-ἀπατη-

1238 3125 1296 3164 λὸν
1318 3125 1452 3166 ἀκούων
1485 3129 1630 3165 omissis
1647 3129 1820 3165 versibus
1849 3126 1973 3175 90·93
1995 3127 2175 3175 leguntur
2194 3126 2297 3175 apud

1238 3187 1476 3237 Simplicium
1504 3189 1615 3237 Phys.
1637 3187 1666 3226 f.
1691 3187 1758 3236 31,
1788 3199 1824 3232 a,
1846 3187 1888 3225 b.
1910 3188 2005 3223 Item
2025 3197 2156 3222 versus
2173 3184 2296 3232 57-70

1239 3244 1342 3295 μόνος
1358 3246 1387 3284 δ’
1405 3245 1457 3284 ἔτι
1473 3245 1826 3298 μῦθος-χαλάσασα
1841 3245 1988 3296 πέδῃσιν
2006 3245 2109 3294 apud
2121 3245 2296 3282 eumdem

1240 3307 1266 3342 l.
1289 3307 1316 3343 l.
1339 3306 1366 3344 f.
1396 3313 1455 3356 17,
1474 3318 1509 3352 a,
1527 3314 1564 3343 et
1590 3319 1718 3343 versus
1740 3305 1860 3355 59-61
1887 3305 2032 3341 ibidem
2050 3304 2076 3340 f.
2103 3318 2140 3351 7,
2162 3316 2197 3349 a,
2219 3306 2298 3340 De·-

1238 3366 1356 3414 nique
1386 3378 1516 3402 versus
1538 3364 1586 3402 58
1620 3373 1658 3402 et
1689 3363 1738 3414 59
1760 3371 1908 3402 exstant
1936 3363 2040 3412 apud
2066 3361 2299 3400 Clementem

1238 3426 1347 3463 Alex.
1368 3425 1509 3462 strom.
1531 3427 1561 3463 V
1589 3438 1631 3474 p.
1655 3424 1764 3470 603„
1789 3427 1837 3472 A,
1869 3436 1890 3460 a
1917 3435 1995 3471 quo
2019 3434 2084 3457 eos
2107 3428 2300 3457 mutuatus

1240 3492 1288 3522 est
1309 3485 1488 3521 Eusebius
1505 3486 1624 3533 Praep.
1647 3487 1786 3533 Evang.
1810 3484 1908 3520 XIII
1920 3496 1961 3531 p.
1976 3481 2069 3528 680,
2091 3479 2134 3518 C.

1293 3546 1337 3581 V.
1357 3542 1420 3589 54.
1436 3541 1646 3595 πολύπειρον
1663 3556 1741 3580 non
1754 3542 1878 3579 refero
1893 3540 1942 3578 ad
1955 3538 2042 3587 ἔθος,
2065 3539 2131 3576 sed
2148 3539 2195 3576 ad
2206 3536 2298 3576 ὁδόν.
