2612 3814
716 294 933 334 AUREUM
974 294 1452 337 PYTHAGOREORUM
1485 297 1717 338 CARMEN.
2262 308 2332 340 ι’.)’.ι

222 377 364 430 ἡνίοχον
383 375 527 429 γνώμην
548 375 680 423 στήσας
696 375 912 430 καθύπερθεν
935 377 1098 429 ἀρίστην·

158 452 195 478 70
215 439 256 486 ἢν
277 439 306 477 δ’
328 436 522 490 ἀπολείψεις
540 439 645 488 σῶμα
662 437 695 480 ἐς
718 435 828 490 αἰθέρ’
848 436 1025 490 ἐλεύθερον
1047 439 1172 488 ἔλθῃς,

226 499 346 539 ἔσσεαι
367 498 538 542 ἀθάνατος
548 527 558 546 ,
572 496 647 541 θεὸς
661 495 838 550 ἄμὸροτος
850 527 860 545 ,
878 497 941 535 οὐκ
956 495 1009 535 ἔτι
1026 497 1163 544 θνητός.

138 666 173 698 ut
200 664 286 697 tama
316 665 366 696 est
377 687 387 702 ,
409 661 544 695 faciebat
557 686 567 703 ,
601 664 633 695 et
666 663 792 707 pestem
818 663 994 702 ventosque
1025 659 1139 692 noxios
1161 659 1201 691 ab

137 711 200 744 iilis
215 710 403 743 civitatibus
426 709 680 750 averruncabat,
697 717 771 750 quae
793 717 868 741 eum
892 708 923 740 in
945 708 1007 740 boc
1028 707 1087 741 sibi
1110 706 1199 747 adju-

137 762 241 793 torem
264 767 336 791 esse
358 757 544 798 cupiebant.
566 756 619 789 Sic
640 756 787 790 samium
813 754 1040 796 philosophum
1064 755 1202 786 testatur

138 807 341 841 Jamblichus
357 806 390 838 in
405 805 476 847 ejus
496 805 563 837 vita
585 813 655 845 cap.
671 805 748 837 xlx
769 803 911 836 elsecisse
935 801 1144 840 lustratione,
1167 805 1201 832 ut

139 855 348 889 Lacedaemon
361 855 448 894 peste
460 853 605 886 laborare
613 851 786 891 desineret,
796 860 898 893 quum
912 852 1007 883 antea
1018 849 1203 890 frequenter

137 913 176 938 eo
189 904 275 936 malo
290 901 472 936 conflictata
483 904 578 934 es'set.
589 900 697 933 Verba
709 908 813 941 graeca
826 901 902 932 sunt
916 911 924 932 ι
936 899 989 931 καὶ
1000 897 1201 940 προσδεοών,

138 955 181 991 ὡς
198 952 308 995 λόγος,
325 950 503 992 καθαρμούς
518 959 552 981 τε
573 948 709 981 ἐπετέλει
734 949 787 980 καὶ
813 946 941 990 λοιμοὺς
964 946 1121 979 ἀπεδίωκε
1149 947 1202 978 καὶ

138 1001 269 1042 ἀνέμους
286 1000 350 1032 ἀπὸ
363 1002 425 1030 τῶν
439 999 482 1034 εἰς
497 1000 589 1030 τοῦτο
602 996 756 1034 ἀξιουσῶν
773 994 895 1028 πόλεων
907 994 1020 1036 βοηθὸν
1039 994 1132 1026 αὐτὸν
1149 1004 1198 1034 γε·

138 1050 256 1082 νέσθαι.
274 1046 498 1087 Λακεδαίμονα
510 1048 586 1087 γοῦν
605 1043 836 1086 παρειλήφαμεν
857 1042 935 1085 μετὰ
948 1042 1000 1074 τὸν
1016 1040 1070 1074 ὑπ’
1084 1041 1203 1073 ἐκείνου

137 1095 304 1138 γενόμενον
314 1093 474 1135 καθαρμὸν
487 1091 597 1134 μηκέτι
611 1091 771 1132 λοιμῶξαι,
781 1089 930 1127 πολλάκις
944 1088 1091 1131 πρότερον
1101 1088 1203 1130 τούτῳ

138 1148 184 1186 τῷ
199 1143 360 1184 παθήματι
374 1142 617 1183 περιπεσοῦσαν.
627 1140 676 1171 lta
690 1140 720 1170 et
735 1138 767 1170 in
781 1137 915 1178 singulis
927 1137 1062 1170 urbibus
1075 1137 1203 1178 pubrca

139 1193 209 1226 loca
224 1190 422 1229 lustrabant,
439 1187 607 1220 comitium
619 1211 628 1227 ,
642 1186 825 1226 theatrum,
841 1185 979 1226 curiam.
991 1186 1032 1217 At
1048 1194 1125 1217 vero
1138 1193 1202 1217 non

139 1239 236 1272 modo
252 1237 412 1280 publicos,
423 1235 477 1268 sed
490 1234 633 1276 privatos
647 1234 745 1267 etiam
756 1232 933 1276 καθαρμοὺς
948 1233 1046 1265 tuisse
1062 1236 1200 1273 constat,

138 1287 258 1330 quibus
283 1284 397 1326 singuli
429 1282 576 1316 homines
601 1282 828 1324 purgarentur.
850 1283 897 1314 De
923 1281 973 1313 his
1003 1280 1202 1322 privatorum

138 1336 310 1376 καθαρμοῖς
335 1334 411 1365 sunt
434 1331 490 1373 qui
509 1330 689 1371 intelligant
711 1329 810 1363 verba
828 1329 860 1363 ἐν
874 1340 908 1362 τε
921 1330 1092 1370 καθαρμοῖς
1115 1329 1147 1361 ἐν
1169 1340 1203 1361 τε

138 1382 225 1414 λύσει
242 1382 363 1424 ψυχῆς,
381 1379 425 1411 ita
453 1379 490 1411 ut
517 1377 703 1419 praecedant
728 1376 903 1420 καθαρμοί,
933 1378 1088 1418 sequatur
1115 1377 1202 1413 λύσις

137 1431 241 1471 ψυχῆς
258 1429 354 1469 atque
368 1427 409 1459 ab
425 1426 487 1459 iilis
504 1425 658 1459 mortales
681 1428 837 1467 tanquam
855 1433 874 1457 a
896 1424 1039 1457 tontibus
1063 1424 1102 1456 ad
1122 1425 1204 1456 hanc

139 1477 310 1519 profluant.
331 1475 448 1508 Verius
462 1474 641 1517 καθαρμούς
663 1473 799 1515 accipias
817 1472 858 1505 de
875 1472 1010 1514 publicis
1037 1472 1202 1505 lustratio-

138 1525 250 1565 nibus,
264 1524 352 1557 λύσιν
366 1524 470 1565 ψυχῆς
484 1522 525 1555 de
540 1521 639 1554 animi
660 1522 849 1563 purgatione
867 1520 907 1553 ad
925 1529 1024 1561 quam
1050 1522 1139 1553 certo
1155 1520 1202 1552 ci-

138 1573 255 1607 borum
269 1580 384 1612 genere
402 1569 639 1603 abstinentibus
658 1568 782 1601 aditum
807 1567 1019 1609 patefaciebat
1041 1566 1204 1608 Pythago-

140 1629 212 1661 ras,
233 1627 433 1662 quamquam
453 1616 681 1651 abstinentiam
698 1615 786 1648 illam
801 1614 960 1648 latissime
973 1613 1113 1656 patuisse
1135 1613 1202 1655 jam

138 1676 235 1710 supra
249 1667 401 1699 diximus.
417 1665 480 1699 Sed
494 1664 580 1697 aliud
601 1665 649 1697 est
669 1662 860 1704 simpliciter
873 1662 1024 1694 carminis
1038 1661 1136 1694 verba
1154 1662 1201 1693 in-

140 1715 318 1758 terpretari,
330 1713 414 1746 atiud
428 1714 480 1746 τὸν
489 1713 521 1745 ἐν
535 1711 721 1754 ἁποῤῥήτοις
732 1710 891 1753 εἰρημένον
905 1713 967 1742 τῶν
980 1709 1202 1751 Πυθαγορείων

138 1765 230 1805 λόγον
244 1762 394 1796 scrutari.
414 1762 529 1802 Itaque
545 1761 671 1792 tantum
685 1758 798 1799 abest,
811 1759 847 1790 ut
870 1757 1025 1799 obloquar
1039 1757 1178 1790 Hierocli
1189 1781 1199 1798 ,

141 1813 178 1844 ut
203 1819 262 1843 suo
283 1810 317 1842 iu
339 1817 455 1849 genere
480 1807 659 1849 perfectum
678 1806 842 1839 hominem
865 1805 1006 1838 admirer
1020 1804 1074 1846 qui
1088 1806 1200 1847 καθαρ-

140 1860 192 1901 μοὶ
206 1858 251 1899 δέ,
267 1857 390 1898 inquit,
405 1857 532 1896 λογικῆς
545 1855 649 1897 ψυχῆς
663 1855 742 1887 εἰσιν
755 1854 789 1885 αἱ
805 1851 1017 1894 μαθηματικαὶ
1032 1851 1202 1893 ἐπιστῆμαι

139 1907 192 1940 καὶ
208 1904 374 1946 ἀναγωγὸς
389 1904 476 1941 λύσις
492 1905 512 1942 ἡ
527 1902 706 1942 διαλεκτικὴ
723 1904 784 1934 τῶν
798 1900 896 1933 ὄντων
911 1899 1074 1932 ἐποπτεία.

180 1955 223 1986 V.
247 1954 386 1987 70—71.
410 1952 448 1990 ἢν
467 1950 495 1983 δ’
515 1950 688 1992 ἀπολείψας
707 1966 749 1975 —-
771 1946 892 1990 θνητός]
917 1947 1107 1980 tribuuntur
1128 1948 1203 1978 Em-

141 2000 264 2042 pedocli
278 1998 494 2032 aJamblicho
516 1998 547 2030 in
570 1997 724 2038 Theolog.
741 1995 881 2029 Arithm.
900 1995 950 2028 Cf.
972 1994 1139 2028 Fabricius
1161 1994 1202 2027 ad

139 2051 229 2083 Sext.
247 2047 383 2088 Empir.·
397 2046 471 2078 adv.
492 2045 648 2078 Mathem.
672 2046 700 2086 Ι,
717 2047 791 2085 302,
809 2053 841 2086 p.
861 2046 933 2076 283.

181 2098 222 2128 V.
247 2099 300 2129 70.
325 2093 508 2136 ἀπαλείψας]
537 2092 658 2134 Optimi
686 2092 808 2133 quique
841 2091 1015 2132 scriptores
1038 2089 1201 2123 ἀπολιπὼν

139 2143 246 2176 ‹lIcere
258 2142 382 2180 solent;
397 2142 509 2173 contra
526 2140 664 2182 primum
684 2139 840 2171 aoristum
865 2141 1080 2171 memoratum
1099 2147 1116 2169 a
1131 2139 1200 2169 Ma·

139 2191 248 2225 crobio
261 2190 301 2222 de
316 2189 384 2222 dist.
402 2199 433 2231 p.
449 2191 507 2221 36¹1
532 2188 727 2230 posteriores
742 2187 847 2220 Graeci
864 2186 978 2219 crebro
994 2186 1200 2226 usurparunt.

140 2240 213 2273 vid.
229 2238 365 2273 Lobeck.
387 2237 427 2270 ad
446 2238 567 2278 Phryn.
581 2246 613 2279 p.
629 2239 703 2270 713.
725 2236 779 2269 Sic
792 2234 1109 2276 Pseudophocylides
1134 2236 1174 2266 72
1193 2246 1199 2264 :

141 2288 185 2330 μή
205 2289 302 2330 μιμοῦ
314 2285 476 2325 κακότητα
486 2310 495 2326 ,
510 2285 590 2326 Δίκῃ
604 2285 631 2317 δ’
647 2284 817 2327 ἀπόλειψον
834 2283 965 2325 ἄμυναν.
981 2283 1032 2316 Cs.
1046 2281 1198 2315 Schaei'er.

142 2336 173 2367 in
197 2338 280 2376 App.
301 2334 340 2366 ad
358 2333 520 2374 Aristoph.
538 2333 623 2366 Plut.
642 2341 675 2373 p.
689 2333 748 2365 510
762 2333 794 2365 et
808 2335 879 2364 555.
894 2331 954 2364 Hic
970 2333 1078 2363 autem
1093 2330 1201 2363 nescio

142 2390 184 2414 an
204 2382 277 2422 iure
302 2381 466 2423 negaverit
489 2390 541 2422 ap.
564 2378 664 2413 Orell.
681 2382 800 2421 opusc.
819 2380 845 2411 I.
872 2381 933 2411 475
951 2378 1091 2420 primum
1115 2378 1200 2409 aori-

1264 385 1406 424 ratione,
1427 385 1551 426 optima
1570 386 1730 426 rectrice,
1747 388 1908 427 superiori
1923 390 1955 421 in
1979 390 2050 422 loeo
2062 392 2255 425 constituta.

1263 438 1387 476 Quodsi
1409 438 1522 471 relicto
1543 447 1679 480 corpore
1702 439 1741 471 ad
1769 440 1908 472 liberum
1932 442 2058 474 aethera
2081 445 2327 485 commtmuis,

1263 491 1324 524 en’s
1351 491 1545 523 immortalis
1564 493 1672 532 Deus,
1699 491 1923 534 incorruptus,
1945 502 2051 535 neque
2072 496 2212 537 amplius
2232 498 2328 531 morti

2129 547 2326 590 [obnoxius.

1268 658 1355 690 stum
1370 655 1514 697 antiquis
1526 655 1726 696 temporibus
1741 654 1895 688 usitatum
1908 656 2018 696 fuisse,
2028 666 2129 696 quum
2146 667 2248 698 pauca
2262 661 2331 700 ejus

1264 714 1366 747 eaque
1385 713 1533 746 magnam
1549 705 1672 745 partem
1687 703 1809 736 incerta
1829 704 1961 744 vestigia
1976 704 2007 736 in
2030 705 2119 738 libris
2137 707 2253 739 nostris
2281 718 2330 741 re-

1265 755 1340 787 licta
1354 754 1430 786 sint.
1445 754 1524 786 Nam
1540 751 1620 785 iilud
1634 751 1744 794 λείψας
1755 751 1841 792 quod
1854 752 2062 793 Aristophani
2077 753 2109 785 in
2123 754 2329 789 Andromeda

1263 802 1377 835 tribuit
1398 800 1611 834 Antiatticista
1630 808 1681 841 ap.
1699 800 1798 833 Bekk.
1812 800 1934 833 Anecd.
1956 801 2022 833 vol.
2045 803 2060 834 Ι
2075 810 2106 842 p.
2124 805 2196 843 106,
2213 806 2249 836 24
2268 807 2327 837 Eu-

1265 851 1375 893 ripidis
1390 850 1485 883 tuerit
1503 859 1633 882 necesse
1648 852 1720 890 est,
1741 850 1766 882 si
1784 849 1914 891 quidem
1939 850 2187 891 Aristophanem
2204 855 2330 887 constat

1265 900 1361 941 hujus
1389 899 1509 932 tabutae
1531 908 1596 931 non
1619 899 1716 932 fuisse
1737 899 1905 931 auctorem
1919 923 1928 938 ,
1951 899 2007 931 sed
2032 900 2153 941 saepius
2176 901 2264 934 locos
2286 911 2327 935 ex

1266 947 1426 989 Euripidis
1452 947 1660 980 Andromeda
1686 947 1874 988 depromtos
1897 946 2001 988 lepide
2027 947 2212 980 cavillatum
2244 958 2327 982 esse.

1265 996 1338 1028 Vid.
1366 995 1476 1037 tragici
1501 994 1587 1028 itlius
1614 995 1792 1036 fragmenta
1815 1003 1835 1027 a
1862 995 2026 1035 Wagnero
2045 995 2182 1028 collecta
2205 1006 2236 1037 p.
2264 1001 2326 1031 646

1264 1054 1353 1086 seqq.
1371 1044 1425 1077 ed.
1444 1044 1545 1076 PariS.
1567 1043 1723 1076 Miramur
1739 1046 1848 1076 autem
1870 1045 2073 1084 Wagnerum
2100 1043 2329 1078 Antiatticistae

1264 1092 1489 1125 immemorem
1518 1091 1640 1124 nullam
1668 1091 1739 1131 ejus
1779 1090 1954 1123 testimonii
1982 1091 2180 1125 mentionem
2208 1093 2330 1127 secisse.

1265 1142 1470 1181 Quapropter
1487 1149 1551 1171 non
1567 1138 1833 1180 reprehendimus
1858 1138 2054 1171 Brunckium
2066 1164 2075 1179 ‚
2091 1140 2178 1181 quod
2201 1141 2233 1172 in
2262 1142 2330 1174 Ari·

1264 1188 1376 1228 etoph.
1392 1187 1479 1219 Eccl.
1498 1189 1577 1219 1145
1593 1196 1650 1227 pro
1667 1187 1756 1226 vulg.
1770 1187 1965 1229 παραλείψῃς
1989 1187 2095 1228 posuit
2117 1189 2331 1231 παραλείψεις,

1265 1244 1369 1276 neque
1385 1234 1606 1267 tleindortium
1626 1233 1666 1266 ad
1683 1234 1826 1266 Platonis
1845 1233 1942 1266 verba
1957 1235 2055 1275 Gorg.
2077 1243 2107 1274 p.
2124 1238 2182 1268 201
2201 1237 2246 1277 (p.
2272 1239 2329 1270 187

1263 1282 1315 1315 ed.
1345 1282 1426 1324 sec.)
1456 1282 1569 1325 μεταξὺ
1586 1282 1640 1314 τὸν
1666 1281 1758 1323 λόγον
1781 1282 2016 1323 καταλίπωμεν,
2036 1282 2107 1315 haec
2129 1286 2297 1317 notantem
2321 1295 2330 1318 ε

1266 1343 1282 1359 α
1302 1331 1406 1364 Codd.
1423 1331 1515 1364 Bodl.
1530 1332 1611 1370 Aug.
1627 1331 1762 1363 Meerm.
1787 1329 2025 1372 καταλίπωμεν,
2039 1332 2193 1371 quoniam
2213 1333 2331 1366 u>itata

1263 1378 1375 1411 aoristi
1401 1379 1504 1411 torma
1530 1380 1582 1410 est
1600 1378 1720 1416 ἔλιπον,
1741 1386 1804 1409 non
1831 1378 1951 1418 ἐλειψα.
1976 1391 1991 1405 u
2008 1378 2068 1411 Sed
2085 1379 2162 1410 illud
2177 1389 2331 1421 apparere

1263 1426 1415 1467 arbitror,
1429 1426 1537 1468 λείψας
1552 1424 1649 1458 semel
1666 1424 1707 1457 ab
1722 1423 1873 1465 Euripide
1886 1424 2009 1457 dictum
2025 1425 2143 1458 indicio
2158 1435 2248 1466 esse,
2266 1438 2330 1462 non

1267 1482 1402 1514 prorsus
1423 1473 1568 1514 ignotam
1587 1472 1752 1506 ieteribus
1776 1471 1860 1504 hanc
1874 1472 1982 1504 aoristi
2001 1472 2138 1506 sormam
2157 1474 2265 1508 ruisse.

1306 1523 1346 1553 V.
1372 1524 1426 1555 71.
1444 1522 1554 1554 ἔσσεαι
1567 1532 1598 1553 κ.
1615 1532 1644 1553 τ.
1659 1519 1703 1562 k]
1722 1519 1824 1552 Aldus
1838 1521 1884 1552 sic
1899 1519 2068 1561 distinguit
2092 1533 2100 1552 ε
2124 1522 2232 1555 ἔσσεαι
2255 1523 2330 1556 ἀθά-

1263 1581 1353 1607 νατος
1367 1593 1376 1608 ,
1396 1569 1463 1606 θεὸς
1475 1593 1484 1610 ,
1497 1569 1652 1611 ἄμὸροτος
1665 1592 1674 1608 ,
1686 1570 1719 1601 at
1736 1567 1894 1609 Stephan.
1914 1569 2080 1602 Camerar.
2096 1569 2183 1603 Rust.
2200 1571 2329 1605 Curter.

1265 1617 1386 1649 Marcii.
1417 1616 1595 1650 Needham.
1623 1616 1759 1648 Ashton.
1793 1615 1894 1649 Gaisf.
1926 1616 1957 1648 in
1990 1616 2042 1649 ed.
2079 1616 2169 1650 Hier.
2203 1619 2327 1652 Schier.

1263 1665 1373 1697 ἔσσεαι
1393 1664 1545 1701 ἀθάνατος
1561 1664 1628 1701 θεὸς
1641 1688 1649 1703 ,
1663 1663 1818 1705 ἅμῧροτος
1830 1687 1839 1703 ,
1856 1663 1995 1705 denique
2005 1664 2171 1699 Glandort.
2189 1667 2328 1703 Brunck.

1263 1713 1363 1745 Orell.
1382 1711 1483 1745 Gaisf.
1509 1711 1670 1752 Scliweps.
1689 1711 1798 1743 ἔσσεαι
1820 1711 1992 1750 ἀθάνατος,
2013 1712 2079 1749 θεὸς
2095 1713 2262 1756 ἅμὸροτος.
2285 1733 2327 1739 -

1263 1761 1322 1792 οὐκ
1343 1759 1402 1803 ἔτι]
1418 1760 1521 1792 Aldus
1539 1760 1569 1791 in
1592 1762 1730 1800 utraque
1747 1759 1887 1792 editione
1904 1759 2009 1792 οὐκέτι
2033 1769 2096 1792 una
2114 1770 2206 1794 voce.
2228 1765 2329 1796 Pseu-

1263 1808 1496 1850 doplutarchus
1509 1807 1549 1840 de
1565 1807 1745 1849 philosoph.
1762 1807 1901 1840 decretis
1916 1807 1972 1841 lib.
1989 1809 2034 1841 1v
2057 1817 2128 1849 cap.
2147 1812 2165 1843 7
2187 1819 2195 1839 ι
2219 1812 2330 1844 Πυθα-

1262 1857 1356 1899 γόρας
1381 1878 1561 1889 ......
1586 1855 1738 1898 ἄφθαρτον
1752 1855 1897 1895 εἶναιτὴν
1916 1855 2037 1898 ψυχήν·
2052 1856 2194 1893 ἐξιοῦσαν
2214 1859 2272 1901 γὰρ
2287 1861 2329 1896 εἷς

1261 1906 1317 1943 τὴν
1330 1907 1386 1937 τοῦ
1397 1904 1510 1939 παντὸς
1520 1903 1623 1945 ψυχὴν
1637 1903 1810 1945 ἀναχωρεῖν
1824 1903 1899 1945 πρὸς
1918 1903 1954 1936 τὸ
1970 1904 2126 1947 ὁμογενές.
2143 1905 2330 1939 chalcidius

1264 1960 1293 1991 p.
1313 1954 1373 1984 229
1389 1963 1398 1983 z
1415 1963 1431 1979 «
1446 1950 1644 1992 Pythagoras
1658 1951 1754 1983 etiam
1770 1951 1803 1982 in
1817 1951 1884 1983 suis
1899 1951 2004 1983 aureis
2021 1950 2192 1985 versibus:

1390 2031 1523 2066 Corpore
1537 2028 1673 2065 deposito
1689 2036 1760 2057 curn
1776 2028 1853 2058 Lber
1867 2028 1904 2057 ad
1918 2030 2031 2059 aethera
2050 2037 2174 2066 perges,

1391 2070 1506 2100 Evades
1520 2069 1674 2100 hominem
1686 2091 1694 2106 ,
1715 2069 1812 2100 tactus
1827 2072 1909 2101 Deus
1925 2071 2045 2101 aetheris
2058 2072 2139 2102 almi.
2154 2083 2166 2099 ι

1263 2136 1325 2169 Hic
1341 2136 1474 2170 fortasse
1491 2137 1645 2179 ἐλεύθερος
1670 2145 1727 2178 pro
1749 2137 1905 2180 ἐλεύθερον
1921 2137 2017 2178 legit,
2039 2137 2126 2179 quod
2145 2137 2214 2179 jam
2238 2139 2328 2170 stur-

1262 2185 1330 2217 zius
1346 2184 1545 2217 observavit.
1565 2186 1727 2217 Caeterum
1750 2185 1784 2217 id
1804 2185 1844 2217 de
1864 2194 1930 2225 quo
1952 2186 2003 2217 hic
2020 2186 2126 2226 agitur
2145 2186 2328 2226 contingere

1264 2232 1452 2265 hominibus
1466 2241 1529 2264 non
1550 2234 1678 2274 potest,
1700 2232 1761 2265 nisi
1779 2236 1908 2274 peracto
1923 2234 2138 2265 mutationum
2151 2233 2239 2267 orbe.
2255 2234 2328 2271 Qua

1263 2280 1303 2312 de
1325 2289 1358 2313 re
1378 2279 1510 2321 legenda
1526 2283 1602 2312 sunt
1619 2289 1693 2321 quae
1711 2280 1920 2321 Empedocles
1942 2281 2217 2322 Pjthagoreorum
2241 2289 2325 2322 prae-

1264 2330 1356 2370 cepta
1387 2330 1521 2360 secutus
1543 2328 1639 2360 tradit
1660 2337 1799 2369 quaeque
1817 2337 1834 2360 a
1861 2337 1912 2361 me
1931 2328 1963 2360 in
1990 2331 2264 2362 commentatione
2285 2329 2326 2362 de

1262 2375 1464 2417 Empedocli<
1482 2376 1639 2417 prooemio
1653 2385 1684 2417 p.
1702 2379 1738 2408 12
1753 2375 1967 2418 disputantur.
