2612 3814
266 252 337 285 360

341 333 468 371 εὐθεῖαι
502 334 560 372 καὶ
598 334 761 385 ἄνικμοι,
800 335 860 374 καὶ
890 338 1200 388 δμοιοσχημονοῖεν
1237 340 1306 376 τοῖς

342 392 653 443 ἀποτυπουμένοις.
710 396 766 434 Τὰ
783 394 850 447 γὰρ
869 395 1027 449 ὁμόφυλα
1047 395 1204 445 μάλιστα
1225 393 1305 432 ἕκα-

341 469 422 492 στον
442 454 633 505 γνωρίζειν.

398 512 709 565 (theophrastus
727 513 824 553 ibid.
847 514 910 553 50.
924 514 935 563 )

265 582 306 607 16.
338 570 484 621 Πρῶτον
516 569 578 621 μὲν
598 564 656 609 οὖν
683 570 809 615 ἄτοπος
839 574 861 617 ἡ
892 570 1155 615 ἀποτύπωσιςὴ
1194 570 1228 606 ἐν
1261 570 1310 621 τῷ

343 628 438 681 ἀέρι·
457 631 509 668 δεῖ
526 629 592 681 γὰρ
616 630 706 682 ἔχειν
728 629 928 674 πυκνότητα
949 627 1008 666 καὶ
1030 627 1078 678 μὴ
1100 627 1311 680 θρύπτεσθαι

343 686 382 725 τὸ
400 687 638 738 πυκνούμενον
650 718 659 732 ,
677 687 797 739 ὥσπερ
812 687 871 726 καὶ
893 686 994 728 αὐτὸς
1010 687 1101 738 λέγει
1121 683 1310 736 παραὲἄλ-

342 747 433 795 λων,
455 746 618 793 τοιαύτην
638 739 724 783 εἶναι
746 746 810 793 τὴν
831 745 1022 783 ἐντύπωσιν
1035 774 1044 791 ,
1058 739 1127 782 οἷον
1150 744 1179 781 εἷ
1196 742 1305 793 ἐκμά-

344 804 434 849 ξειας
453 806 499 849 εἷς
519 807 638 858 κηρόν.
694 804 848 844 Ἔπειτα
870 805 1003 855 μᾶλλον
1022 807 1055 843 ἐν
1072 802 1171 842 ὕδατι
1189 805 1312 840 τυποῦ-

342 865 421 901 σθαι
443 863 583 901 δυνατόν
597 894 606 910 ,
629 864 700 917 ὅσῳ
717 863 924 916 πυκνότερον
937 878 944 885 ·
965 857 1068 909 ἧττον
1092 861 1127 900 δὲ
1147 865 1307 913 ὁρᾶσθαι.

344 922 471 961 Καίτοι
505 926 662 975 προσῆκε
698 924 848 973 μᾶλλον.
907 921 1029 965 ”Ολως
1058 921 1094 960 δὲ
1136 920 1311 975 ἀπορῤοὴν

341 985 508 1020 ποιοῦντα
529 985 589 1029 τῆς
612 985 770 1034 μορφῆς,
792 980 912 1033 ὥσπερ
935 983 969 1020 ἐν
990 987 1061 1025 τοῖς
1079 981 1243 1035 περὶτῶν
1265 983 1312 1020 εἷ-

344 1043 434 1089 acm,
459 1042 494 1080 τί
526 1042 578 1079 δεῖ
598 1042 661 1089 τὴν
700 1042 927 1080 ἀποτύπωσιν
958 1047 1091 1089 ποιεῖν,
1124 1040 1214 1079 αὐτὰ
1244 1039 1312 1092 γὰρ

342 1100 549 1152 ἐμφαίνεται
570 1100 612 1139 τὰ
632 1100 772 1139 εἴδωλα.

397 1158 708 1211 (Theophrastus
725 1160 822 1198 ibid.
844 1160 865 1198 5
875 1175 888 1197 1
900 1192 908 1200 .
924 1160 935 1210 )

343 1218 434 1257 Ἀλλ’
459 1218 543 1262 ἴσως
580 1212 643 1267 τὴν
678 1219 870 1272 ἔμφασινὸ
907 1219 1003 1267 ἥλιος
1042 1221 1155 1268 ποιεῖ,
1177 1218 1215 1257 τὸ
1244 1221 1314 1272 φῶς

342 1276 463 1329 ὥσπερ
486 1278 658 1332 ἐπιφέρων
680 1279 737 1316 ἐπὶ
758 1278 819 1325 τὴν
837 1278 933 1332 ὄψιν,
952 1278 1111 1330 καθάπερ
1126 1277 1216 1316 ἔοικε
1238 1278 1315 1330 βού·

343 1337 464 1374 λεσθαι
482 1337 613 1388 λέγειν·
635 1337 711 1376 ἐπεὶ
724 1337 763 1375 τό
775 1354 814 1388 γε
832 1337 890 1375 τὸν
908 1337 1007 1385 ἥλιον
1026 1338 1232 1376 ἀπωθοῦντα
1254 1338 1311 1390 ἀφ’

345 1398 468 1434 ἑαυτοῦ
492 1395 552 1434 καὶ
584 1396 895 1446 ἐποπλαττόμενον
928 1399 1079 1434 πυκνοῦν
1111 1396 1168 1434 τὸν
1200 1396 1310 1450 ἀέρα,

344 1453 503 1506 καθάπερ
526 1454 653 1506 φησίν,
694 1454 842 1493 ἄτοπον·
864 1455 1050 1507 διακρίνειν
1082 1455 1149 1507 γὰρ
1181 1454 1313 1508 πέφικε

343 1514 492 1562 μᾶλλον.

397 1576 407 1617 (
422 1571 711 1623 Theophrastus
730 1572 826 1612 ibid.
847 1571 931 1625 54.)

349 1629 426 1677 Τὴν
450 1631 479 1668 δ’
502 1629 608 1677 ἀκοὴν
630 1630 887 1683 παραπλησίως
906 1636 1000 1670 ποιεῖ
1022 1632 1091 1675 τοῖς
1114 1632 1249 1675 ἄλλοις·
1270 1633 1315 1675 εἷς

341 1690 410 1740 γὰρ
433 1688 472 1728 τὸ
501 1689 598 1728 κενὸν
632 1690 851 1740 ἐμπίπτοντα
887 1690 946 1729 τὸν
981 1690 1067 1742 ἀέρα
1096 1691 1233 1738 κίνησιν
1253 1692 1314 1741 ἐμ-

343 1748 478 1796 ποιεῖν,
501 1747 593 1795 πλὴν
615 1748 668 1787 ὅτι
687 1747 779 1787 κατὰ
802 1754 873 1786 πᾶν
906 1747 967 1798 μὲν
989 1748 1116 1799 ὁμοίως
1135 1748 1173 1787 τὸ
1209 1752 1315 1799 σῶμα

342 1807 485 1846 εἰσιέναι
498 1838 509 1859 ,
531 1808 687 1858 μάλιστα
709 1808 816 1846 δὲκαὶ
837 1809 1000 1847 πλεῖστον
1023 1809 1080 1847 διὰ
1101 1811 1176 1847 τῶν
1197 1808 1312 1857 ὤτων,

349 1866 403 1904 ὅτι
432 1866 489 1904 διὰ
518 1867 682 1906 πλείστου
712 1883 750 1906 τε
772 1871 871 1906 κενοῦ
901 1867 1078 1919 διέρχεται
1097 1868 1155 1906 καὶ
1185 1867 1315 1915 ἥκιστα

346 1919 543 1971 διαμίμνει·
567 1920 619 1959 διὸ
646 1920 705 1959 καὶ
734 1920 827 1959 κατὰ
861 1919 924 1971 μὲν
946 1920 985 1960 τὸ
1010 1921 1096 1959 ἄλλο
1117 1924 1221 1973 σῶμα
1253 1923 1315 1961 οὐκ
1349 1887 1352 1959 Ι

263 1233 310 1258 15.

268 1643 316 1670 Ιδ.

267 2160 335 2192 tido
348 2184 357 2200 ‚
381 2168 472 2192 venae
488 2159 626 2200 denique
638 2159 680 2191 ad
696 2159 808 2191 oculos
829 2158 1023 2200 pertinentes
1043 2162 1139 2192 rectae
1157 2160 1318 2192 humoris·

267 2228 330 2260 que
365 2220 515 2260 expertes
542 2220 574 2251 et
603 2218 723 2251 similes
762 2218 861 2260 ligura
897 2218 1088 2266 imaginibus
1115 2220 1320 2252 conformatis

266 2279 340 2311 sint.
385 2277 441 2311 Sui
457 2277 544 2310 enim
562 2277 685 2318 generis
703 2286 755 2310 res
779 2277 918 2310 maxime
944 2277 1089 2319 quidque
1111 2286 1317 2319 cognoscere.

311 2339 360 2370 14.
382 2339 428 2369 Ac
444 2337 583 2378 primum
598 2336 728 2378 quidem
748 2338 854 2377 inepta
877 2339 926 2369 est
943 2336 1086 2377 imaginis
1106 2337 1139 2369 in
1157 2345 1229 2369 aere
1246 2346 1319 2370 con-

270 2396 443 2436 formatio;
471 2405 545 2428 nam
563 2396 648 2437 quod
669 2395 838 2428 densatum
868 2399 916 2428 est
939 2404 1067 2428 servare
1085 2399 1211 2437 oportet
1236 2396 1319 2429 hanc

269 2455 457 2488 densitatem
468 2479 477 2495 ‚
494 2463 597 2496 neque
610 2455 748 2495 conteri,
768 2454 1042 2495 quemadmodum
1061 2454 1128 2495 ipse
1141 2454 1218 2486 dicit
1232 2463 1319 2486 com-

271 2513 432 2554 paratione
449 2514 632 2555 proposita,
650 2514 711 2546 tati·
722 2513 819 2546 modo
839 2513 907 2546 fieri
930 2513 1207 2554 informationem,
1233 2513 1318 2554 quali

271 2572 304 2604 in
317 2581 390 2604 cera
408 2572 530 2613 aliquid
548 2571 724 2613 imprimas.
771 2557 894 2605 Deinde
909 2581 948 2605 eo
966 2572 1090 2604 facilius
1110 2571 1320 2604 simulacrum

271 2631 304 2664 in
319 2640 402 2673 aqua
422 2631 564 2671 imprimi
586 2633 713 2672 potest,
727 2641 791 2672 quo
805 2631 934 2663 densior
952 2634 1019 2672 est;
1039 2631 1199 2663 difficilius
1213 2634 1321 2663 autem
1346 2621 1352 2703 Ι

273 2691 370 2724 cerni.
416 2693 456 2723 At
485 2691 653 2732 oportebat
675 2691 811 2724 facilius.
858 2692 999 2724 Omnino
1025 2701 1097 2724 eum
1125 2692 1179 2732 qui
1210 2692 1322 2724 tormae

272 2750 435 2782 eslluvium
449 2751 579 2790 statuit,
598 2752 633 2782 ut
652 2750 684 2782 in
702 2750 783 2782 libro
801 2750 840 2782 de
856 2751 1048 2792 imaginibus
1062 2774 1070 2790 ,
1089 2751 1168 2793 qnid
1179 2760 1260 2792 opus
1275 2753 1323 2783 est

273 2809 418 2850 imaginis
431 2810 716 2842 conformationem
733 2813 871 2851 ponere?
891 2812 961 2852 {psa
983 2811 1071 2843 enim
1089 2810 1261 2843 simulacra
1282 2810 1321 2842 il-

275 2869 435 2900 labuntur.

319 2932 367 2960 15.
385 2928 447 2960 Sed
468 2927 603 2959 fortasse
622 2927 770 2968 illapsum
790 2928 836 2960 sol
855 2928 972 2968 efficit,
1001 2928 1103 2960 lucem
1123 2929 1211 2970 quasi
1229 2930 1323 2961 oculo

275 2987 429 3027 atterens,
450 2988 488 3018 ut
508 2986 710 3019 Democritus
729 2987 854 3019 videtur
884 2986 991 3019 dicere
1018 2987 1178 3028 voluisse3
1201 2997 1322 3029 quum,

276 3046 362 3086 quod
386 3046 452 3087 ait,
484 3046 584 3078 solem
616 3045 823 3086 repellentem
851 3054 870 3077 a
901 3054 970 3078 sese
994 3045 1173 3087 effingendo
1193 3047 1325 3080 densare

276 3114 382 3137 aerem
403 3104 580 3137 absurdum
603 3104 666 3145 sit;
682 3112 720 3136 ea
746 3104 832 3136 enim
852 3103 927 3136 solis
943 3107 1055 3136 natura
1074 3106 1142 3144 est,
1163 3109 1200 3137 ut
1217 3114 1323 3138 aerem

277 3163 384 3205 potius
406 3163 577 3195 discernat.
1253 3188 1255 3190 .
1328 3165 1331 3167 ·

322 3226 370 3254 16.
394 3221 549 3254 Auditum
566 3230 643 3254 vero
671 3220 815 3254 similiter
835 3224 932 3262 atque
959 3220 1066 3254 caeteri
1096 3221 1323 3264 (philosophi)

277 3286 390 3320 delinit
413 3295 421 3318 :
439 3295 513 3319 aere
534 3286 622 3319 enim
639 3286 671 3318 in
689 3294 828 3318 vacuum
846 3286 987 3319 irruente
1009 3287 1134 3318 motum
1154 3287 1255 3328 effici,
1269 3288 1323 3320 sed

279 3343 385 3386 (quod
407 3343 581 3376 Democriti
603 3343 764 3385 proprium
782 3343 850 3385 est)
866 3352 972 3375 aerem
994 3352 1051 3384 per
1074 3346 1178 3376 totum
1205 3354 1324 3387 corpus

275 3403 420 3436 similiter
432 3404 596 3444 penetrare
606 3428 614 3441 ,
633 3403 774 3435 maxime
787 3404 894 3434 autem
909 3411 963 3443 per
977 3411 1070 3435 aures
1081 3427 1090 3443 ‚
1105 3404 1256 3444 quoniam
1273 3404 1325 3437 hic

277 3471 331 3504 per
350 3462 524 3504 plurimum
546 3471 682 3494 vacnum
717 3462 871 3504 pervadat
898 3463 930 3494 et
961 3461 1091 3495 minime
1118 3465 1322 3505 permaneat3

1020 247 1304 288 DEMOCRITI
1338 247 1673 286 FRAGMENTA.

1454 333 1702 382 αἰσθάνεσθαι,
1732 333 1843 386 ταύτῃ
1876 334 1911 373 δὲ
1937 333 2056 385 μόνον.
2113 333 2231 374 Ὅταν
2265 335 2301 376 δὲ
2331 337 2424 382 ὶντὸς

1453 390 1618 440 γένηται,
1659 390 1866 431 σκίδνασθαι
1897 393 2102 445 διατάχους·
2128 391 2191 440 τὴν
2212 393 2281 446 γὰρ
2306 393 2424 447 φωνὴν

1452 442 1540 487 εἶναι
1565 449 1802 502 θρυπτομένου
1822 454 1880 490 τοῦ
1910 450 2011 505 ἀέρος
2030 452 2091 490 καὶ
2122 451 2212 503 μετὰ
2246 451 2423 505 βίαςιῖσ-

1453 523 1572 551 ιον-τος.

1506 567 1779 641 (Τὴεοὲἢιναεί.
1797 567 1895 608 ibid.
1914 569 1976 607 55.
1991 569 2002 621 )

1446 622 1592 678 ’Ὠσπερ
1606 642 1663 663 ουν
1685 625 1780 669 ἐκτὸς
1799 628 1895 665 ποιεῖ
1909 630 1952 679 τ’ᾐ·
1971 628 2042 682 ἁφῇ
2059 627 2121 674 τὴν
2137 627 2319 680 αἴσθησιν,
2330 628 2423 668 οὕτω

1452 687 1496 736 τῇ
1518 686 1626 736 ἀκοῇ,
1639 683 1746 728 ἐντός.
1805 683 1997 730 Ὀξύτατον
2024 687 2054 724 δ’
2080 687 2241 739 ἀκούειν,
2261 689 2292 726 εἶ
2321 689 2341 727 ὁ
2361 687 2425 739 μὲν

1454 743 1519 789 ἔξω
1538 742 1646 797 χιτὼν
1667 744 1721 790 εἴη
1742 743 1894 795 πυκνός,
1926 743 1970 783 τὰ
1990 743 2025 783 δὲ
2047 745 2172 797 φλέὸια
2201 747 2285 786 κενὰ
2301 747 2362 786 καὶ
2380 749 2428 793 ὡς

1456 802 1612 854 μάλιστα
1639 802 1771 853 ἄνικμα
1797 802 1859 841 καὶ
1891 802 2043 856 εὔτρητα
2072 805 2165 844 κατά
2200 820 2238 844 τε
2273 805 2313 844 τὸ
2341 806 2429 845 ἄλλο

1454 863 1559 912 σῶμα
1579 861 1639 900 καὶ
1660 861 1721 909 τὴν
1744 860 1901 914 κεφαλὴν
1923 862 1983 900 καὶ
2005 861 2067 905 τὰς
2087 862 2215 908 ἀκοάς·
2235 863 2296 902 ἔτι
2318 864 2355 904 δὲ
2384 864 2430 904 τὰ

1455 922 1541 959 ὀστᾶ
1561 920 1677 959 πυκνὰ
1693 920 1752 958 καὶ
1773 922 1791 958 ὁ
1811 920 2002 973 ἐγκέφαλος
2019 920 2186 974 εὔκρατος
2197 953 2207 970 ,
2221 923 2281 961 καὶ
2297 922 2337 962 τὸ
2350 923 2430 976 περὶ

1455 978 1558 1017 αὐτὸν
1580 981 1626 1023 ὡς
1647 978 1836 1031 ξηρότατον
1850 994 1858 1002 ·
1882 978 2006 1031 ἀθρόον
2038 979 2108 1032 γὰρ
2132 979 2174 1018 ἂν
2197 980 2307 1024 οὕτως
2324 982 2430 1021 etme-

1454 1054 1511 1077 ναι
1531 1038 1594 1085 τὴν
1615 1038 1754 1088 φωνήν,
1774 1037 1837 1077 ἅτε
1858 1038 1915 1078 διὰ
1935 1039 2065 1077 πολλοῦ
2083 1043 2182 1078 κενοῦ
2204 1040 2264 1078 καὶ
2282 1039 2430 1091 ἀνίκμου

1453 1096 1513 1136 καὶ
1538 1097 1703 1150 εὐτρῆτου
1734 1098 1909 1136 εἰσιοῦσαν
1922 1127 1932 1146 ,
1953 1098 2014 1136 καὶ
2034 1097 2127 1150 ταχὺ
2148 1098 2354 1138 σκίδνασθαι
2369 1098 2431 1138 καὶ

1453 1158 1594 1207 ὁμαλῶς
1615 1155 1706 1195 κατὰ
1726 1157 1765 1195 τὸ
1785 1158 1889 1207 σῶμα
1902 1187 1911 1204 ,
1929 1156 1989 1196 καὶ
2007 1157 2087 1195 οὐδὲ
2099 1157 2280 1196 ἐκπίπτειν
2294 1156 2376 1203 ἔξω.

1510 1215 1830 1267 (Theophrastus
1852 1215 1952 1255 ibid.
1978 1217 2039 1254 56.
2059 1217 2069 1267 )

1377 1288 1419 1314 ts.
1450 1273 1503 1313 Τὸ
1525 1273 1588 1325 μὲν
1606 1268 1665 1312 οὖν
1686 1276 1806 1326 σαφῶς
1824 1274 1998 1328 ἀφορίζειν
2034 1274 2160 1325 ὅμοίως
2180 1275 2254 1327 ἔχει
2276 1280 2348 1319 τοῖς
2367 1274 2431 1313 ἄλ·

1454 1335 1526 1377 λοις
1539 1364 1548 1381 ,
1571 1332 1699 1372 ἄτοπον
1721 1333 1756 1372 δὲ
1777 1333 1838 1372 καὶ
1853 1334 1981 1381 ἄδηλον
2002 1333 2094 1372 κατὰ
2109 1340 2179 1372 πᾶν
2199 1335 2239 1374 τὸ
2253 1337 2358 1386 σῶμα
2373 1333 2431 1374 τὸν

1455 1391 1564 1444 ψόφον
1588 1391 1757 1442 εἰσιέναι,
1779 1393 1841 1431 καὶ
1866 1392 1949 1431 ὅταν
1972 1392 2113 1445 εἰσέλθῃ
2137 1393 2194 1432 διὰ
2214 1396 2277 1441 τῆς
2306 1394 2432 1441 ἀκοῆς,

1424 1484 1428 1488 .
1454 1451 1654 1502 διαχεῖσθαι
1673 1451 1765 1489 κατὰ
1786 1457 1875 1498 πᾶν,
1905 1449 2026 1504 ὥσπερ
2049 1453 2087 1490 οὗ
2109 1457 2184 1496 ταῖς
2210 1453 2333 1496 ἀκοαῖς
2353 1452 2433 1490 ἀλλ’
2452 1488 2456 1492 .

1456 1507 1527 1560 ὅλῳ
1545 1510 1595 1562 τῷ
1619 1507 1758 1559 σώματι
1777 1509 1840 1558 τὴν
1858 1509 2019 1556 αἴσθησιν
2042 1504 2164 1548 οὖσαν.
2223 1511 2277 1549 Οὔ
2298 1509 2381 1563 γάρ,
2404 1511 2433 1549 εἷ

1455 1566 1516 1604 καὶ
1543 1567 1747 1620 συμπάσχει
1767 1584 1800 1606 τι
1826 1572 1870 1622 τῇ
1891 1570 2001 1621 ἀκοῇ,
2025 1567 2083 1607 διὰ
2104 1573 2205 1608 τοῦτο
2224 1569 2283 1608 καὶ
2305 1568 2426 1608 αἰσθά-

1456 1641 1567 1665 νεται.
1626 1627 1766 1671 Πάσαις
1786 1626 1856 1680 γὰρ
1872 1628 1975 1666 τοῦτό
1988 1643 2027 1678 γε
2044 1626 2172 1678 ὁμοίως
2187 1628 2298 1666 ποιεῖ·
2314 1626 2375 1667 καὶ
2394 1624 2433 1666 οὗ

1458 1684 1562 1735 μόνον
1581 1687 1658 1729 ταῖς
1690 1685 1914 1733 αἰσθήσεσιν,
1936 1685 2026 1725 ἀλλὰ
2046 1686 2107 1724 καὶ
2126 1689 2168 1738 τῇ
2190 1687 2302 1739 ψυχῇ.
2360 1685 2433 1725 Καὶ

1455 1744 1535 1797 περὶ
1557 1745 1621 1796 μὲν
1642 1744 1753 1798 ὅψεως
1768 1746 1829 1784 καὶ
1852 1746 1959 1793 ἀκοῆς
1971 1744 2082 1790 οὕτως
2100 1745 2310 1784 ἀποδίδωσι·
2327 1744 2388 1789 τὰς
2401 1743 2431 1783 δ’

1458 1805 1569 1849 ἄλλοις
1597 1804 1775 1852 αἰσθήσεις
1814 1804 1939 1858 σχεδὸν
1975 1804 2097 1856 ὁμοίας
2116 1809 2210 1844 ποιεῖ
2234 1809 2305 1849 τοῖς
2334 1802 2433 1842 πλεί-

1456 1879 1564 1907 στοις.

1514 1924 1527 1974 (
1543 1923 1836 1976 Theophrastus
1857 1923 1954 1963 ibid.
1976 1923 2036 1971 57.
2052 1924 2063 1974 )

1375 639 1417 665 17·

1379 2160 1452 2192 ideo
1473 2161 1505 2192 in
1526 2160 1657 2201 reliquis
1686 2161 1829 2202 corporis
1850 2160 1993 2201 portibus
2017 2159 2182 2201 (sonum)
2214 2167 2279 2191 non
2302 2159 2433 2200 sentiri,

1378 2221 1435 2254 sed
1461 2222 1536 2254 solis
1563 2221 1597 2254 in
1615 2221 1758 2254 auribus.
1804 2222 1866 2254 Ubi
1892 2223 2002 2254 autem
2026 2220 2067 2253 ad
2086 2220 2211 2253 interna
2230 2219 2434 2260 pervenerit,

1379 2281 1522 2313 celeriter
1537 2280 1721 2322 dimanare3
1736 2289 1805 2313 esse
1823 2281 1863 2322 (i.
1883 2289 1913 2312 e.
1929 2280 2005 2312 oriri
2017 2281 2028 2321 )
2040 2279 2128 2313 enim
2143 2287 2257 2312 vocem
2270 2287 2342 2311 aere
2354 2287 2434 2311 con-

1379 2340 1458 2372 trito
1476 2342 1508 2372 et
1522 2349 1578 2381 per
1595 2341 1661 2373 vim
1683 2339 1891 2381 ingrediente.
2064 2369 2067 2372 .

1424 2402 1473 2432 17.
1497 2399 1614 2432 Eodem
1636 2399 1734 2440 igitur
1758 2399 1855 2432 modo
1881 2408 1947 2440 quo
1967 2398 2169 2431 extrinsecus
2186 2398 2276 2431 tactu
2305 2404 2436 2430 sensum

1381 2461 1448 2493 fieri
1466 2461 1592 2500 statuit,
1608 2461 1653 2493 ita
1670 2461 1758 2493 intus
1771 2460 1895 2493 auditu.
1941 2459 2135 2491 Acutissime
2152 2458 2277 2499 audiri,
2294 2457 2321 2490 si
2336 2466 2436 2490 mem-

1380 2521 1480 2553 brana
1501 2523 1636 2553 externa
1651 2520 1767 2560 densa,
1786 2528 1877 2552 venae
1901 2519 2014 2551 inanes
2037 2520 2070 2550 et
2086 2526 2185 2559 quam
2201 2517 2342 2550 maxime
2364 2510 2435 2550 sine

1381 2580 1517 2612 humore
1541 2582 1573 2611 et
1591 2579 1672 2611 bene
1701 2580 1773 2611 tum
1799 2578 1841 2609 ad
1871 2577 2033 2619 reliquum
2061 2585 2179 2618 corpus
2194 2578 2265 2609 tum
2283 2575 2325 2608 ad
2340 2576 2440 2617 caput
2495 2587 2497 2589 ¹

1381 2646 1541 2681 auresque
1562 2639 1755 2681 perforatae,
1774 2647 1847 2671 ossa
1864 2639 1972 2671 autem
1998 2638 2092 2670 firma
2113 2639 2147 2670 et
2165 2637 2334 2670 cerebrum
2355 2636 2438 2669 bene

1382 2698 1519 2730 mixtum
1532 2721 1541 2737 ,
1558 2698 1590 2730 et
1609 2697 1696 2738 quod
1723 2696 1913 2736 circumdet,
1929 2705 2026 2737 quam
2044 2682 2258 2728 siccissimum
2288 2695 2342 2727 sit.
2386 2695 2438 2727 Ita

1382 2758 1467 2790 enim
1490 2765 1602 2789 vocem
1621 2757 1748 2797 plenam
1766 2756 1902 2795 intrare,
1926 2764 1982 2796 per
1999 2754 2137 2786 multum
2158 2762 2296 2786 vacuum
2317 2755 2351 2786 et
2370 2753 2433 2786 hu·
2463 2787 2466 2790 ,

1383 2823 1472 2847 more
1489 2823 1600 2846 carens
1612 2818 1644 2846 et
1661 2813 1741 2845 bene
1754 2813 1949 2854 perforatum
1966 2820 2183 2853 progressam,
2197 2812 2325 2853 citoque
2334 2810 2434 2843 dima-

1382 2881 1459 2905 nare
1475 2871 1674 2913 aequabiliter
1694 2880 1750 2912 per
1768 2879 1885 2911 corpus
1901 2869 2074 2911 serpendo,
2100 2878 2205 2909 neque
2223 2868 2386 2902 excidere.

1427 2934 1474 2964 18.
1494 2930 1699 2963 Democritus
1715 2929 1812 2970 igitur
1827 2928 1859 2961 in
1873 2928 1910 2961 iis
1923 2937 1997 2970 quae
2010 2927 2175 2969 perspicue
2190 2925 2301 2959 delinit
2320 2926 2438 2959 similia

1383 2990 1503 3031 profert
1524 2997 1563 3022 ac
1579 2988 1689 3021 coeteri
1714 2987 1966 3029 (philosophi),
1987 2987 2135 3028 ineptum
2154 2994 2230 3019 vero
2252 2986 2351 3028 atque
2376 2985 2436 3018 ob·

1383 3059 1516 3084 scurum
1532 3051 1582 3083 est
1597 3048 1706 3091 (quod
1721 3048 1787 3090 ait)
1805 3057 1861 3090 per
1880 3050 1986 3080 totum
2001 3056 2119 3088 corpus
2134 3048 2301 3088 penetrare
2317 3054 2435 3078 sonum

1383 3112 1415 3143 et
1439 3110 1493 3142 ubi
1517 3118 1572 3151 per
1592 3117 1704 3141 aurem
1725 3107 1913 3148 intraverit,
1934 3116 1989 3148 per
2014 3108 2119 3138 totum
2148 3114 2265 3147 corpus
2282 3105 2438 3143 diffundi,

1384 3168 1475 3209 qnasi
1492 3171 1560 3200 tum
1579 3175 1644 3199 non
1661 3165 1738 3198 solae
1751 3173 1845 3198 autres
1857 3189 1867 3205 ,
1884 3164 1940 3197 sed
1958 3164 2143 3196 universum
2161 3172 2277 3206 corpus
2301 3163 2434 3196 sentiat.

1383 3229 1463 3259 Nam
1479 3227 1505 3260 si
1523 3226 1600 3268 quid
1624 3225 1721 3258 etiam
1742 3233 1807 3256 una
1824 3232 1898 3255 cum
1918 3223 2050 3255 auribus
2072 3223 2221 3263 afficitur,
2238 3222 2310 3255 ideo
2331 3225 2436 3254 tamen

1383 3295 1447 3318 non
1468 3288 1501 3318 et
1520 3285 1625 3326 ipsum
1651 3283 1758 3317 sentit.
1801 3283 1974 3315 Enimvero
1996 3282 2147 3314 omnibus
2162 3282 2172 3323 (
2187 3281 2352 3321 sensibus)
2377 3281 2438 3312 hoc

1383 3344 1529 3377 similiter
1548 3343 1701 3383 ascribit,
1727 3341 1898 3386 nequehis
1924 3343 2070 3381 tantum,
2102 3341 2158 3373 sed
2181 3342 2277 3373 etiam
2307 3339 2436 3372 animoe.

1384 3405 1431 3436 De
1448 3403 1518 3435 visu
1537 3402 1670 3444 quidem
1687 3403 1718 3434 et
1740 3401 1853 3433 auditu
1884 3401 1926 3433 ita
1949 3402 2062 3434 statuit
2074 3412 2082 3440 ;
2106 3406 2239 3433 caeteros
2260 3409 2373 3434 sensus
2392 3398 2438 3432 si-

1383 3464 1502 3497 militer
1519 3463 1630 3498 definit
1650 3472 1687 3496 ac
1701 3462 1855 3505 plerique.
