2612 3814
257 229 333 263 ⁴90

262 324 327 350 140.
346 310 391 349 Αἱ
413 309 476 360 μὲν
489 312 551 356 τῆς
567 312 691 362 ἀρετῆς
709 310 847 355 ἐλπίδες
861 309 950 349 ’ίδιαί
968 312 1036 349 εἶσι
1050 313 1111 358 τῆς
1128 311 1243 363 ψυχῆς
1254 339 1264 356 ,
1279 310 1315 347 αἱ

338 369 374 407 δὲ
392 371 454 415 τῆς
473 369 599 413 κακίας
617 368 722 408 νόθοι.

394 428 404 482 (
420 429 616 468 Maximus
635 429 742 468 Serm
754 460 762 468 .
781 429 863 482 περὶ
879 428 1018 473 ἐλπίδος
1035 429 1144 467 nullo
1160 428 1317 466 nomine

339 489 521 540 apposito
536 503 547 536 ;
565 488 794 527 Plutarchus
813 488 841 527 l.
866 503 898 527 c.
918 502 958 540 p.
984 487 1100 539 368.)

261 561 325 587 141.
343 546 388 586 ‘O
406 546 470 597 μὲν
489 546 624 599 χειμὼν
641 546 835 595 σκέπης,τὸ
852 548 886 585 δὲ
901 550 1011 598 γ’ἧρας
1029 546 1180 589 ἀλυπίας
1189 546 1314 584 δεῖται.

397 607 616 658 (Antonius
650 607 776 646 Serm.
803 606 883 659 περὶ
915 604 1087 657 γερόντων
1121 606 1230 657 ἀρετῇ
1258 602 1318 641 καὶ

341 666 477 705 συνέσει
497 666 775 717 κεκοσμημένων
788 697 798 714 ,
820 665 1019 704 Plutarch.
1039 666 1067 705 l.
1084 679 1116 703 c.
1141 679 1180 714 p.
1199 666 1289 713 369.
1309 662 1319 715 )

263 739 325 765 142.
341 724 459 777 Γέρων
482 725 644 774 ἀνόητος,
665 724 785 778 ὥσπερ
806 724 934 777 τρίὸων
954 723 1106 767 παλαιός
1119 754 1129 772 ,
1150 725 1197 767 εἷς
1217 724 1317 763 οὐδέν

344 787 438 824 ἐστιν
458 784 607 828 εὔθετος.

399 844 409 896 (
427 845 622 883 Antonius
656 843 781 882 Serm.
822 843 904 895 περὶ
947 841 1118 895 γερόντων
1148 843 1183 881 ἐν
1221 842 1321 896 ἀνοίᾳ

344 905 510 955 βιούντων
525 935 536 951 ,
563 903 796 941 Plutarchus
818 903 845 940 l.
869 918 901 942 c.
923 917 965 954 p.
983 902 1101 952 369.)

264 961 331 1003 143.
346 963 408 1006 Ὡς
429 962 496 1015 γὰρ
514 965 532 1000 ὁ
552 961 691 1005 καικίας
710 962 753 1000 τὰ
775 961 885 1016 νέφη,
906 962 965 1000 καὶ
987 964 1004 999 ὃ
1024 962 1153 1013 φαῦλος
1175 961 1247 1014 βίος
1263 963 1320 1015 ὑφ’

342 1023 463 1060 ἑαυτὸν
479 1021 573 1060 ἕλκει
592 1020 654 1065 τὰς
669 1021 853 1074 λοιδορίας.

400 1081 623 1133 (Antonius
651 1089 690 1119 et
715 1080 912 1119 Maximus
942 1080 1066 1119 Serm.
1096 1080 1179 1134 περὶ
1208 1084 1319 1132 θυμοῦ

341 1139 402 1178 καὶ
419 1141 537 1192 ὀργῆς.
555 1141 566 1191 )

264 1213 324 1238 144.
340 1198 385 1239 Ὁ
406 1198 492 1251 ὑπὲρ
514 1201 649 1250 μικρῶν
670 1198 941 1251 ἁμαρτημάτων
961 1199 1240 1253 ἀνυπερὸλήτως
1259 1203 1316 1253 ὀρ·

342 1257 521 1310 γιζόμενος
554 1259 618 1296 οὐκ
650 1260 690 1311 ἐᾷ
720 1259 912 1310 διαγνῶναι
942 1258 1002 1297 τὸν
1037 1259 1288 1312 ἁμαρτάνοντα
1307 1290 1318 1307 ,

342 1318 430 1356 πότε
449 1317 594 1356 ἔλαττον
611 1317 671 1356 καὶ
697 1317 783 1357 πότε
804 1320 922 1368 μεῖζον
941 1318 1126 1367 ἠδίκησεν.

401 1377 625 1427 (Antonius
654 1386 691 1415 et
716 1377 913 1416 Maximus
944 1378 1068 1418 Sei-m.
1107 1378 1187 1432 περὶ
1210 1382 1320 1430 θυμοῦ

344 1436 404 1474 καὶ
440 1437 544 1489 ὀργῆς
581 1435 655 1475 sub
690 1437 892 1488 Apollonii
923 1438 1106 1487 nomine,
1141 1439 1204 1476 cui
1256 1439 1323 1477 tri·

346 1495 433 1534 buit
454 1496 615 1534 eandem
637 1497 867 1534 sententiam
886 1497 1002 1534 etiam
1024 1497 1201 1536 Stobaeus
1219 1497 1321 1537 Flor.

347 1554 433 1602 XX,
466 1555 529 1594 51.
552 1557 599 1592 At
628 1555 668 1593 in
708 1555 868 1594 Arsenii
895 1555 1068 1598 Violario
1108 1557 1321 1596 ascribitur

347 1614 569 1653 Plutarcho.
588 1614 646 1653 Cf.
667 1614 864 1655 Plutarch.
886 1615 916 1654 l.
932 1630 966 1655 c.
983 1629 1072 1668 pag.
1089 1617 1180 1668 369.
1199 1618 1209 1666 )

622 1779 625 1782 ⁴
655 1743 793 1781 ΑΛΛΑ
822 1742 924 1782 ΤΩΝ

265 1850 803 1905 ΠΥΘΑΓΟΡΕΙΩΝ
867 1853 1322 1906 ΟΜΟΙΩΜΑΤΑ

393 1973 747 2013 ΠΑΝΤΑΧΟΘΕΝ
777 1973 1194 2014 ΣΥΝΕΙΛΕΓΜΕΝΑ.

265 2096 326 2122 145.
342 2082 582 2136 Αἱρετώτερόν
603 2098 657 2122 σοι
676 2082 768 2123 ἔστω
793 2083 888 2123 λίθον
913 2085 989 2132 εἷκῆ
1009 2083 1153 2137 βάλλειν
1177 2083 1198 2131 ἢ
1218 2084 1320 2136 λόγον

345 2147 467 2200 ἀργόν.
691 2183 697 2191 s

399 2207 621 2256 (Antonius
637 2207 793 2246 Melissa
817 2222 850 2248 c.
880 2207 969 2260 48.)

266 2279 327 2305 uu.
343 2265 502 2319 Αἷσχρὸν
523 2272 592 2310 τοῖς
608 2269 676 2304 τῶν
695 2268 866 2318 μελιττῶν
888 2267 1078 2319 δωρήμασι
1098 2267 1319 2319 γλυκάζοντα

311 2381 381 2412 140.
402 2379 542 2412 Virtutis
555 2388 627 2421 spes
643 2380 783 2422 propriae
801 2382 878 2412 sunt
903 2380 1019 2420 animi,
1041 2380 1110 2413 vitii
1130 2382 1239 2413 autem
1259 2381 1318 2413 de·

264 2446 406 2479 generes.
974 2467 976 2469 ,

308 2498 378 2529 141.
400 2497 513 2529 Hiems
535 2500 780 2539 tegumentum,
797 2500 949 2531 senectus
971 2498 1093 2531 doloris
1125 2498 1320 2531 vacuitatem

264 2556 408 2596 requirit.

309 2617 379 2648 142.
398 2617 504 2648 Senex
521 2616 658 2659 stultus,
681 2620 717 2649 01
728 2617 855 2650 lacerna
876 2618 1026 2659 vetusta,
1046 2617 1085 2650 ad
1110 2617 1230 2650 nullam
1254 2626 1320 2651 rem

265 2674 405 2716 prodest.

308 2735 379 2766 143.
405 2734 577 2772 Quomodo
590 2735 703 2767 caecias
717 2735 837 2777 nubes,
854 2736 901 2768 sic
918 2736 1139 2778 improborum
1157 2737 1224 2770 vita
1239 2737 1271 2769 in
1285 2747 1320 2770 se

265 2791 412 2823 convicia
435 2791 581 2824 attrahit.

309 2852 380 2883 144.
405 2850 468 2890 Qui
487 2851 601 2884 leviter
617 2853 760 2893 peccanti
774 2853 1057 2887 vehementissime
1069 2858 1242 2888 succenset
1255 2864 1319 2888 non

264 2910 341 2943 sinit
362 2910 546 2943 discernere
572 2912 696 2953 peccati
723 2914 908 2954 auctorem,
942 2915 1071 2956 quando
1097 2915 1255 2948 minorem
1289 2919 1321 2948 et

264 2970 395 3011 quando
413 2971 573 3011 majorem
592 2971 722 3012 culpam
738 2973 947 3006 commiserit.
1161 2979 1163 2981 ·

369 3095 476 3126 ALIAE
500 3094 879 3128 PYTHAGOREORUM
902 3097 1216 3131 SIMILITUDINES

568 3166 759 3203 UNDIQUE
780 3166 1022 3200 COLLEGTAE.

305 3267 381 3298 145.
405 3264 509 3305 Magis
539 3264 599 3297 tibi
634 3264 837 3306 expetendus
864 3265 907 3299 sit
940 3267 1130 3299 temerarius
1171 3268 1315 3310 lapidum

263 3332 362 3365 quam
381 3331 500 3356 vocum
515 3322 659 3355 inanium
680 3323 798 3364 jactus.

309 3385 380 3416 146.
389 3383 498 3424 Turpe
509 3386 556 3415 est
564 3391 664 3424 apum
677 3382 773 3416 donis
792 3383 905 3424 potum
924 3383 1101 3417 dulciorem
1121 3385 1254 3419 reddere
1269 3388 1319 3419 at-

262 3451 326 3484 que
337 3442 466 3475 interim
479 3442 536 3475 Dei
544 3442 680 3483 donum,
695 3443 854 3476 rationem
871 3443 958 3484 dico,
973 3444 1094 3476 malitia
1109 3445 1318 3478 exacerbare.

308 3504 380 3535 147.
404 3502 480 3536 Vita
499 3503 641 3535 humana
655 3503 775 3536 celebri
802 3504 959 3537 mercatui
978 3504 1092 3537 similis
1115 3507 1176 3537 est.
1198 3507 1320 3543 Quem-

921 220 1400 262 PYTHAGOREORUM
1434 220 1498 259 ET
1526 218 1770 260 ALIORUM

1464 307 1529 352 τὴν
1557 305 1755 344 κατάποσιν
1788 306 1829 345 τὸ
1846 309 1906 344 τοῦ
1936 309 2013 345 θεοῦ
2042 306 2151 359 δῶρον
2171 307 2350 360 πικράζειν
2380 308 2440 349 τὸν

1462 365 1565 413 λόγον
1589 367 1633 417 τῇ
1654 363 1780 416 κακία.

1519 424 1739 475 (Maximus
1760 423 1912 466 philos.
1931 425 2088 464 Collect.
2106 428 2212 467 Sent.
2231 441 2319 480 cap.
2341 428 2438 478 59.)

1386 496 1447 523 147.
1467 482 1545 527 Βίος
1571 482 1662 522 ἔοικε
1697 484 1910 537 πανηγύρει·
1930 486 1977 528 ὡς
1998 479 2056 523 οὖν
2086 487 2134 530 εἷς
2154 486 2287 535 ταύτην
2314 489 2346 526 οἱ
2377 486 2439 537 μὲν

1465 542 1743 594 ἀγωνιούμενοι,
1770 545 1802 581 οἱ
1825 542 1860 581 δὲ
1875 547 1955 582 κατ’
1976 544 2172 597 ἐμπορίαν,
2192 547 2223 584 οἱ
2241 545 2279 585 δέ
2301 560 2340 596 γε
2363 545 2441 597 βέλ-

1466 617 1578 640 τιστοι
1598 601 1762 654 ἔρχονται
1795 602 1937 640 θεαταί·
1973 602 2084 647 οὕτως
2105 605 2138 641 ἐν
2165 606 2215 657 τῷ
2239 604 2304 657 βίῳ
2325 605 2356 643 οἱ
2379 603 2443 655 μὲν

1467 660 1750 713 ἀνδραποδώδεις
1767 662 1912 714 φύονται
1928 661 2028 709 δόξης
2044 662 2103 702 καὶ
2119 664 2316 709 πλεονεξίας
2334 667 2444 718 θηρα-

1465 719 1546 768 ταί,
1566 720 1598 758 οῖ
1619 718 1655 758 δὲ
1670 719 1854 773 φιλόσοφοι
1873 723 1934 766 τῆς
1955 722 2134 770 ἀληθείας.

1520 778 1531 831 (
1550 779 1665 829 Diog.
1679 779 1805 818 Laert.
1821 779 1925 827 VIII,
1945 781 2008 831 8.)

1387 852 1448 878 145.
1469 837 1627 892 Βότρυας
1657 840 1750 891 τρεῖς
1776 840 1798 884 ἢ
1833 837 1991 888 ἄμπελος
2012 839 2113 893 φύει,
2137 840 2194 880 τὸν
2217 841 2282 891 μὲν
2304 843 2444 894 πρῶτον

1465 898 1612 945 ἡδονῆς,
1633 896 1691 934 τὸν
1710 896 1870 947 δεύτερον
1886 896 2013 947 μέθης,
2028 898 2088 937 τὸν
2109 898 2147 937 δὲ
2169 899 2285 951 τρίτον
2300 900 2443 955 ὅὸρεως.

1528 963 1747 1014 (Antonius
1788 963 1946 1002 Melissa
1986 977 2020 1004 c.
2082 965 2155 1012 48,

1466 1022 1660 1061 Maximus
1681 1036 1765 1074 cap.
1789 1022 1838 1060 30
1860 1021 2092 1070 Ἐπικτήτου.
2110 1022 2121 1074 )

1390 1096 1453 1122 149.
1470 1082 1590 1134 Ἰσχὺς
1608 1083 1669 1120 καὶ
1683 1088 1798 1134 τεῖχος
1812 1081 1872 1120 καὶ
1892 1082 1999 1121 ὅπλον
2021 1085 2127 1135 σοφοῦ
2148 1085 2170 1129 ἡ
2185 1082 2361 1136 φρόνησις.

1523 1141 1712 1192 (Stobaeus
1735 1141 1839 1179 Flor.
1863 1141 1938 1189 Ill,
1957 1147 2006 1187 αἱ.
2038 1141 2281 1195 Πυθαγόρου.)

1389 1215 1456 1242 150.
1476 1198 1584 1245 Κενὸς
1605 1202 1736 1240 ἐκείνου
1757 1201 1949 1255 φιλοσόφου
1970 1202 2071 1254 λόγος
2099 1202 2155 1254 ὕφ’
2183 1198 2223 1246 οὗ
2249 1201 2359 1253 μηδὲν
2378 1204 2443 1242 ἀν-

1468 1260 1607 1313 θρώπου
1628 1261 1739 1306 πάθος
1761 1260 2007 1313 θεραπεύεται.
2027 1259 2176 1315 “Ωσπερ
2198 1261 2266 1314 γὰρ
2284 1263 2445 1315 ἰατρικῆς

1467 1321 1530 1358 οὒκ
1562 1319 1684 1371 ὄφελος
1708 1318 1758 1370 μὴ
1781 1318 1845 1364 τὰς
1874 1319 1993 1363 νόσους
2013 1319 2255 1372 ἐκβαλλούσης
2283 1321 2354 1360 ἀπὸ
2375 1323 2444 1359 τῶν

1469 1378 1664 1430 σωμάτων·
1695 1378 1806 1423 οὕτως
1842 1378 1921 1417 οὐδὲ
1942 1379 2169 1432 φιλοσοφίας,
2193 1381 2222 1418 εἷ
2249 1379 2299 1432 μὴ
2319 1379 2360 1419 τὸ
2379 1382 2443 1427 τῆς

1421 1485 1428 1491 -
1468 1441 1585 1492 ψυχῆς
1600 1437 1708 1477 κακὸν
1730 1438 1913 1479 ἐκὸάλλοι.

1524 1497 1712 1549 (Stobaeus
1736 1497 1841 1535 Flor.
1866 1497 2069 1549 LXXXII,
2091 1500 2114 1537 6
2137 1499 2367 1553 Πυθαγόρου;
2389 1499 2440 1540 cf.

1468 1556 1667 1608 Porphyr.
1689 1557 1737 1594 ad
1755 1557 1928 1595 Marcell.
1949 1571 1982 1597 c.
2005 1558 2095 1608 3¹.)

1391 1629 1458 1655 151.
1475 1615 1610 1669 Ξίφους
1639 1615 1761 1667 πληγὴ
1795 1615 1991 1668 κουφοτέρα
2011 1616 2194 1667 γλώσσης·
2212 1615 2252 1655 τὸ
2278 1616 2342 1668 μὲν
2375 1617 2443 1670 γὰρ

1469 1677 1595 1726 σῶμα,
1616 1677 1638 1721 ἡ
1663 1675 1699 1713 δὲ
1720 1674 1784 1721 τὴν
1803 1675 1922 1728 ψυχὴν
1942 1675 2144 1729 τιτρώσκει.

1524 1734 1711 1786 (Maxim.
1730 1748 1815 1786 cap.
1839 1733 1924 1787 41.)

1391 1808 1452 1834 152.
1468 1790 1622 1844 εὈμοιον
1654 1793 1813 1847 ἀψινθίου
1835 1793 1875 1833 τὸ
1896 1793 2001 1847 δριμὺ
2029 1794 2091 1833 καὶ
2115 1794 2220 1847 λόγου
2242 1793 2442 1848 παῤῥησίαν

1467 1851 1629 1905 ἐκκόψαι.

1524 1911 1717 1965 (Stobaeus
1734 1912 1842 1953 Flor.
1865 1912 1980 1961 XIII,
2005 1926 2054 1952 22
2073 1914 2112 1952 ἐκ
2144 1914 2213 1951 τῶν
2240 1912 2444 1966 Ἀρίστωνος

1467 1971 1717 2023 ὃμοιωμάτων.
1730 1972 1742 2024 )

1390 2046 1456 2071 153.
1471 2028 1620 2083 “Ωσπερ
1647 2030 1849 2081 σωματικὸν
1871 2032 1981 2076 πάθος
2015 2031 2055 2070 οὗ
2081 2030 2346 2085 κρυπτόμενον,
2365 2031 2443 2072 οὐδὲ

1464 2089 1713 2140 ἐπαινούμενον
1743 2090 1945 2142 ὑγιάζεται,
1969 2088 2078 2134 οὕτως
2110 2090 2186 2129 οὐδὲ
2209 2094 2231 2139 ἡ
2260 2091 2357 2144 ψυχὴ
2377 2106 2444 2130 κα·

1469 2151 1539 2192 κῶς
1595 2149 1835 2202 φρουρουμένη
1854 2171 1858 2177 -
1893 2148 1953 2187 καὶ
1989 2149 2292 2202 συναγορευομένη
2341 2153 2444 2202 θερα-

1521 2206 1530 2220 Ι

1465 2223 1625 2248 πευεται.

1526 2265 1715 2316 (Stobaeus
1734 2266 1834 2305 Flor.
1859 2266 1970 2315 XIII,
1995 2266 2058 2306 35.
2081 2267 2092 2317 )

2216 966 2444 1020 Πυθαγόρου,

1387 2377 1568 2410 admodum
1586 2378 1672 2410 enim
1694 2378 1735 2410 ad
1754 2378 1842 2410 hunc
1858 2378 1911 2410 alii
1926 2377 2058 2420 quidem
2081 2378 2233 2410 certaturi
2248 2402 2258 2419 ‚
2272 2378 2326 2411 alii
2342 2387 2441 2420 nego-

1384 2439 1516 2478 tiatori,
1530 2439 1583 2471 alii
1600 2447 1677 2471 vero
1692 2438 1778 2480 iique
1798 2438 1933 2481 optimi,
1954 2441 2116 2479 spectores
2141 2437 2244 2471 futuri
2267 2438 2403 2471 veniunt
2433 2448 2442 2470 :

1385 2499 1432 2530 sic
1450 2498 1549 2531 etiarn
1565 2498 1598 2530 in
1615 2498 1677 2530 bac
1690 2498 1757 2530 vita
1780 2498 1928 2531 nonnulli
1946 2497 2095 2539 quidem,
2116 2500 2154 2530 ut
2169 2497 2319 2530 1101111005
2335 2497 2442 2530 servl-

1385 2557 1447 2597 les,
1466 2558 1658 2598 nascuntur,
1680 2557 1792 2598 gloriae
1808 2558 1840 2590 et
1853 2556 1936 2589 lucri
1959 2565 2123 2598 aucupes,
2140 2555 2195 2589 alii
2210 2565 2288 2590 vero
2299 2581 2309 2598 ,
2321 2558 2358 2590 ut
2373 2556 2442 2599 phi·

1385 2617 1511 2658 losophi
1523 2641 1535 2657 ,
1556 2616 1702 2650 veritatis
1714 2616 1866 2649 studiosi.

1430 2679 1499 2711 148.
1522 2677 1607 2710 Vitis
1628 2679 1697 2710 tres
1717 2677 1872 2718 producit
1899 2685 1998 2716 uvas,
2018 2676 2156 2717 primam
2176 2676 2375 2718 voluptatis,
2399 2675 2443 2708 al-

1383 2739 1486 2770 teram
1502 2736 1686 2777 ebrietatis,
1701 2736 1831 2769 tertiam
1849 2736 2071 2768 contumeliae.

1429 2799 1500 2830 149,
1522 2796 1660 2830 Roboris
1681 2798 1714 2829 et
1735 2797 1820 2829 muri
1836 2798 1869 2829 et
1888 2805 2053 2829 armorum
2072 2796 2177 2828 instar
2197 2794 2334 2837 sapienti
2359 2803 2436 2836 pru·

1382 2856 1491 2889 dentia
1514 2857 1574 2889 est.

1428 2916 1501 2947 150.
1525 2915 1619 2946 vana
1642 2915 1691 2947 est
1708 2912 1794 2946 illius
1815 2912 1997 2954 philosophi
2014 2912 2137 2954 oratio,
2153 2920 2216 2952 qua
2232 2911 2320 2943 nulla
2342 2910 2439 2943 animi

1383 2971 1517 3005 humani
1536 2972 1695 3014 cupiditas
1714 2972 1858 3004 sedatur.
1881 2974 1923 3004 Ut
1941 2971 2026 3004 enim
2056 2970 2166 3002 nullus
2194 2970 2244 3002 aet
2271 2969 2440 3001 medicina‘

1384 3039 1480 3073 usus,
1497 3032 1558 3065 nisi
1574 3033 1685 3065 curato
1699 3039 1833 3073 corpore
1850 3030 2003 3063 morbum
2022 3029 2177 3071 depellat,
2191 3028 2238 3061 ita
2253 3028 2440 3069 110110ορ111-

1384 3091 1541 3133 losophiae
1553 3116 1562 3132 ,
1581 3092 1640 3124 11151
1656 3091 1754 3124 animi
1774 3090 1851 3122 vitia
1870 3090 1977 3123 tollat.

1428 3153 1499 3184 151.
1521 3151 1617 3191 Plaga
1648 3149 1744 3191 gladii
1767 3150 1870 3182 levior
1889 3151 1959 3189 est,
1992 3156 2091 3190 quam
2118 3147 2256 3189 linguae;
2276 3146 2331 3180 ille
2352 3147 2438 3181 enim

1382 3218 1498 3251 corpus
1510 3233 1519 3249 ,
1537 3209 1607 3242 haec
1624 3210 1768 3241 animum
1789 3209 1950 3241 vulnerat.

1429 3272 1500 3302 152.
1523 3269 1617 3302 Idem
1638 3271 1686 3301 est
1707 3267 1862 3301 absinthii
1884 3266 2133 3299 amaritudinem
2150 3267 2183 3299 et
2198 3265 2326 3298 dicendi
2344 3264 2440 3298 liber·

1382 3331 1482 3363 tatem
1505 3330 1630 3363 tollere.

1429 3393 1500 3422 153.
1524 3390 1568 3422 Ut
1587 3388 1728 3430 corporis
1744 3387 1898 3428 morbus,
1912 3387 1938 3419 si
1956 3396 2031 3420 eum
2048 3386 2226 3419 abscondas
2240 3386 2298 3419 aut
2312 3385 2434 3425 laudes,

1382 3456 1548 3489 nunquam
1566 3448 1710 3487 sanatur,
1731 3447 1776 3480 ita
1795 3456 1855 3479 nec
1869 3447 2047 3488 perturbati
2068 3447 2164 3479 animi
2186 3448 2293 3479 motus
2316 3445 2432 3488 quibus

1385 3506 1468 3539 male
1486 3507 1694 3548 patrocinaris
1716 3509 1748 3540 et
1767 3506 1855 3539 faves
1876 3508 2020 3547 unqu'am
2035 3506 2236 3539 cohibentur.
