2612 3814
277 268 352 301 290

277 349 455 404 βέλτιστον
475 349 602 401 λέγων.
659 350 713 389 Οὐ
732 350 825 388 δοκεῖ
841 347 877 388 δὲ
893 352 994 388 τοῦτο
1012 348 1104 388 κατὰ
1120 349 1178 388 τὸν
1208 348 1325 400 νόμον,

277 408 368 448 ἀλλὰ
387 408 501 448 πολλὰ
520 408 695 463 κρείττους
715 402 804 448 εἶναι
835 409 998 456 ἀλλήλων
1023 409 1055 449 οἱ
1076 409 1158 447 θεοί·
1179 410 1240 447 οὐκ
1266 402 1323 446 οὖν

222 482 258 508 80
276 469 314 508 ἐκ
330 474 391 509 τοῦ
410 470 588 513 δοκοῦντος
602 468 721 523 εἴληφε
741 469 871 516 ταύτην
889 468 980 509 κατὰ
996 472 1055 507 τοῦ
1073 471 1149 507 θεοῦ
1164 467 1227 515 τὴν
1244 471 1325 517 ὁμο·

275 527 411 579 λογίαν.
468 529 522 568 Τὸ
542 528 576 567 δὲ
607 529 793 582 κράτιστον
823 522 910 567 εἶναι
940 529 998 568 τὸν
1032 528 1106 567 θεὸν
1126 529 1192 580 οὐχ
1218 526 1326 569 οὕτως

276 586 537 638 ὓπολαμῧοίνων
553 587 644 639 λέγει
659 603 722 636 τις,
741 589 787 632 ὡς
807 587 891 640 πρὸς
905 588 991 626 ἄλλο
1008 602 1041 625 τι
1057 585 1202 634 τοιαύτη
1223 588 1244 633 ἡ
1264 588 1325 623 τοῦ

276 650 353 686 θεοῦ
378 646 490 700 φύσις,
511 646 601 685 ἀλλὰ
621 647 704 700 πρὸς
721 647 784 693 τὴν
801 648 905 685 αὐτοῦ
938 646 1106 696 διάθεσιν,
1129 645 1203 684 ἐπεὶ
1228 643 1269 683 τό
1287 659 1326 695 γε

318 779 367 807 28.
389 774 425 806 οὗ
444 775 529 807 δοκεῖ
541 774 572 806 δὲ
588 777 679 806 τοῦτο
699 773 781 805 κατὰ
793 773 846 804 τὸν
866 771 960 812 νόμον
972 796 980 811 ,
996 771 1074 803 ἀλλὰ
1097 771 1198 802 πολλὰ
1222 769 1323 812 κρείτ·

273 831 345 858 τους
364 822 443 854 εἶναι
462 821 602 857 ἀλλήλων
618 822 646 852 οἱ
668 821 742 852 θεοί.
764 818 950 853 Karstenius
969 818 1009 849 de
1038 817 1187 858 Xenopli.
1209 826 1240 858 p.
1266 819 1324 850 116

277 869 359 901 iuter
378 868 456 900 ἀλλὰ
476 870 508 900 et
530 868 630 900 πολλὰ
650 868 746 900 inseri
769 867 836 899 vult
871 866 964 898 κατὰ.
991 865 1124 898 Fallitur
1146 865 1325 898 Felicianus

276 915 356 946 lianc
381 915 634 946 enuntiationem
658 915 701 946 ita
720 914 932 955 interpretans
950 923 956 941 :
981 925 996 940 οι
1012 912 1046 944 ld
1068 913 1177 945 autem
1194 921 1233 945 ex
1256 911 1325 952 lege

275 963 405 995 minime
431 963 567 1003 videtur,
590 961 645 994 sed
665 962 696 993 in
727 961 836 994 multis
861 961 1098 1002 praestantiores
1122 968 1190 992 sese
1209 960 1324 992 mutuo

275 1020 344 1043 esse
357 1011 399 1042 dii
414 1010 578 1042 dicuntur.
599 1023 614 1038 ι)
631 1011 710 1042 Nam
723 1010 804 1042 κατὰ
816 1008 912 1050 νόμον
927 1008 980 1041 liic
994 1017 1057 1040 non
1075 1007 1160 1040 valet
1175 1015 1221 1041 ex
1240 1007 1323 1048 leqe,

274 1058 328 1090 sed
346 1066 390 1090 ex
409 1058 548 1098 vulqari
564 1058 738 1097 opinione,
759 1058 800 1090 cs.
821 1056 995 1088 Democrit.
1021 1055 1167 1096 tragmm.
1194 1064 1227 1096 p.
1249 1057 1322 1095 204,

274 1107 352 1144 ¹208,
368 1104 484 1136 deinde
500 1104 539 1135 ad
558 1105 619 1136 θεοὶ
642 1103 901 1138 subaudiendum
919 1105 1066 1142 δοκοῦσι,
1086 1103 1172 1145 quod
1195 1103 1323 1135 Karste-

273 1151 344 1183 iiius
360 1151 426 1193 jam
448 1152 642 1184 observavit.

314 1201 353 1231 29
382 1199 442 1231 οὐκ
458 1198 512 1231 οὖν
530 1198 566 1231 ἐκ
580 1201 634 1231 τοῦ
654 1198 816 1236 δοκοῦντος
840 1199 942 1240 εἴληφε
956 1198 1069 1236 ταύτην
1085 1197 1165 1230 κατὰ
1181 1200 1235 1230 τοῦ
1253 1198 1323 1229 θεοῦ

271 1246 327 1285 τὴν
340 1245 518 1287 ὁμολογίαν.
535 1248 582 1278 lta
606 1245 768 1278 Belikerus
786 1254 860 1278 cum
882 1246 1044 1287 plerisque
1067 1245 1176 1285 codd.;
1193 1245 1324 1277 Karste-

271 1293 346 1325 nius
373 1301 405 1334 p.
425 1296 482 1326 116
501 1293 583 1325 male
598 1293 712 1330 ταύτην
737 1292 819 1325 κατὰ
842 1296 897 1325 τοῦ
918 1294 987 1325 θεοῦ
1012 1292 1192 1333 ὁμολογίαν.
1218 1293 1259 1324 At
1289 1291 1321 1324 in

271 1338 427 1380 Lipsiensi
449 1338 604 1379 reperitur
620 1339 735 1377 ταύτην
750 1342 805 1371 τοῦ
819 1340 889 1371 θεοῦ
902 1340 958 1377 τὴν
969 1339 1155 1381 ὁμολογίαν,
1173 1337 1259 1379 quod
1278 1346 1323 1370 re·

271 1384 481 1425 pudiandum
505 1387 615 1427 Neque
639 1385 725 1417 enim
742 1385 852 1419 abesse
874 1386 978 1427 potest
999 1386 1183 1428 praepositio
1206 1395 1245 1427 eo
1267 1386 1323 1428 qui

271 1432 321 1464 liic
354 1433 531 1473 requiritur
549 1429 654 1465 'sensu
671 1456 680 1473 ,
705 1442 801 1474 quem
824 1433 856 1465 in
883 1434 970 1466 bunc
1008 1433 1141 1466 niodum
1172 1433 1323 1475 exprimit

270 1479 446 1512 Felicianus
467 1488 474 1507 :
498 1492 514 1507 «ι
536 1489 599 1512 non
624 1480 721 1521 igitur
755 1489 795 1513 ex
823 1489 861 1513 eo
889 1481 975 1521 quod
1013 1481 1140 1514 videtur
1174 1481 1256 1514 banc
1282 1482 1323 1514 de

269 1526 330 1559 deo
347 1527 585 1560 consensionem
603 1527 730 1560 sumsit.
749 1539 766 1556 ω
786 1528 878 1560 ΜιιΙῑί
896 1537 935 1560 au
943 1531 1006 1560 tem
1029 1529 1113 1570 apud
1135 1529 1300 1562 Platonem
1313 1553 1321 1568 ,

271 1574 475 1607 Aristotelem
507 1575 651 1617 aliosque
680 1575 854 1617 scriptores
882 1575 943 1607 loci
965 1575 1175 1608 offenduntur
1204 1576 1323 1618 quibus

271 1622 340 1654 liaec
362 1622 476 1654 vocula
497 1622 639 1662 genitivo
658 1623 771 1662 juncta
794 1622 879 1654 idem
894 1623 986 1654 sonat
1001 1623 1086 1664 quod
1104 1623 1173 1665 περὶ
1196 1631 1322 1664 praepo-

268 1669 340 1702 irtio
356 1669 395 1701 ad
417 1668 554 1710 patrium
572 1677 682 1700 casum
703 1668 813 1700 relata.
834 1669 916 1701 Plat.
934 1669 1070 1701 Conviv.
1086 1679 1117 1710 p.
1138 1671 1194 1702 193
1209 1670 1233 1702 c
1257 1670 1323 1711 εμὴ

269 1716 369 1748 τοίνυν
391 1716 460 1748 κατ’
474 1716 646 1759 ἀνθρώπων
666 1715 778 1748 σκόπει
807 1716 901 1758 μόνον
918 1720 1029 1757 τοῦτο,
1061 1717 1140 1749 ἀλλὰ
1166 1717 1220 1748 καὶ
1240 1717 1323 1749 κατὰ

268 1764 354 1801 ζώων
373 1764 496 1796 πάντων
517 1765 570 1796 καὶ
593 1766 708 1806 φυτῶν.
723 1764 853 1797 Aristot.
869 1764 909 1796 de
925 1764 1040 1796 Anima
1061 1764 1117 1796 lib.
1139 1765 1156 1796 I
1176 1772 1250 1806 cap.
1277 1768 1290 1798 1
1314 1773 1322 1793 ι

267 1811 338 1852 τάχ’
353 1811 390 1843 ἄν
406 1822 451 1852 τῳ
464 1811 559 1847 δόξειε
579 1811 635 1852 μ’ία
647 1821 692 1846 τις
708 1810 788 1842 εἶναι
802 1810 930 1852 μέθοδος
943 1811 1025 1843 κατὰ
1045 1811 1183 1844 πάντων.

309 1860 361 1890 31.
376 1857 421 1890 Τό
434 1869 468 1890 τε
484 1859 647 1900 κράτιστον
664 1858 743 1890 εἶναι
756 1858 809 1890 τὸν
826 1859 893 1890 θεὸν
910 1859 969 1900 οὐχ
981 1859 1080 1896 οὕτως
1093 1858 1322 1900 ὑπολαμὸάνων

268 1905 388 1944 λέγεται
410 1906 451 1942 ὡς
465 1906 540 1947 πρὸς
558 1905 634 1937 ἄλλο
646 1915 675 1936 τι
687 1905 815 1943 τοιαύτη
835 1907 856 1943 ἡ
873 1908 929 1937 τοῦ
943 1906 1014 1937 θεοῦ
1027 1905 1115 1947 φύσις
1128 1930 1136 1944 ,
1151 1906 1228 1938 ἀλλὰ
1246 1906 1323 1947 πρὸς

267 1953 323 1990 τὴν
339 1952 437 1984 αὐτοῦ
458 1952 613 1993 διάθεσιν,
627 1952 693 1984 ἐπεί
709 1952 757 1984 τοί
775 1963 811 1993 γε
825 1953 899 1994 πρὸς
925 1953 1028 1996 ἕτερον
1042 1953 1130 1985 οὐδὲν
1148 1954 1185 1985 ἂν
1204 1954 1323 1986 κωλύοι

269 1999 312 2039 μή
324 2002 362 2041 τῇ
376 2000 472 2032 αὑτοῦ
485 1999 636 2041 ἐπιεικείᾳ
652 2000 705 2032 καὶ
719 2000 808 2042 ῥώμῃ
825 2001 984 2042 ὑπερέχειν
994 2025 1003 2040 ,
1016 2000 1095 2032 ἀλλὰ
1110 2000 1161 2033 διὰ
1180 2001 1236 2040 τὴν
1258 2005 1322 2033 τῶν

268 2047 370 2080 ἄλλων
383 2048 544 2080 ἀσθένειαν
559 2056 565 2063 ·
583 2048 663 2080 θέλοι
677 2047 705 2079 δ’
717 2048 755 2079 ἂν
771 2047 870 2084 οὐδεὶς
888 2048 970 2079 οὕτω
982 2048 1033 2080 τὸν
1051 2048 1119 2080 θεὸν
1135 2047 1227 2089 φάναι
1244 2048 1322 2090 κρά·

267 2105 371 2126 τιστον
388 2094 465 2126 εἶναι
477 2115 485 2129 .
499 2093 566 2126 ἀλλ’
579 2094 626 2126 ὅτι
645 2095 737 2130 αὐτὸς
751 2095 815 2136 ἔχει
835 2097 877 2132 ὡς
891 2094 956 2127 οἶόν
971 2107 1005 2127 τε
1023 2095 1150 2137 ἄριστα,
1167 2096 1220 2127 καὶ
1235 2096 1322 2128 οὐδὲν

268 2142 400 2174 ἐκλείπει
416 2142 469 2174 καὶ
483 2141 517 2174 εὖ
538 2143 591 2174 καὶ
605 2144 707 2180 καλῶς
725 2144 807 2185 ἔχειν
823 2144 910 2185 αὐτῷ
921 2152 930 2159 ·
952 2143 1020 2186 ἅμα
1034 2143 1095 2186 γὰρ
1118 2144 1198 2180 ἴσως
1218 2143 1320 2186 ἔχοντι

267 2190 392 2222 κάκεῖνο
408 2190 446 2222 ἂν
457 2189 609 2230 συμὸαίη.
625 2190 687 2222 Hic
703 2190 855 2223 nonnulla
870 2190 1035 2224 Bekkerus
1049 2200 1067 2224 e
1079 2191 1152 2224 cod.
1165 2191 1321 2232 Lipsiensi

268 2237 472 2277 emendavit,
489 2237 551 2269 alia
568 2245 647 2270 vero
666 2246 740 2279 quae
762 2237 926 2280 probanda
948 2247 1014 2271 non
1033 2239 1110 2271 suut
1130 2238 1267 2280 recepit,
1284 2242 1322 2271 ut

268 2283 335 2316 ἐπεί
350 2283 398 2316 τοί
413 2295 450 2325 γε
464 2309 474 2326 ,
495 2284 590 2325 quus
602 2284 674 2317 loco
687 2285 764 2318 olim
789 2285 856 2318 ἐπεὶ
872 2289 927 2318 τοῦ
945 2284 1014 2327 ’γὰρ
1035 2287 1086 2319 vel
1105 2286 1172 2319 ἐπεὶ
1187 2286 1247 2328 γὰρ
1265 2289 1320 2319 τοῦ

269 2331 478 2365 scribebatur.
502 2331 684 2365 Felicianus
701 2333 800 2366 vertit
821 2341 829 2362 :
851 2346 868 2362 ιι
887 2334 1018 2366 Accedit
1036 2334 1122 2375 quod
1140 2333 1237 2366 deum
1252 2342 1321 2367 esse

270 2379 568 2419 praestantissimum
585 2388 650 2412 non
667 2389 705 2413 eo
719 2389 815 2413 sensu
835 2380 967 2422 dicitur,
981 2382 1018 2413 ut
1036 2390 1109 2422 erga
1125 2381 1211 2413 aliud
1229 2381 1320 2423 quip-

269 2426 354 2466 piam
366 2426 548 2467 hujusmodl
571 2428 612 2459 sit
628 2427 678 2460 dei
699 2429 831 2468 natura,
843 2428 899 2461 sed
918 2430 1075 2470 quantum
1094 2430 1320 2462 tantummodo

269 2472 308 2504 ad
333 2481 425 2505 suam
445 2473 546 2514 ipsius
567 2474 770 2507 affectionem
796 2476 912 2509 attinet
938 2488 947 2509 ε
976 2485 1051 2508 nam
1071 2475 1097 2508 si
1120 2476 1159 2508 ad
1181 2476 1319 2509 alterum

268 2521 469 2560 spectemus,
488 2520 566 2561 quid
587 2521 771 2562 prohibeat,
789 2523 885 2555 deum
908 2532 973 2556 non
998 2532 1056 2555 sua
1082 2525 1183 2565 ipsius
1215 2526 1318 2567 aequi-

268 2567 335 2598 tate
354 2570 387 2598 et
403 2566 608 2607 fortitudines,
623 2569 677 2601 sed
697 2578 737 2602 ex
755 2571 891 2603 aliorum
908 2571 1126 2604 imbecillitate
1141 2573 1319 2606 excellere?

270 2615 312 2645 At
334 2612 430 2645 deum
457 2615 501 2645 ita
529 2623 597 2647 esse
629 2618 928 2656 praestantissimum
950 2619 1098 2660 intelligit
1121 2628 1237 2661 nemo,
1262 2621 1317 2654 sed

274 2659 349 2700 quia
363 2659 430 2702 ipse
445 2668 544 2701 quam
563 2662 683 2703 optime
709 2664 776 2696 tieri
793 2667 897 2706 potest
907 2690 924 2707 „
934 2665 1070 2699 arrectus
1092 2669 1140 2700 est
1150 2691 1160 2707 ‚
1173 2667 1318 2710 nihilque

270 2706 299 2738 ei
315 2707 487 2748 quominus
506 2707 586 2741 bene
600 2712 632 2740 et
647 2711 733 2743 recte
746 2719 815 2744 sese
831 2711 947 2745 babeat
961 2712 1051 2745 deest
1060 2737 1072 2755 ‚
1085 2714 1204 2756 quippe
1216 2723 1317 2757 quum

270 2754 315 2786 ita
336 2761 404 2786 sese
423 2754 553 2787 babenti
579 2755 675 2788 simul
697 2757 777 2789 illud
797 2759 893 2791 etiam
913 2760 1043 2793 eveniat
1071 2768 1202 2794 necesse
1226 2763 1279 2795 sit.
1300 2776 1316 2792 ,ι

270 2802 317 2832 Ex
334 2809 399 2843 qua
421 2801 683 2843 interpretatione
698 2805 775 2846 quid
793 2806 863 2847 ipse
881 2807 913 2839 in
927 2816 986 2839 suo
999 2809 1173 2850 exemplari
1189 2809 1317 2843 invene·

269 2849 310 2879 rit
321 2872 330 2888 ‚
351 2848 522 2881 manifesto
542 2852 685 2891 apparet.
707 2852 859 2894 Bergkius
875 2854 990 2896 corrigi
1017 2856 1088 2888 vult
1102 2856 1139 2888 τὸ
1153 2857 1195 2890 δὲ
1210 2858 1316 2899 κράτι-

269 2907 343 2928 στον
355 2896 434 2929 εἶναι
448 2897 502 2929 τὸν
514 2897 583 2930 θεὸν
596 2898 655 2940 οὐχ
677 2899 775 2937 οὕτως
791 2902 1030 2944 ὑπολαμὸάν
1041 2915 1093 2935 ων
1117 2905 1232 2946 λέγει
1245 2929 1254 2946 ,
1275 2908 1318 2943 ὡς

246 2975 250 2979 ,
271 2944 343 2986 πρὸς
361 2945 436 2976 ἄλλο
449 2955 479 2976 τι
491 2944 620 2983 τοιαῦτ-ἠ
633 2947 654 2984 ἡ
672 2949 727 2978 τοῦ
741 2947 813 2979 θεοῦ
835 2949 926 2991 φύσις
938 2974 947 2990 ,
964 2950 1042 2982 ἀλλὰ
1055 2951 1131 2994 πρὸς
1146 2953 1202 2992 τὴν
1219 2954 1317 2986 αὐτοῦ

269 2992 422 3024 διάθεσιν·
439 2992 506 3024 ἐπεὶ
523 3003 542 3024 τ
551 2991 569 3024 ὀ
581 3003 617 3033 γε
629 2993 704 3035 πρὸς
717 2994 817 3036 ἕτερον
830 2996 917 3029 οὐδὲν
930 2998 967 3028 ἂν
981 2998 1098 3030 κωλύοι
1109 2999 1152 3039 μὴ
1167 3002 1204 3041 τῇ
1222 3001 1318 3033 αὐτοῦ

269 3037 419 3080 ἐπιεικείᾳ
435 3039 490 3070 καὶ
506 3039 596 3082 ῥώμῃ
608 3040 769 3083 ὑπερέχειν
780 3066 791 3082 ,
806 3041 885 3074 ἀλλὰ
896 3043 947 3076 διὰ
967 3044 1023 3082 τὴν
1040 3047 1100 3076 τῶν
1114 3046 1214 3078 ἄλλων
1227 3045 1317 3079 ἀσθέ·

269 3095 352 3117 νειαν
363 3109 373 3124 ,
386 3086 466 3118 θέλοι
479 3086 506 3119 δ’
519 3087 556 3119 ἂν
574 3087 671 3125 οὐδεὶς
685 3088 767 3121 οὕτω
782 3090 835 3121 τὸν
854 3090 921 3122 θεὸν
935 3090 1028 3133 φάναι
1041 3092 1205 3133 κράτιστον
1225 3094 1315 3135 εἶναι,

273 3130 336 3163 ἀλλ’
354 3131 401 3163 ὅτι
419 3132 511 3168 αὐτὸς
533 3132 598 3174 ἔχει
620 3136 663 3171 ὡς
687 3134 752 3167 οῑὸν
770 3147 803 3168 τε
818 3136 929 3177 ἄριστα
946 3139 999 3169 καὶ
1023 3138 1111 3170 οὐδὲν
1132 3138 1317 3173 ἐλλείπει

269 3179 323 3210 καὶ
336 3177 369 3211 εὗ
388 3180 442 3211 καὶ
460 3180 562 3218 καλῶς
575 3181 657 3223 ἔχειν
672 3183 719 3215 αὖ
729 3195 746 3215 τ
755 3183 797 3216 όν
810 3192 818 3201 ·
842 3184 945 3216 ἀλλὰ
962 3185 1010 3226 γὰ
1020 3196 1036 3228 ρ
1048 3185 1126 3223 ίσως
1145 3186 1247 3228 ἔχοντι
1259 3187 1317 3219 κά·

270 3228 354 3257 κεῖνο
372 3225 412 3257 ἂν
434 3236 480 3258 συ
491 3227 671 3267 μὸαίνοι.
690 3229 783 3268 Quod
810 3230 900 3263 initio
920 3232 1047 3272 scripsit
1067 3232 1121 3272 δὲ,
1144 3233 1314 3273 elegantio-

271 3279 339 3302 rem
369 3271 470 3304 et’ticit
495 3274 694 3316 orationem,
722 3276 780 3308 etsi
814 3287 849 3309 τι
879 3277 1013 3310 sortasse
1041 3279 1244 3312 tolerandum
1284 3281 1317 3313 in

270 3318 426 3359 scriptore
456 3319 512 3361 qui
546 3320 644 3354 incise
671 3322 940 3366 membratimque
969 3325 1106 3367 loquens
1136 3335 1318 3368 praegressae

270 3365 437 3410 sententia}
454 3365 591 3399 similem
609 3369 771 3409 annectit,
795 3371 831 3403 ut
854 3380 920 3403 non
948 3372 1032 3404 male
1049 3373 1223 3406 Felicianus
1237 3374 1318 3408 hanc

247 3426 256 3433 -
271 3412 491 3446 transitionem
511 3415 619 3447 verbis
645 3416 779 3450 accedit
795 3418 888 3460 quod
905 3419 1086 3452 reddiderit.
1104 3421 1226 3454 Deinde
1240 3430 1316 3456 vero

269 3460 497 3501 ὑπολαμβάνων
507 3462 588 3503 λέγει
607 3471 671 3495 non
687 3465 839 3497 convenit
861 3465 935 3498 huic
957 3467 1049 3508 loco,
1065 3468 1142 3509 quia
1163 3469 1317 3502 Aristote-

268 3505 315 3538 les
327 3506 393 3547 jam
412 3516 475 3541 non
491 3509 695 3552 Xenophanis
709 3511 868 3552 judicium
892 3516 1143 3552 commemorat,
1162 3515 1217 3549 sed
1237 3517 1314 3558 quid

1100 260 1432 318 ARISTOTELIS
1467 260 1616 300 LIBER

1386 348 1471 401 πρὸς
1501 348 1618 400 ἕτερον
1647 347 1745 386 οὔδὶν
1766 346 1808 386 ἂν
1828 347 1959 388 κωλύοι
1981 348 2031 400 μή
2051 351 2095 401 τῇ
2128 349 2239 388 αὐτοῦ
2271 349 2443 406 ἐπιεικείᾳ

1386 408 1445 446 καὶ
1464 406 1566 460 ῥώμῃ
1578 406 1774 459 ὑπερέχειν,
1787 408 1880 446 ἀλλὰ
1892 407 1950 447 διὰ
1961 407 2025 457 τὴν
2035 410 2105 447 τῶν
2120 407 2237 447 ἄλλων
2247 408 2441 450 ἀσθένειαν.
2453 425 2490 455 u

1386 465 1494 506 Θέλοι
1512 467 1541 504 δ’
1564 466 1605 504 ἂν
1621 466 1732 510 οὐδεὶς
1747 464 1837 505 οὕτω
1850 465 1910 505 τὸν
1927 467 2002 506 θεὸν
2017 467 2124 521 φάναι
2141 468 2327 522 κράτιστον
2341 462 2444 522 εἶναι,

1386 524 1463 563 ἀλλ’
1486 523 1540 563 ὅτι
1569 524 1671 569 αὐτὸς
1699 523 1773 577 ἔχει
1793 526 1839 570 ὥς
1858 519 1928 565 οἶόν
1952 541 1991 566 τε
2011 526 2159 577 ἄριστα)
2179 526 2239 566 καὶ
2261 526 2359 568 οὐδὲν
2377 529 2445 568 ἕλ-

1385 582 1498 622 λείπει
1513 582 1572 622 καὶ
1593 576 1631 621 εὖ
1653 582 1714 621 καὶ
1737 585 1854 629 καλῶς
1872 583 1965 637 ἔχειν
1992 586 2106 639 αὐτῷ·
2127 585 2205 637 ἅμα
2222 585 2291 640 γὰρ
2324 588 2446 632 καλῶς

1386 641 1502 695 ἔχοντι
1519 644 1659 682 κάκεῖνο
1677 641 1719 680 ἂν
1740 642 1940 694 συμὸαίνοι.
1995 644 2103 684 Οὕτω
2122 644 2157 684 δὲ
2173 646 2368 686 διακεῖσθαι
2381 646 2443 686 καὶ

1386 770 1482 809 vulgo
1501 770 1647 802 homines
1665 769 1724 802 bac
1739 770 1778 802 de
1805 780 1839 803 re
1855 772 1996 804 sentiant
2014 776 2046 804 et
2071 772 2148 815 quid
2176 773 2244 815 ipse
2257 773 2383 815 ⁸iudicet
2403 775 2444 808 st·

1385 818 1540 859 gnificare
1566 818 1650 851 vult.
1672 819 1876 859 Quapropter
1895 819 2085 852 Karstenius
2105 820 2287 862 conjecerat
2300 822 2441 864 ὗπολαμ·

1385 865 1511 898 ὅάνεται
1525 876 1535 905 ;
1551 865 1653 907 possis
1668 865 1763 897 etiam
1781 866 2011 908 ὑπολαμβάνων
2027 868 2109 908 λέγει
2130 879 2176 905 τις
2195 869 2360 910 suspicari.
2377 869 2443 903 sed

1384 913 1465 946 bene
1482 912 1633 954 Bergkius
1649 913 1686 945 τό
1702 924 1739 954 γε
1760 913 1833 955 πρὸς
1852 914 1953 956 ἕτερον
1970 914 2075 955 posuit
2086 939 2099 962 ,Ι
2117 915 2171 948 irbi
2189 924 2207 948 e
2222 917 2442 957 superioribus

1385 959 1593 1002 repetendum
1609 959 1756 998 τοιαύτην
1778 964 1833 992 τοῦ
1849 961 1920 993 θεοῦ
1945 961 2024 994 εἶναι
2040 962 2142 1003 φύσιν.
2170 962 2361 997 Kal-atenim
2381 963 2442 1006 lq!

1381 1006 1521 1047 iusserat
1538 1019 1546 1039 ι
1562 1007 1589 1039 εἰ
1607 1007 1666 1050 γὰρ
1676 1011 1768 1040 τοῦτο
1783 1008 1794 1047 (
1807 1007 1873 1039 scil.
1892 1006 2031 1049 λέγοιτο)
2045 1009 2120 1050 πρὸς
2134 1009 2252 1051 ἕτερον,
2270 1009 2359 1051 quod
2375 1019 2444 1044 non

1386 1053 1501 1093 placet.
1523 1054 1685 1087 Praeterea
1713 1063 1731 1087 e
1760 1053 1832 1086 cod.
1861 1055 2015 1096 Lipsiensi
2043 1056 2175 1088 ἐλλείπει
2205 1056 2361 1097 nergkius
2383 1067 2442 1100 pro

1385 1100 1519 1133 ἐκλείπει
1537 1102 1699 1142 restituit,
1713 1110 1818 1143 neque
1836 1104 1945 1135 tamen
1968 1103 2001 1135 in
2023 1103 2234 1145 sequentibus
2249 1104 2336 1147 αὐτῷ
2352 1105 2440 1148 quod

1385 1156 1423 1179 ex
1442 1148 1573 1181 ἐλλείπει
1586 1152 1698 1190 aptum
1718 1151 1766 1182 est
1782 1149 1858 1182 satis
1877 1151 1963 1182 certa
1977 1150 2162 1191 conjectura
2176 1151 2209 1183 in
2227 1150 2324 1184 αὐτόν
2336 1154 2442 1186 muta-

1386 1196 1452 1235 vit,
1473 1205 1574 1237 quum
1606 1196 1658 1229 ille
1680 1197 1810 1229 dativus
1839 1197 1912 1230 licet
1931 1197 2027 1238 paulo
2049 1198 2202 1231 remotior
2225 1198 2268 1230 ab
2292 1207 2332 1233 eo
2353 1199 2442 1235 unde

1384 1245 1501 1286 pendet
1527 1245 1628 1278 verbo
1656 1245 1813 1278 similibus
1840 1245 1998 1286 exemplis
2023 1246 2168 1279 excusari
2194 1249 2305 1288 queat.
2343 1248 2442 1287 Quod

1384 1295 1492 1325 autem
1515 1293 1707 1326 Karstenius
1733 1294 1808 1334 post
1833 1293 1968 1326 ἐλλείπει
1987 1294 2112 1328 exarari
2134 1294 2240 1328 voluit
2254 1294 2307 1337 μὴ
2324 1294 2360 1328 εὖ
2386 1297 2441 1329 καὶ

1384 1342 1489 1378 καλῶς
1509 1350 1568 1382 pro
1582 1341 1634 1373 καὶ
1657 1340 1692 1373 εὗ
1716 1341 1770 1373 καὶ
1786 1341 1913 1381 καλῶς,
1941 1341 1972 1373 id
1994 1350 2012 1373 a
2035 1341 2193 1374 sententia
2212 1341 2376 1376 abhorret.
2399 1344 2441 1377 In

1383 1388 1536 1422 extremis
1552 1397 1616 1421 vox
1636 1388 1803 1430 συμὸαίνοι
1815 1388 1912 1420 diicta
1927 1391 1975 1421 est
1994 1397 2012 1421 e
2029 1388 2101 1421 cod.
2113 1388 2270 1431 Lipsiensi
2289 1390 2330 1422 ad
2342 1399 2440 1433 qnam

1384 1435 1578 1477 scripturam
1591 1436 1739 1477 proxime
1751 1435 1874 1468 accedit
1891 1435 1978 1476 quod
1992 1444 2010 1468 e
2028 1435 2157 1468 duobus
2170 1436 2261 1470 libris
2279 1436 2442 1472 Bekkerus

1384 1482 1527 1515 enotavit
1546 1483 1601 1524 qui
1618 1483 1772 1515 mendose
1792 1482 1955 1523 συμὸαίνει
1970 1483 2136 1516 exhibent.
2152 1482 2288 1524 Reliqua
2303 1493 2370 1517 non
2383 1494 2441 1519 ex-

1384 1529 1507 1569 pedivit
1525 1528 1699 1570 Bergkius3
1714 1538 1792 1562 nam
1822 1529 1901 1561 ἀλλὰ
1916 1529 1976 1571 γὰρ
1994 1529 2076 1566 ἴσως
2100 1529 2205 1571 ἔχοντι
2219 1529 2294 1563 terri
2315 1532 2439 1574 nequit.

1384 1579 1440 1609 Est
1457 1578 1580 1618 autem,
1597 1576 1624 1609 si
1640 1586 1779 1618 sequens
1793 1577 1997 1609 enuntiatum
2017 1576 2226 1618 adjunxeris,
2246 1577 2317 1610 lioec
2336 1578 2440 1620 pbilo-

1383 1625 1477 1665 sophi
1505 1625 1770 1666 argumentatio:
1798 1626 1903 1657 Deum
1938 1624 2197 1665 potentissimum
2221 1625 2254 1657 et
2278 1626 2441 1667 optimum

1382 1672 1445 1704 d-ici
1470 1681 1527 1713 par
1545 1673 1595 1704 est
1619 1680 1682 1704 non
1700 1671 1836 1704 aliorum
1853 1671 1964 1703 habita
1982 1671 2125 1712 ratione,
2145 1671 2202 1704 sed
2213 1671 2313 1714 ipsius
2326 1681 2385 1715 per
2405 1682 2442 1708 se

1383 1721 1526 1761 spectata
1542 1721 1669 1751 natura.
1689 1719 1814 1752 Etenim
1838 1718 1863 1751 si
1878 1719 1958 1751 alios
1973 1722 2101 1751 tantum
2125 1721 2311 1761 superaret,
2329 1722 2441 1762 posset
2486 1717 2488 1720 ’
2521 1719 2531 1731 ’

1383 1767 1514 1807 quidem
1536 1775 1600 1798 non
1619 1769 1748 1807 propter
1761 1765 1862 1808 ipsius
1879 1765 2033 1798 virtutem
2048 1768 2221 1807 praestare,
2239 1767 2294 1800 sed
2308 1767 2352 1801 ob
2365 1767 2440 1802 itto-

1383 1822 1456 1845 rum
1474 1812 1725 1845 imbecillitatem
1742 1813 1912 1846 excellere.
1941 1814 1982 1846 At
2010 1813 2072 1846 hoc
2087 1821 2106 1846 a
2126 1812 2186 1846 deo
2203 1813 2345 1848 alienum
2367 1823 2441 1849 esse

1384 1859 1488 1899 patet,
1507 1866 1604 1900 quem
1646 1858 1718 1891 ideo
1743 1858 2004 1900 potentissimum
2030 1861 2064 1891 et
2092 1858 2252 1900 optimum
2278 1859 2439 1903 dicimus,

1382 1906 1458 1947 quia
1475 1914 1542 1939 suae
1564 1910 1689 1939 naturae
1717 1907 1945 1939 convenienter
1969 1915 2067 1948 quam
2080 1906 2202 1948 optime
2215 1907 2333 1941 affecto
2347 1907 2439 1941 nulla

1383 1962 1434 1985 res
1459 1953 1499 1985 ad
1528 1953 1611 1986 bene
1630 1953 1790 1995 beateque
1820 1953 1995 1986 vivendum
2025 1953 2128 1987 deest.
2155 1955 2239 1986 Nam
2265 1954 2292 1987 si
2323 1954 2439 1988 beatus

1382 2002 1448 2040 est,
1471 2000 1629 2041 optimum
1645 2009 1776 2042 quoque
1792 2001 1825 2033 et
1838 2000 2099 2042 potentissimum
2116 2009 2185 2034 esse
2198 2001 2360 2035 convenit.
2374 2003 2441 2036 Ne-

1382 2056 1446 2087 que
1464 2055 1541 2080 vero
1557 2047 1736 2089 quidquam
1747 2047 1877 2088 obstat,
1895 2048 2082 2089 quominus,
2097 2048 2222 2082 etiamsi
2238 2049 2345 2091 plures
2359 2051 2438 2091 sint,

1383 2094 1492 2127 cuncti
1514 2103 1553 2128 eo
1571 2096 1657 2128 statu
1683 2095 1843 2136 truantur,
1873 2098 1909 2127 ut
1925 2104 2038 2128 omnes
2053 2105 2151 2137 quam
2169 2097 2292 2138 optime
2308 2098 2374 2132 sint
2390 2099 2440 2132 af·

1382 2141 1468 2183 tecti,
1488 2143 1520 2175 et
1538 2152 1640 2184 quum
1671 2142 1795 2184 reliqua
1816 2143 1925 2175 omnia
1960 2145 2114 2184 superent
2122 2167 2133 2185 ‚
2155 2144 2293 2177 invicem
2326 2147 2439 2180 umen

1381 2189 1441 2222 sibi
1470 2199 1535 2223 non
1563 2192 1729 2232 praestent.
1765 2189 1884 2223 Ultima
1908 2191 2094 2223 Brandisius
2115 2201 2146 2233 p.
2177 2193 2217 2225 79
2237 2201 2300 2224 non
2332 2194 2438 2228 multo

1382 2237 1474 2270 aliter
1493 2238 1725 2279 interpretatur
1753 2249 1762 2270 z
1791 2239 1919 2271 caecera
1953 2238 2094 2280 quidem
2115 2240 2235 2271 omnia
2257 2243 2438 2283 reqenees,

1380 2293 1448 2316 non
1472 2293 1551 2317 vero
1578 2293 1616 2316 se
1645 2285 1803 2317 invicem.
1822 2286 1896 2318 Jam
1919 2294 1997 2318 vero
2013 2285 2099 2327 quod
2126 2285 2285 2327 Bergtnus
2305 2289 2436 2328 censet,

1379 2331 1479 2364 verba
1499 2340 1570 2364 esse
1600 2331 1636 2364 in
1657 2340 1729 2365 eam
1758 2332 1950 2365 sententiam
1967 2332 2103 2373 scripta,
2130 2334 2169 2366 ut
2185 2334 2276 2366 salva
2295 2334 2457 2368 aliorum·

1381 2379 1533 2411 felicitate
1554 2380 1633 2412 deus
1660 2379 1737 2412 felix
1764 2389 1838 2412 esse
1855 2379 1993 2421 dicatur,
2022 2380 2054 2412 id
2081 2380 2201 2414 frustra
2223 2380 2277 2414 hic
2295 2390 2438 2424 quaeras.

1379 2430 1481 2460 Porro
1497 2428 1576 2465 ἴσως
1589 2428 1692 2470 ἐχοντι
1711 2429 1842 2470 exponit
1856 2428 1891 2461 εὖ
1907 2429 1961 2461 καὶ
1978 2430 2081 2467 καλῶς
2095 2430 2200 2471 ἔχοντι
2216 2428 2294 2466 lom:
2313 2430 2439 2472 ἄλλοις,

1379 2474 1465 2515 quod
1494 2475 1520 2506 si
1550 2478 1636 2507 recte
1665 2484 1702 2508 se
1728 2475 1861 2508 haberet
1873 2499 1882 2516 ,
1910 2484 2151 2516 supervacanea
2175 2478 2262 2508 esset
2294 2484 2438 2518 sequens

1379 2521 1568 2554 enuntiatio.
1588 2514 1687 2555 Paulo
1703 2524 1821 2556 rectius
1840 2523 2032 2556 Karstenius
2045 2523 2090 2556 ita
2102 2522 2232 2564 scripsit
2250 2531 2258 2552 =
2288 2523 2356 2566 ἅμα
2374 2523 2436 2567 γὰρ

1376 2569 1454 2606 ἴσως
1473 2570 1515 2611 (i.
1533 2578 1562 2602 e.
1582 2569 1758 2612 nimirum)
1772 2570 1857 2602 τοῦτ’
1873 2571 1929 2611 (τὸ
1942 2570 1977 2603 εὖ
1992 2571 2045 2603 καὶ
2059 2572 2439 2614 καλῶς)ἐχοντικάιιεῖνο

1380 2616 1438 2657 (τὸ
1457 2618 1622 2659 κράτιστον
1640 2617 1738 2658 εἶναι)
1752 2618 1790 2650 ἂν
1801 2618 1952 2659 ,συμὸαίη
1963 2643 1972 2658 ,
1998 2618 2055 2650 sed
2072 2618 2175 2651 multo
2193 2618 2371 2660 simplicior
2385 2622 2437 2653 est.

1378 2665 1528 2697 Feliciani
1546 2665 1661 2706 lectio,
1688 2666 1728 2697 ad
1759 2674 1858 2706 quam
1881 2666 2069 2698 Brandisius
2098 2667 2296 2700 Commentt.
2317 2666 2451 2701 Eleate

1380 2721 1410 2752 p.
1429 2714 1470 2745 79
1495 2721 1529 2745 se
1550 2713 1725 2754 applicavit
1756 2713 1824 2754 ἅμα
1841 2713 1901 2756 γὰρ
1926 2714 2027 2751 οὕτως
2047 2713 2166 2756 ἔχοντι.
2189 2715 2300 2753 Quum
2322 2715 2436 2749 antem

1377 2759 1457 2791 illud
1476 2760 1574 2797 οὕτως
1588 2761 1667 2792 nibil
1688 2761 1730 2793 sit
1746 2761 1892 2794 hocloco
1911 2761 1973 2794 nisi
1990 2761 2024 2794 εὖ
2040 2762 2093 2794 καὶ
2111 2762 2239 2802 καλῶς,
2253 2761 2435 2806 ῐοηίιιιιίιι

1377 2806 1456 2844 ἴσως
1479 2807 1529 2839 vel
1546 2807 1644 2844 οὕτως
1667 2808 1773 2848 ipsum
1791 2809 1896 2845 καλῶς
1917 2809 2066 2849 latuerit,
2086 2808 2174 2850 quod
2203 2809 2238 2841 in
2257 2809 2433 2842 verborum

1377 2853 1525 2886 ordinem
1542 2855 1683 2895 recipere
1700 2864 1764 2887 non
1797 2855 1957 2888 dubitavi.
1986 2857 2099 2898 ltaque
2118 2856 2227 2888 locum
2246 2856 2294 2889 sic
2316 2855 2436 2890 distin-

1376 2909 1440 2942 guo
1462 2911 1470 2929 :
1489 2901 1534 2934 Τὸ
1550 2902 1583 2934 δὲ
1599 2902 1765 2943 κράτιστον
1781 2903 1860 2935 εἶναι
1873 2903 1927 2935 τὸν
1941 2903 2009 2935 θεὸν
2022 2904 2082 2945 οὐχ
2094 2904 2194 2940 οὕτως
2203 2903 2435 2945 ὑπολαμδὰνων

1376 2948 1459 2990 λέγει
1476 2960 1541 2988 τι;,
1563 2950 1607 2986 ὡς
1620 2950 1695 2991 πρὸς
1715 2949 1792 2981 ἄλλο
1819 2961 1849 2982 τι
1868 2950 1998 2988 τοιαύτη
2013 2952 2034 2989 ἡ
2053 2952 2110 2982 τοῦ
2136 2951 2208 2982 θεοῦ
2223 2950 2332 2991 φύσις,
2349 2951 2431 2984 ἀλλὰ

1375 2996 1452 3036 πρὸς
1471 2996 1527 3035 τὴν
1543 2995 1638 3028 αὐτοῦ
1651 2995 1804 3038 διάθεσιν,
1825 2997 1892 3029 ἐπεὶ
1912 2996 1950 3029 τὸ
1959 3007 1996 3038 γε
2007 2997 2083 3038 πρὸς
2102 2996 2204 3039 ἕτερον
2217 2997 2305 3030 οὐδὲν
2317 2997 2356 3031 ἂν
2366 3009 2438 3031 κω-

1376 3043 1443 3075 λύοι
1462 3044 1505 3083 μὴ
1524 3046 1562 3086 τῇ
1580 3043 1676 3075 αὐτοῦ
1689 3043 1840 3085 ἐπιεικείᾳ
1857 3043 1911 3076 καὶ
1924 3044 2014 3086 ῥώμῃ
2027 3044 2187 3085 ὑπερέχειν
2198 3067 2207 3083 ,
2224 3043 2304 3076 ἀλλὰ
2315 3044 2367 3077 διὰ
2376 3045 2433 3085 τὴν

1375 3094 1438 3122 τῶν
1451 3090 1552 3124 ἄλλων
1573 3090 1746 3123 ἀσθένειαν.
1763 3092 1861 3124 Θέλοι
1881 3092 1908 3123 δ’
1924 3091 1962 3123 ἂν
1978 3091 2076 3128 οὐδεὶς
2093 3092 2177 3123 οὕτω
2189 3091 2242 3124 τὸν
2257 3092 2326 3125 θεὸν
2339 3092 2436 3135 φάναι

1375 3137 1541 3179 κράτιστον
1559 3138 1638 3170 εἶναι
1648 3161 1659 3179 ,
1678 3137 1745 3170 ἀλλ’
1762 3137 1810 3170 ὅτι
1834 3137 1926 3175 αὐτὸς
1944 3138 2009 3179 ἔχει
2027 3139 2069 3175 ὡς
2091 3138 2156 3170 οῐὸν
2177 3149 2212 3171 τε
2229 3138 2362 3182 ἄριστα,
2377 3140 2437 3174 καὶ

1377 3185 1465 3217 οὐδὲν
1481 3185 1612 3218 ἐλλείπει
1630 3185 1685 3218 καὶ
1706 3184 1741 3218 εὗ
1753 3185 1807 3218 καὶ
1820 3186 1924 3222 καλῶς
1944 3185 2026 3227 ἔχειν
2049 3185 2135 3227 αὐτῷ
2146 3194 2154 3202 ·
2173 3185 2240 3227 ἅμα
2253 3186 2313 3229 γὰρ
2327 3188 2436 3225 καλῶς

1376 3231 1479 3274 ἔχοντι
1495 3232 1622 3266 κάκεῖνο
1634 3233 1672 3266 ἂν
1688 3233 1865 3275 συμὸοιίνοι.

1419 3284 1471 3312 39.
1495 3281 1578 3313 οὕτω
1604 3281 1638 3313 δὲ
1664 3281 1838 3314 διακεῖσθαι
1864 3281 1917 3313 καὶ
1936 3280 2060 3318 πλείους
2087 3281 2199 3318 αὐτοὺς
2229 3280 2320 3318 ὄντας
2341 3281 2437 3314 οὐδὲν

1375 3329 1510 3366 κωλύει,
1525 3330 1662 3367 ἅπαντας
1676 3332 1718 3368 ὡς
1736 3330 1802 3362 οῐὸν
1818 3341 1852 3362 τε
1867 3330 1981 3372 ἄριστα
1997 3330 2226 3372 διακειμένους,
2257 3330 2312 3363 καὶ
2327 3331 2430 3373 κρατί·

1376 3385 1468 3413 στου;
1490 3381 1554 3409 τῶν
1569 3377 1671 3410 ἄλλων
1682 3401 1693 3417 ,
1709 3377 1770 3419 οὐχ
1793 3378 1896 3409 αὒτῶν
1912 3376 2013 3414 ὄντας.
2028 3378 2095 3409 ἔστι
2123 3377 2150 3409 δ’
2161 3401 2171 3418 ,
2194 3379 2236 3414 ὡς
2256 3378 2360 3417 ἔοικε,
2377 3377 2434 3409 καὶ

1376 3423 1465 3456 ἄλλα.
1482 3426 1531 3457 lta
1555 3424 1726 3465 Beklierus,
1755 3425 1812 3466 qui
1845 3426 1991 3457 veterum
2016 3425 2195 3457 editionum
2210 3427 2252 3461 ὡ;
2276 3424 2393 3457 οἵονται
2412 3431 2434 3456 ε

1376 3471 1450 3504 cod.
1469 3472 1555 3513 Lips.
1580 3480 1619 3504 ac
1633 3472 1769 3504 sortasse
1787 3480 1826 3504 ex
1845 3471 1917 3504 aliis
1932 3480 2061 3513 quoque
2075 3471 2163 3504 libris
2179 3472 2275 3505 tacite
2290 3469 2432 3504 correxit

1375 3518 1412 3552 in
1435 3520 1477 3556 ὡς
1499 3518 1565 3552 οῐόν
1579 3530 1624 3552 τε.
1651 3519 1715 3553 sed
1740 3519 1772 3552 in
1791 3519 1948 3561 Lipsiensi
1975 3519 2090 3561 legitur
2116 3520 2271 3560 praeterea
2298 3517 2368 3552 οὐδὲ
2392 3517 2430 3549 ἂν
