2612 3814
691 262 976 302 CARMINUM
1008 263 1070 302 ET
1097 238 1382 302 DICTORUM
1413 262 1695 312 RELlQUlAE.

131 371 181 398 2⁶.
265 355 404 409 Ἀνδρος
419 353 733 409 γηρέντοςπολλὸν
749 353 1000 408 ἀφαυρότερος.

130 430 178 456 27.
208 415 376 456 Ἑστᾶσιν
386 416 415 453 δ’
427 416 560 454 ἐλατῶν
576 416 730 453 πυκινῶν
747 413 829 467 περὶ
849 414 999 465 δώματα
1022 413 1166 467 βάκχοι.

2217 275 2289 311 10⁷

1232 365 1283 394 26.
1360 362 1443 394 Sene
1457 360 1559 393 multo
1573 359 1741 393 infirmior.

1233 423 1283 454 27.
1315 422 1496 453 Densarum
1509 419 1655 453 abietum
1673 420 1755 453 rami
1768 421 1851 453 circa
1865 421 1979 455 domos
1993 427 2079 456 sunt.

797 621 1230 673 FRAGMENTA
1271 620 1342 672 IN
1346 620 1571 672 CERTA

268 758 329 795 ET
355 757 466 794 LOCl
492 755 689 802 QUIDAM
714 754 958 791 VETERUM
980 749 1298 790 SCRIPTORUM
1324 753 1392 788 AD
1421 752 1769 790 XENOPHANEM
1794 754 2142 791 PERTINENTES.

171 898 206 923 1.
235 882 461 921 Scholiastes
490 881 539 918 ad
558 881 758 930 Aristoph.
787 881 875 918 Pac.
896 892 932 916 V.
966 878 1071 928 696,
1102 877 1171 914 ubi

111 952 228 996 poeta
248 942 456 980 Simonidis
478 949 516 978 et
544 940 747 991 Sophoclis
775 940 972 977 avaritiam
993 939 1173 987 attingit,

111 1006 191 1041 haec
211 1003 425 1039 obseurat:
447 998 498 1039 ‘O
513 999 715 1048 Σιμωνίδης
738 996 947 1044 διεὸέὸλητο
968 996 1026 1034 ἐπὶ
1050 997 1174 1049 φιλαρ-

111 1060 236 1116 γυρία,
256 1077 316 1101 και
338 1060 398 1099 τὸν
421 1058 606 1112 Σοφοκλέα
638 1051 697 1097 ουν
720 1057 862 1110 (λέγει
859 1058 877 1095 6
898 1054 1173 1109 Ἀριστοφάνης)

112 1123 168 1162 διὰ
183 1119 447 1176 φιλαργυρίαν’
432 1119 582 1159 εοικέναι
598 1121 649 1171 τῷ
676 1117 883 1170 Σιμωνίδῃ·
906 1115 1048 1167 λέγεται
1065 1113 1141 1153 δὲ“’
1121 1130 1175 1152 οτι

113 1184 153 1233 (6
173 1182 377 1235 Σοφοκλῆς)
403 1181 442 1217 ἐκ
466 1181 527 1225 τῆς
545 1179 764 1231 στρατηγίας
787 1178 849 1223 τ’ῆς
868 1176 902 1214 ἐν
924 1174 1042 1228 Σάμῳ
1063 1176 1174 1226 ἠργυ-

113 1242 251 1295 ρίσατο.
269 1238 472 1293 Χαριέντως
487 1237 523 1276 δὲ
538 1236 630 1276 πάνυ
654 1238 696 1289 (6
716 1235 992 1290 Ἀριστοφάνης)
1010 1236 1061 1288 τῷ
1082 1234 1176 1287 λόγῳ

111 1302 246 1355 διέσυρε
266 1317 345 1345 τους
364 1298 396 1352 β’
415 1297 644 1350 ἷαμὸοποιους
659 1296 882 1349 (Σιμωνίδην
897 1294 957 1334 καὶ
976 1294 1173 1349 Σοφοκλέα)

111 1360 172 1400 καὶ
200 1360 379 1434 μέμνηται
399 1357 452 1397 ὅτι
475 1355 725 1410 σμικρολόγοι·
744 1355 879 1395 &flav-⁴
848 1353 1054 1410 Ξενοφάνης
1073 1353 1175 1405 κίμ-

112 1421 219 1460 6ικα
244 1419 348 1458 αὐτον
368 1415 639 1472 προσαγορεύει.
667 1420 714 1455 In
737 1418 796 1454 his
814 1417 942 1454 verbis
963 1414 1067 1453 αὐτὸν
1089 1428 1176 1488 spe-

113 1489 192 1519 ctat
211 1482 260 1519 ad
285 1480 525 1518 Simonidem
538 1507 548 1525 ‚
579 1490 694 1528 quem
714 1478 767 1515 ait
787 1489 810 1514 a
827 1477 1071 1526 Xenophane
1091 1475 1174 1525 κίμ-

112 1539 198 1580 ema
218 1543 245 1580 i.
269 1554 299 1579 e.
332 1540 508 1590 pecuniae
542 1546 715 1576 tenacem
749 1545 787 1574 et
806 1548 964 1574 avarum
995 1543 1176 1572 vocatum

112 1614 205 1640 esse.
224 1602 312 1638 Non
333 1601 443 1636 aliter
461 1598 573 1648 multi
589 1605 764 1634 veterum
783 1596 831 1633 de
856 1595 1056 1635 Simonide
1070 1594 1175 1643 judi-

112 1668 269 1710 carunt3
289 1660 356 1696 sed
379 1671 498 1708 quum
513 1659 579 1694 vix
601 1657 806 1723 probabile
824 1657 874 1693 sit
889 1655 1176 1704 Xenophanem

111 1731 233 1767 usque
266 1717 318 1754 ad
351 1716 448 1753 illud
481 1723 632 1765 tempus
662 1716 817 1762 vixisse,
851 1727 930 1763 quo
960 1712 1177 1751 Simonides

113 1778 346 1815 carminibus
363 1783 551 1826 quaestum
571 1775 713 1812 faciens
730 1786 880 1811 summo
905 1771 1003 1809 flore
1023 1774 1176 1822 conspi-

113 1850 206 1875 cuus
225 1837 314 1883 fuit,
329 1836 488 1873 sortasse
508 1847 581 1886 pro
600 1832 806 1887 Ξενοφάνης
821 1832 927 1882 apud
948 1832 1177 1869 scholiasten

112 1896 383 1947 reponendum
403 1892 657 1947 Ἀριστοφάνης
689 1892 1045 1940 statuendumque
1036 1905 1077 1928 111
1102 1892 1173 1928 de-

55 1984 59 1987 <
110 1956 265 2006 perdita
279 1955 446 2005 quadam
466 1954 658 1991 comoedia
673 1954 720 1990 ab
738 1953 997 2002 Aristophane
1012 1952 1176 1989 Simoni-

114 2017 203 2054 dem
228 2017 281 2053 sic
299 2021 478 2052 vocatum
496 2026 589 2052 esse.
614 2013 803 2050 Caeterum
820 2012 868 2048 de
897 2012 1177 2049 Chamaeleonte

112 2077 217 2114 idem
233 2073 455 2112 testificatur
467 2074 672 2111 Athenaeus
684 2072 776 2109 XIV
788 2084 827 2121 p.
844 2071 938 2117 656,
956 2073 992 2108 D
1014 2083 1022 2107 :
1037 2067 1175 2114 Ὄντως

114 2132 152 2174 δὲ
167 2128 210 2182 ἦν
232 2136 280 2178 ὥς
306 2134 445 2182 ἀληθῶς
465 2129 590 2182 κίμὸιξ
612 2132 630 2169 6
651 2128 855 2181 Σιμωνίδης
881 2128 943 2167 καὶ
964 2130 1175 2182 αἰσχροκερ-

114 2193 192 2242 δής,
209 2194 256 2237 ὥς
276 2190 494 2244 Χαμαιλέων
509 2189 629 2244 φησίν,

167 2268 206 2292 2.
226 2255 438 2304 Pollux-VI,
454 2252 503 2298 46
521 2265 561 2302 p.
580 2250 656 2301 590
678 2263 686 2287 :
710 2247 911 2298 Συκάμινα·
927 2250 1040 2286 ταῦτα
1059 2248 1094 2286 δὲ
1114 2247 1176 2287 καὶ

112 2403 330 2441 adversario
370 2400 639 2450 jusjurandum
660 2400 700 2435 in
729 2398 879 2447 judicio
906 2396 1113 2445 detrectet,
1142 2400 1176 2435 ei

114 2461 320 2499 dicendum
342 2461 415 2498 erit
442 2473 480 2497 se
505 2459 715 2497 honestatis
739 2469 853 2495 causa
868 2457 911 2493 id
937 2457 1173 2507 detrectare,

113 2534 195 2559 non
211 2521 377 2571 perjurii
393 2528 497 2557 metu
511 2548 521 2566 ‚
539 2527 577 2557 et
595 2518 934 2555 huic‘conveniens
952 2517 1025 2553 erit
1040 2518 1177 2554 Xeno-

110 2581 248 2631 phanis
268 2581 414 2617 dictum
427 2608 437 2627 ,
456 2578 572 2617 τὸτοῦ
592 2575 814 2629 Ξενοφάνους
829 2573 1022 2627 ἁρμόττει,
1041 2573 1094 2613 ὅτι
1113 2576 1177 2614 οὐκ

113 2641 174 2688 ἴση
206 2639 400 2693 πρόκλησις
421 2638 510 2685 αὕτη
541 2636 665 2676 &esest
683 2634 768 2688 πρὸς
795 2634 942 2682 εὗσεὸἧ,
963 2633 1041 2672 ἀλλ’
1072 2633 1177 2684 ὁμοία

113 2703 175 2745 καὶ
192 2704 223 2741 εἷ
244 2697 386 2754 Ιἰσχυρὸς
407 2701 535 2746 ἀσθενῆ
557 2696 713 2742 πατάξαι
740 2694 764 2743 ἢ
794 2695 977 2747 πληγῆναι
996 2694 1176 2747 προκαλέ-

114 2776 229 2801 σαιτο.
254 2763 452 2798 Postrema
469 2759 560 2796 inde
581 2771 604 2795 a
635 2757 762 2795 verbis
785 2755 864 2794 ἀλλ’
888 2754 992 2804 ὁμοία
1011 2755 1059 2792 ab
1086 2756 1178 2792 Ari-

113 2823 248 2860 stotele
281 2821 431 2870 adjecta
455 2826 636 2870 putamus
667 2830 755 2854 cum
783 2816 989 2853 Karstenio
1016 2822 1179 2865 propter

114 2882 313 2932 sequentia
342 2881 484 2930 quibus
514 2877 769 2928 Xenophanis
800 2875 1027 2912 sententiam
1052 2875 1177 2911 inver-

116 2948 226 2979 tens:
259 2942 402 2978 Contra
414 2940 588 2989 ,inquit,
606 2939 636 2975 si
662 2936 826 2992 accipiat
847 2934 1116 2983 jusjurandum
1137 2932 1177 2971 τὸ

114 3015 177 3039 του
198 2999 420 3054 Ξενοφάνους
455 2995 751 3050 μεταστρέψαντα
782 2992 909 3048 φατέον
936 2991 1065 3036 οὕτως·
1103 2991 1179 3030 ἴσον

116 3052 240 3099 εἶναι’
226 3058 284 3101 εὰν
306 3059 369 3110 μὲν
390 3061 408 3097 ὃ
423 3055 555 3105 ἀσεὸὴς
576 3055 690 3109 διδῷ,
705 3055 722 3091 6
740 3052 886 3100 εὐσεὸἢς
908 3053 937 3090 δ’
954 3052 1083 3104 ὀμνύῃ.
1100 3055 1180 3090 Xe-

66 3159 68 3163 ,
117 3120 306 3171 nophanis
340 3121 490 3158 dictum
527 3118 635 3168 quod
672 3116 794 3154 textui
832 3116 1063 3152 inseiuimus
1102 3126 1179 3150 esse

117 3185 379 3217 tetrametrum
398 3178 642 3216 trochaicum
661 3176 950 3220 catalecticum,
977 3172 1038 3210 vel
1066 3173 1097 3210 si
1117 3173 1179 3209 οὐκ

117 3235 177 3286 ἴση
196 3239 248 3276 ad
276 3251 524 3290 praegressum
555 3249 708 3274 versum
734 3234 896 3280 referas,
926 3233 1071 3281 reliqua
1102 3244 1175 3280 pro

118 3299 292 3336 trimetro
308 3300 475 3336 iambico
500 3309 577 3334 esse
606 3295 785 3333 habenda
806 3300 943 3343 sponte
960 3299 1081 3341 patet.
1104 3291 1180 3328 Cu-

113 3356 177 3405 jus
197 3359 376 3396 versiculi
402 3359 527 3395 hiatus
546 3358 586 3393 in
613 3369 711 3394 voce
741 3352 829 3400 αὕτη
851 3365 999 3390 caesurae
1019 3362 1180 3388 excusa-

119 3417 263 3455 tionem
278 3419 417 3464 habet‚
439 3419 564 3468 prima
588 3422 717 3454 autem'
741 3414 885 3464 syllaba
902 3414 941 3448 in
957 3409 1079 3448 ἀσεὸεῖ
1090 3423 1181 3460 pro-

85 3497 94 3501 -
122 3474 276 3514 ducitur
295 3477 344 3514 ad
357 3478 517 3514 aliorum
539 3475 740 3512 nominum
754 3472 861 3511 velut
882 3470 1054 3512 ἀθάνατος
1073 3469 1178 3505 simi-

119 3533 336 3574 litudinem.

1238 876 1329 930 μόρα
1351 875 1532 929 Αἰσχύλος
1548 876 1734 926 ὠνόμασεν
1747 907 1758 926 ,
1780 876 1887 922 οὕτως
1903 876 2011 917 εἰπὼν
2034 878 2079 918 τὰ
2091 880 2130 918 ἐκ
2153 850 2304 933 τῆςῖά-

1237 951 1318 975 του·
1338 936 1435 989 τάχα
1463 937 1493 975 δ’
1515 935 1557 975 ἄν
1592 951 1643 980 τις
1674 936 1735 976 καὶ
1756 937 1906 990 κεράσια
1938 937 2054 992 φαίη,
2085 937 2236 992 κέρασον
2263 940 2306 979 τὸ

1237 995 1376 1049 δένδρον
1407 998 1442 1035 ἐν
1463 998 1513 1049 τῷ
1545 995 1637 1050 Περὶ
1654 995 1791 1051 φύσεως
1817 997 2040 1050 Ξενοφάνους
2069 997 2194 1052 εὑρών.
2217 1002 2305 1038 Du-

1236 1058 1346 1094 bium
1366 1064 1421 1094 est
1441 1057 1538 1107 quid
1557 1058 1604 1095 de
1623 1058 1698 1094 hoc
1715 1059 1804 1095 loco
1827 1059 2062 1096 censendum
2080 1061 2142 1098 sit.
2160 1061 2307 1098 Xeno-

1236 1118 1373 1166 phanis
1392 1117 1537 1154 librum
1557 1115 1649 1169 Περὶ
1668 1114 1804 1169 φύσεως
1830 1127 1970 1168 praeter
1991 1120 2188 1157 Pollucem
2210 1121 2304 1158 citat

1238 1177 1411 1214 Stobaeus
1431 1177 1590 1226 Eclogg.
1611 1176 1726 1226 Phys.
1749 1178 1768 1214 Ι
1790 1190 1830 1227 p.
1856 1183 1949 1227 294.
1972 1179 2183 1228 Utriusque
2204 1178 2303 1217 fides

1237 1243 1410 1285 suspecta
1424 1236 1516 1272 viris
1534 1235 1658 1272 doctis
1677 1236 1756 1273 visa
1773 1244 1842 1283 est,
1853 1237 2023 1287 ideoque
2036 1238 2139 1275 hunc
2158 1238 2303 1274 librum

1239 1295 1474 1345 Xenophani
1491 1293 1781 1342 abjudicarunt.
1806 1295 1864 1333 Cf.
1884 1297 2025 1333 Ritteri
2043 1295 2188 1335 Histor.
2206 1297 2303 1346 phil.

1240 1362 1267 1394 t.
1292 1355 1306 1392 l
1328 1368 1370 1404 p.
1393 1358 1486 1399 444.
1509 1355 1606 1391 Sunt
1619 1355 1721 1392 enim
1741 1356 1810 1405 qui
1823 1355 1919 1391 nihil
1939 1356 2082 1404 scripto
2102 1356 2303 1392 mandasse

1237 1413 1521 1462 Xenophanem
1542 1413 1682 1460 velint,
1701 1414 1769 1450 sed
1790 1413 1983 1463 quidquid
2004 1414 2185 1450 docuerit
2198 1442 2208 1461 ,
2225 1415 2306 1464 sola

1238 1486 1335 1511 voce
1355 1475 1552 1511 elocutum
1569 1474 1826 1523 perhibeant,
1846 1475 1922 1511 rati
1940 1486 2072 1510 versus
2092 1475 2159 1523 qui
2182 1475 2302 1512 hodie

1237 1540 1440 1584 supersunt
1459 1533 1506 1571 ab
1543 1533 1627 1570 aliis
1656 1546 1734 1571 esse
1754 1542 1937 1573 servatos.
1960 1534 2037 1571 Sed
2060 1535 2141 1571 haec
2165 1536 2303 1585 opinio

1238 1595 1334 1630 mihi
1354 1606 1436 1630 non
1455 1594 1660 1643 probatur.
1690 1595 1911 1643 Utcumque
1930 1607 1970 1631 se
1993 1595 2111 1631 habet
2139 1607 2226 1644 res,
2260 1594 2301 1631 id

1240 1660 1367 1691 tamen
1397 1660 1576 1703 apparet,
1597 1655 1628 1691 si
1646 1653 1749 1692 forte
1769 1655 1810 1690 in
1835 1655 2089 1704 Xenophanis
2117 1655 2300 1692 carmini-

1239 1713 1312 1750 bus
1346 1711 1496 1766 κέρασος
1525 1714 1643 1750 arbor
1681 1721 1894 1751 memorata
1930 1715 2000 1762 sit,
2035 1712 2186 1767 κεράσια
2223 1727 2304 1750 non

1238 1785 1367 1823 posse,
1395 1780 1440 1809 ut
1458 1771 1600 1809 Pollux
1618 1774 1808 1810 existimat
1820 1802 1831 1823 ‚
1847 1773 1985 1811 eodem
1996 1773 2212 1824 significatu
2224 1773 2304 1810 dici

1240 1846 1318 1882 quo
1338 1831 1519 1881 συκάμινα
1537 1840 1574 1869 et
1595 1831 1700 1884 μόρα.
1723 1833 1837 1882 Cujus
1868 1834 2010 1870 erroris
2030 1834 2116 1870 fons
2139 1833 2303 1870 fortasse

1239 1893 1406 1942 vulgaris
1425 1893 1627 1929 hominum
1648 1894 1782 1943 opinio
1800 1894 1892 1940 fuit,
1916 1906 1991 1942 qua
2009 1893 2206 1930 ferebatur
2224 1895 2301 1930 Lu-

1240 1952 1360 1988 cullus
1380 1965 1460 1989 non
1472 1952 1591 1990 modo
1613 1952 1796 1989 arborem
1815 1954 1964 2002 primus
1980 1953 2021 1989 in
2038 1953 2189 1990 Italiam
2202 1961 2303 1990 attu-

1239 2012 1324 2048 lisse
1340 2041 1352 2062 ,
1368 2012 1436 2049 sed
1457 2014 1572 2049 etiam
1596 2025 1740 2049 nomen
1760 2013 1795 2049 ei
1817 2012 1979 2049 dedisse.
1999 2012 2051 2049 At
2070 2012 2192 2052 multo
2214 2019 2304 2051 ante

1240 2072 1446 2108 Lucullum
1466 2073 1587 2111 Graeei
1607 2081 1797 2110 noverant
1814 2085 2002 2110 cerasum.
2021 2072 2115 2112 Vid.
2129 2073 2300 2123 interpp.

1240 2131 1291 2168 ad
1309 2132 1449 2170 Athen.
1469 2135 1506 2170 ΙΙ
1525 2146 1566 2182 p.
1592 2132 1656 2172 50.

1295 2190 1334 2230 3.
1351 2193 1606 2242 Etymologus
1622 2194 1674 2229 M.
1695 2206 1703 2229 :
1719 2192 1919 2244 Βρόταχος·
1937 2190 1995 2230 τὸν
2019 2189 2200 2243 βάτραχον
2216 2188 2303 2229 Ἰω-

1239 2265 1315 2300 νες,
1338 2250 1396 2288 καὶ
1422 2250 1673 2304 Ἀριστοφάνης
1687 2250 1748 2289 καὶ
1762 2249 1861 2303 παρὰ
1879 2249 2085 2303 Ξενοφάνει.
2106 2253 2165 2288 De
2185 2252 2303 2288 variis

1295 2402 1358 2441 26.
1376 2403 1628 2451 Etymologus
1643 2403 1694 2440 M.
1711 2414 1749 2439 v.
1772 2398 2019 2461 1ηοας-οῖον
2034 2399 2202 2450 πιμπλῶ,
2215 2413 2306 2449 πιμ-

1240 2461 1330 2514 πλᾷς
1359 2477 1421 2500 και
1447 2462 1618 2511 πιμπλεῒς
1633 2490 1644 2510 ,
1666 2459 1775 2505 οὕτως
1795 2443 1854 2498 οὐν
1884 2458 1945 2497 καὶ
1961 2460 2060 2511 γηρῶ
2074 2488 2084 2508 ,
2114 2464 2226 2512 γηρᾷς
2245 2474 2307 2496 και

1239 2526 1372 2573 γηρεῖς.
1391 2519 1436 2560 Ἥ
1460 2519 1595 2581 μετοχὴ
1617 2518 1735 2573 γηρείς
1724 2549 1756 2566 „
1774 2518 1965 2572 γηρέντος,
1992 2516 2113 2571 ὥσπερ
2137 2517 2302 2563 τιθέντος.

1240 2595 1273 2618 -,
1277 2581 1444 2635 ενοφάνης
1468 2583 1538 2618 οἱον
1573 2595 1606 2618 κ.
1627 2594 1661 2618 τ.
1696 2579 1730 2616 λ.
1751 2581 1849 2616 Tum
1869 2579 2170 2627 affe1tversum,
2190 2591 2306 2628 quem

1240 2642 1280 2677 in
1302 2649 1408 2678 textu
1429 2642 1640 2691 posuimus.
1662 2641 1772 2677 Licet
1788 2640 1882 2677 alibi
1898 2639 2151 2689 participium
2169 2635 2304 2690 γηρείς,

1240 2699 1404 2752 γηρέντος
1424 2713 1505 2737 non
1540 2701 1774 2749 reperiatur,
1806 2707 1932 2737 tamen
1954 2712 2036 2736 non
2057 2706 2154 2750 puto
2189 2698 2305 2748 qui'd-

1241 2773 1356 2808 quam
1376 2761 1416 2796 in
1436 2773 1548 2797 versu
1577 2760 1845 2810 Xenophaneo
1862 2759 2095 2797 mutandum
2121 2770 2214 2797 esse.
2248 2757 2305 2797 Cf.

1241 2821 1387 2859 Buttm.
1409 2834 1468 2871 gr.
1488 2821 1604 2871 ampl.
1629 2822 1667 2858 11
1687 2833 1730 2870 p.
1753 2819 1816 2870 98.

1299 2895 1363 2929 27.
1392 2880 1621 2928 Scholiastes
1650 2881 1700 2918 ad
1731 2880 1930 2929 Aristoph.
1967 2879 2098 2929 Equit.
2132 2892 2187 2917 vs.
2226 2877 2305 2924 406

1242 2941 1322 2977 haec
1340 2941 1458 2977 refert
1482 2952 1491 2978 :
1512 2938 1675 2992 Βάκχους
1694 2937 1842 2978 ἐκάλουν
1877 2936 1938 2975 καὶ
1959 2935 2037 2980 τοὺς
2069 2935 2221 2980 κλάδους
2248 2933 2307 2979 οὓς

1243 3000 1273 3037 οἱ
1295 2997 1427 3049 μύσται
1453 2997 1617 3053 φέρουσι·
1639 2998 1818 3050 μέμνηται
1832 2996 1868 3035 δὲ
1890 2995 2095 3049 Ξενοφάνης
2116 2996 2151 3034 ἐν
2174 2996 2307 3039 σίλλοις

1243 3074 1367 3103 ουτως·

1297 3148 1468 3190 Ἓστᾶσιν
1493 3149 1522 3188 δ’
1545 3149 1668 3188 ἐλάται
1689 3147 1836 3188 πυκινὸν
1856 3146 1938 3201 περὶ
1959 3147 2085 3197 δῶμα,

1243 3254 1358 3292 quem
1376 3253 1527 3278 versum
1560 3238 1683 3287 ejecto
1705 3238 1862 3276 nomine
1893 3236 2001 3285 quod
2026 3235 2217 3283 interpres
2243 3245 2304 3269 ex-

1241 3302 1354 3352 ponit
1372 3300 1551 3338 mutilum
1571 3299 1715 3336 factum
1731 3311 1774 3335 ac
1788 3304 1923 3347 postea
1939 3295 2215 3344 interpolatum
2228 3302 2306 3327 esse

1243 3365 1283 3400 in
1307 3368 1495 3412 promptu
1518 3367 1587 3398 est.
1612 3359 1748 3408 Itaque
1766 3358 1965 3408 legendum
1983 3354 2160 3403 suspicor
2185 3364 2195 3388 z

1297 3450 1465 3491 Ἑστᾶσιν
1485 3449 1516 3487 δ’
1538 3448 1673 3488 ἐλατῶν
1693 3446 1850 3484 πυκινῶν
1868 3441 1949 3497 περὶ
1968 3440 2116 3494 δώματα
2136 3437 2276 3491 βάκχοι.
