2612 3814
894 311 994 351 LIB.
1025 312 1092 351 DE
1122 312 1367 352 UNlVERSI
1397 313 1628 353 NATURA.

191 402 249 454 γὰρ
284 403 409 455 πρῶτα
439 399 627 452 κινούμενα
659 399 752 439 κατὰ
785 398 831 438 τὰ
854 401 944 439 αὐτὰ
970 400 1030 439 καὶ
1062 401 1231 445 ὡσαύτως

183 461 309 501 κύκλον
328 458 544 511 ἀμείὸοντα,
570 458 718 504 διέξοδον
745 459 807 498 οὒκ
830 459 1063 513 ἐπιδεχόμενοι
1078 462 1140 507 τῆς
1166 460 1231 499 οὒ-

184 521 279 564 σίας·
300 519 346 558 τὰ
365 518 400 558 δὲ
421 517 588 569 δεύτερα,
603 520 674 570 πῦρ
699 516 760 555 καὶ
790 515 883 569 ὕδωρ
910 517 971 556 καὶ
992 520 1038 569 γῆ
1064 517 1124 556 καὶ
1146 516 1229 569 ἀήρ,

185 577 263 632 ὅρον
282 577 482 629 ἆμείὸουσιν
498 574 620 629 ἐφεξῆς
636 575 695 614 καὶ
713 577 866 627 συνεχῶς
879 605 890 623 ,
906 577 944 614 οὔ
970 574 1038 627 μὴν
1055 574 1112 614 τὸν
1138 574 1232 613 κατὰ

186 638 314 686 τόπον,
337 636 427 676 ἀλλὰ
460 636 518 675 τὸν
548 634 639 674 κατὰ
671 634 884 686 μεταὸολήν.
922 636 944 685 5
977 643 1039 674 13.
1068 636 1146 685 Πῦρ
1172 633 1234 685 μὲν

185 698 253 750 γὰρ
279 699 326 741 εἷς
343 695 380 734 ἓν
397 693 648 747 συνερχόμενον
671 694 755 746 ἀέρα
777 695 949 747 οἰπογεννᾶΙ
962 724 972 741 ,
987 692 1055 745 ἀὴρ
1073 693 1108 732 δὲ
1129 692 1234 745 ὕδωρ,

184 756 279 809 ὕδωρ
300 756 334 796 δὲ
351 757 433 808 γῆν·
455 753 525 792 ἀπὸ
541 757 604 805 γῆς
624 751 660 791 δὲ
680 755 702 799 ἡ
719 752 807 800 αὐτὴ
827 752 983 806 περίοδος
1002 755 1064 799 τῆς
1087 751 1236 804 μεταδο-

185 817 248 862 λῆς
269 814 374 867 μέχρι
407 812 534 865 πυρός,
562 811 636 851 ὅθεν
667 812 797 864 ἤρξατο
823 811 1072 861 μετοιὸοἱλλειν.
1128 811 1174 850 Οἱ
1200 809 1236 848 δὲ

185 873 315 927 καρποὶ
335 871 395 912 καὶ
415 871 458 911 τὰ
477 874 626 910 πλεῖστα
643 873 710 910 τῶν
731 869 917 924 ῥιζοφύτων
936 870 1005 909 ἀπὸ
1024 869 1236 921 σπερμάτων

187 931 357 971 ἀνέλαὸον
391 930 455 978 τὴν
489 930 600 983 ἀρχὴν
639 932 701 976 τ’ἤς
734 929 918 980 γενέσεως,
943 927 1172 982 καρπωθέντα
1201 927 1237 966 δὲ

176 991 247 1035 ,καὶ
269 988 576 1045 τελεσφορήσαντα
596 989 701 1027 πάλιν
725 987 782 1027 ἐπὶ
802 987 841 1027 τὸ
859 986 1001 1040 σπέρμα
1023 986 1085 1034 τὴν
1104 986 1239 1026 ἀνάλυ-

187 1065 240 1088 σιν
261 1055 432 1099 ποιεῖται,
454 1047 522 1086 ἀπὸ
545 1050 605 1086 τοῦ
624 1048 728 1085 αὐτοῦ
749 1046 809 1085 καὶ
829 1046 886 1085 ἐπὶ
906 1045 946 1085 τὸ
963 1044 1046 1083 αὐτὸ
1065 1044 1127 1092 τὴν
1148 1044 1239 1089 διέξ-

187 1109 264 1147 οδον
293 1106 562 1157 ἐπιτελουμένης
581 1109 642 1153 τῆς
671 1104 863 1159 φύσεως.5
890 1111 948 1144 14.
969 1106 1016 1144 Οἱ
1043 1103 1078 1142 δὲ
1108 1103 1239 1156 ἄνθρω-

191 1183 251 1206 ποι
271 1166 331 1205 καὶ
347 1166 391 1205 τὰ
421 1165 527 1204 λοιπὰ
545 1167 617 1210 ζῶα
640 1165 773 1215 μᾶλλον
794 1162 1066 1210 ὓποὸεὸηκότως
1087 1161 1143 1200 τὸν
1165 1177 1240 1200 κα-

188 1226 289 1264 θόλου
330 1224 405 1277 ὃρον
443 1226 505 1270 τῆς
539 1223 672 1277 φύσεως
707 1221 912 1271 ἀμείὸουσιν
925 1237 934 1246 ·
963 1222 1001 1260 οὔ
1041 1221 1108 1274 γάρ
1147 1221 1239 1259 ἐστιν

189 1282 435 1338 ε’πανάκαμψις
456 1282 570 1328 αὐτοῖς
601 1280 658 1322 ἐπὶ
696 1280 759 1330 τὴν
788 1279 932 1335 πρώτην
965 1278 1130 1332 ἡλικίαν,
1162 1280 1240 1320 οὐδὲ

190 1341 469 1395 ἅντιπερίστασις
485 1340 683 1392 μεταὸολῆς
697 1341 743 1384 εἷς
761 1340 898 1387 ἄλληλα
915 1339 1072 1391 καθάπερ
1093 1337 1152 1376 ἐπὶ
1171 1355 1238 1377 πυ-

190 1402 246 1454 ρὸς
265 1400 325 1440 καὶ
349 1399 447 1452 ἀέρος
467 1399 527 1438 καὶ
547 1399 670 1444 ὕδατος
691 1398 751 1437 καὶ
771 1401 835 1451 γῆς
848 1429 858 1447 ,
889 1397 981 1437 ἀλλὰ
996 1397 1055 1436 τὸν
1081 1396 1138 1436 διὰ
1157 1412 1241 1435 τεσ-

189 1459 306 1512 σάρων
330 1461 526 1510 τετραμερῆ
547 1455 674 1496 κύκλον
690 1456 867 1496 ἄνύσαντα
887 1457 946 1496 καὶ
966 1455 1028 1500 τὰς
1043 1454 1242 1517 μεταὸολὲις

187 1519 257 1556 τῶν
279 1519 422 1565 ἡλικιῶν
439 1515 617 1554 διαλύεταί
631 1531 667 1554 τε
685 1515 744 1554 καὶ
759 1516 976 1567 ἀπογίνεται.
1034 1517 1159 1555 Ταῦτα
1181 1518 1240 1554 οὖν

189 1579 264 1615 ἔστι
295 1574 427 1628 σημεῖά
446 1591 484 1613 τε
504 1574 563 1614 καὶ
588 1574 764 1627 τεκμήρια
782 1580 842 1614 τοῦ
870 1574 909 1613 τὸ
930 1573 991 1625 μὲν
1013 1573 1091 1613 ὅλον
1112 1573 1172 1613 καὶ
1202 1572 1241 1612 τὸ

189 1634 350 1688 περιέχον
373 1634 487 1685 μένειν
515 1634 569 1673 ἀεὶ
594 1634 654 1672 καὶ
691 1633 883 1681 σώζεσθαι,
904 1632 949 1672 τὰ
974 1633 1003 1671 δ’
1033 1632 1090 1671 ἐπὶ
1118 1632 1241 1685 μέρους

189 1693 251 1732 καὶ
292 1692 519 1745 ἐπιγινόμενα
556 1695 663 1732 αὐτοῦ
694 1692 892 1746 φθείρεσθαι
929 1692 989 1731 καὶ
1021 1691 1237 1730 διαλύεσθαι.

189 1753 212 1803 S
235 1759 297 1792 15.
318 1750 403 1791 Ἔτι
438 1752 474 1790 δὲ
506 1751 545 1790 τὸ
580 1752 730 1805 ἄναρχον
751 1751 812 1790 καὶ
848 1750 1076 1798 ἀτελεύτητον
1097 1749 1157 1789 καὶ
1179 1753 1239 1788 τοῦ

191 1812 371 1864 σχήματος
385 1811 443 1850 καὶ
463 1814 524 1859 τῆς
537 1810 704 1858 κινήσεως
727 1811 786 1849 καὶ
803 1815 862 1850 τοῦ
881 1809 1006 1863 χρόνου
1027 1809 1088 1848 καὶ
1104 1812 1166 1856 τῆς
1181 1810 1240 1847 οὗ·

190 1871 266 1915 σίας
298 1874 399 1909 τοῦτο
431 1874 631 1917 πιστοῦται,
658 1869 744 1908 διότι
780 1868 943 1920 ἀγένητος
976 1870 993 1906 ὃ
1025 1867 1154 1920 κόσμος
1181 1867 1241 1906 καὶ

189 1989 330 2030 dolphus
345 1987 527 2027 ediderunt,
552 1987 673 2020 omisso
687 1999 724 2026 γε
748 1986 834 2028 qnod
855 1987 886 2018 in
911 1985 1038 2018 duobus
1063 1985 1158 2018 codd.
1179 1986 1238 2017 est.

191 2037 272 2068 Nam
291 2036 322 2067 in
340 2037 415 2067 Vat.
434 2035 568 2066 testibus
581 2034 735 2066 Vizzanio
758 2034 790 2065 et
812 2031 1032 2066 Siebenkeesio
1056 2033 1240 2073 pariterque

191 2083 224 2114 in
238 2085 307 2114 Par.
328 2083 362 2114 B.
379 2081 495 2121 legitur
517 2081 554 2113 οὐ
573 2081 632 2123 μὴν
645 2081 698 2113 τόν
713 2091 749 2121 γε
768 2080 848 2112 κατὰ
866 2079 975 2118 τόπον,
988 2080 1066 2111 ἀλλὰ
1085 2079 1138 2111 τὸν
1157 2079 1239 2110 κατὰ

191 2128 373 2168 μεταὸολήν.
392 2130 433 2160 At
459 2127 531 2159 cod.
548 2129 587 2160 A.
603 2128 639 2159 οὐ
652 2127 706 2168 μὲν
720 2126 772 2159 τόν
789 2138 824 2167 γε
847 2139 878 2159 κ.
892 2138 920 2159 τ.
937 2127 966 2159 λ.
987 2127 1106 2158 Contra
1120 2126 1151 2158 in
1168 2125 1238 2158 cod.

191 2178 229 2209 c.
248 2176 406 2216 reperitur
426 2175 481 2214 τήν
504 2184 560 2215 pro
590 2175 655 2214 τὸν,
685 2175 772 2216 quod
797 2174 951 2215 Nogarola
970 2177 1002 2206 et
1022 2174 1242 2207 commelinus

194 2220 375 2264 vulgarunt.
421 2223 628 2255 Rettulerunt
641 2224 750 2254 autem
770 2221 911 2254 editores
935 2222 991 2255 τὴν
1012 2224 1141 2262 propter
1155 2221 1242 2253 lacu-

193 2279 267 2302 nam
284 2279 348 2312 qua
367 2270 428 2302 loci
444 2278 558 2301 sensus
574 2269 810 2301 obscurabatur
836 2268 876 2300 ad
896 2269 1039 2305 διέξοδον.
1106 2270 1241 2302 Sensum

194 2317 288 2360 liujus
311 2316 498 2358 paragraphi
509 2316 573 2356 ipsa
592 2315 857 2356 interpretatione
874 2314 951 2346 satis
966 2314 1145 2347 declarasse
1163 2314 1241 2345 mihi

193 2365 316 2397 videor.
360 2365 444 2397 Sunt
471 2365 580 2395 autem
610 2363 651 2394 τὰ
677 2366 786 2404 πρῶτα
817 2362 870 2393 καὶ
902 2361 1077 2402 τιμιώτατα
1108 2370 1242 2402 corpora

194 2411 347 2443 coelestia.
391 2411 471 2444 vult
487 2410 572 2443 enim
602 2410 739 2449 scriptor
753 2409 874 2442 aeterna
888 2417 956 2441 esse
975 2417 1042 2440 non
1059 2407 1156 2440 modo
1176 2417 1244 2440 cor-

194 2467 272 2498 pora
287 2458 442 2499 coelestia,
459 2459 495 2490 ut
516 2465 589 2498 quae
605 2457 721 2489 eodem
742 2465 870 2496 semper
897 2457 985 2488 statu
1004 2458 1166 2495 maneant,
1186 2456 1241 2487 sed

196 2506 317 2547 reliqua
328 2505 435 2544 etiam,
449 2513 524 2545 quae
539 2505 693 2544 perpetuo
716 2505 894 2543 mutantur,
909 2505 1040 2544 propter
1053 2503 1241 2536 mutationis

194 2553 407 2585 aeternitatem
428 2560 446 2583 a
460 2551 649 2583 coelestibus
670 2550 858 2591 corporibus
879 2550 1096 2591 repetendam.

236 2598 255 2640 §
275 2604 322 2631 ¹3.
346 2599 408 2631 ἀπὸ
427 2602 483 2639 γῆς
504 2598 537 2630 δὲ
557 2600 574 2635 ἡ
598 2598 687 2639 αὐτὴ]
707 2597 800 2629 codd.
825 2599 915 2629 Parr.
937 2598 973 2629 Β.
994 2599 1025 2630 et
1050 2599 1102 2637 C.;
1120 2597 1151 2628 in
1168 2596 1241 2630 cod.

160 2666 170 2676 1
196 2649 232 2678 A.
248 2647 298 2688 est⁸
319 2645 381 2677 ἀπὸ
395 2645 427 2677 δὲ
445 2648 500 2685 γῆς
519 2643 642 2683 πάλινὴ
665 2644 757 2682 αὐτή.

238 2694 327 2735 μέχρι
340 2691 449 2734 πυρός]
463 2692 515 2725 Sic
532 2691 628 2724 codd.
652 2694 745 2723 Parr.
765 2693 803 2723 A.
821 2692 854 2723 et
870 2692 923 2731 B.;
943 2691 997 2723 sed
1023 2690 1244 2723 desiderantur

195 2741 266 2772 haec
283 2740 314 2771 in
334 2740 407 2771 cod.
430 2740 469 2771 C.
499 2741 596 2780 atque
616 2738 647 2770 in
678 2738 730 2771 ed.
751 2739 874 2771 Lovan.
921 2738 1139 2777 Quamobrem
1160 2739 1242 2780 apud

195 2786 432 2819 commelinum
445 2785 568 2818 inclusa
591 2789 679 2818 sunt.

236 2834 272 2866 τὸ
295 2832 432 2875 σπέρμα]
459 2832 553 2864 codd.
580 2835 646 2866 tres
666 2835 754 2866 Parr.
778 2835 875 2875 atque
903 2833 977 2866 edd.
1007 2834 1130 2865 Lovan.
1150 2833 1241 2866 Vizz.

198 2880 294 2919 l3alt.3
309 2879 527 2911 commelinus
544 2880 718 2912 articulum
739 2880 881 2913 inclusit.

237 2925 486 2967 ἐπιτελουμένης]
508 2927 603 2960 codd.
626 2929 714 2960 Parr.
736 2931 773 2960 A.
789 2930 820 2961 et
844 2929 895 2969 C.;
925 2937 989 2960 non
1012 2926 1095 2959 male
1113 2926 1186 2959 cod.
1207 2929 1241 2960 B.

195 2975 229 3006 et
246 2975 319 3006 vat.
337 2972 594 3014 ἁποτελουμένης.

237 3019 257 3062 §
277 3021 326 3052 14.
341 3021 370 3052 ot
391 3020 424 3052 δὲ
442 3019 611 3062 ἄνθρωποι]
627 3020 679 3052 Sic
700 3029 812 3053 omnes
835 3020 930 3053 codd.
953 3022 1070 3062 proeter
1089 3022 1163 3053 Vat.
1188 3020 1242 3061 qui

197 3071 303 3111 inepte
321 3069 418 3102 habet
441 3071 467 3102 εἰ
488 3070 520 3102 δὲ
543 3070 712 3111 ἄνθρωπος.

239 3117 276 3150 οὔ
288 3116 346 3159 γάρ
359 3117 442 3150 ἐστιν
455 3134 496 3141 -—
511 3116 646 3159 ἡλικίαν]
663 3117 759 3150 codd.
772 3119 862 3151 Parr.
885 3120 922 3151 Α.
941 3119 972 3151 et
990 3119 1039 3158 B.;
1050 3117 1104 3150 sed
1124 3117 1243 3150 omissa

199 3165 275 3197 sunt
299 3164 370 3196 haec
397 3164 494 3196 verba
507 3164 541 3196 in
566 3165 637 3197 cod.
662 3165 697 3197 G.
717 3166 815 3206 atque
837 3167 869 3198 in
895 3166 946 3198 ed.
970 3166 1093 3198 Lovan.
1120 3166 1244 3197 Desunt

201 3210 396 3253 praetereain
412 3211 585 3244 Christiani
604 3212 884 3254 interpretatione,
903 3213 958 3245 ubi
978 3213 1044 3244 lioec
1065 3213 1214 3253 leguntur
1233 3225 1241 3244 :

205 3271 219 3288 ι
234 3258 419 3291 successive
435 3258 542 3299 potius
560 3258 747 3292 universum
765 3262 888 3292 naturae
907 3259 1077 3292 terminum
1091 3259 1240 3300 subeunt,

201 3313 302 3346 neque
317 3304 379 3337 illis
394 3307 443 3336 est
458 3304 541 3338 inter
556 3314 590 3338 se
611 3306 798 3339 mutationis
818 3307 961 3348 undique
981 3306 1174 3338 circumfusa
1192 3315 1243 3338 co-

203 3352 314 3385 hibitio
337 3353 419 3392 (quae
449 3352 572 3385 Groe'cis
592 3356 641 3385 est
662 3353 942 3396 ἀντιπερίστασις),
971 3352 1242 3394 quemadmodum

200 3402 247 3432 est
266 3399 298 3431 in
318 3398 390 3438 igne
405 3399 467 3430 etc.
488 3411 504 3428 u

242 3447 312 3479 οὐδὲ
340 3446 600 3489 ἀντιπερίστασις]
621 3448 673 3481 Sic
699 3450 785 3482 recte
812 3449 922 3487 codd.;
955 3457 1030 3481 nam
1056 3448 1176 3481 inutilis
1196 3453 1244 3482 est

201 3494 342 3526 Vizzanii
363 3494 548 3534 conjectura
565 3495 602 3527 οὐ
614 3494 654 3527 δι’
667 3496 915 3538 ἀντιπερίστασιν
933 3497 1097 3538 μεταὸολή.

243 3540 329 3583 ἀέρος
339 3539 405 3582 καὶ]
420 3549 483 3573 non
503 3543 630 3574 exstant
651 3542 720 3575 haec
733 3543 830 3576 verba
847 3542 879 3576 in
894 3544 989 3577 codd.
1009 3545 1095 3576 Parr.

1268 1985 1279 3577 w*-
1266 670 1279 1910 ———,——————-——-...-—-—-—-

2264 323 2338 357 393

1291 410 1424 442 corpora
1439 410 1512 443 quae
1527 402 1640 435 eadem
1662 410 1789 443 semper
1814 402 1883 444 lege
1903 405 2074 436 moventur
2092 405 2266 446 eademque
2287 415 2340 438 ra·

1296 460 1384 493 tione
1403 459 1516 493 orbem
1535 460 1730 501 conficiunt,
1751 460 1874 493 nullam
1895 470 1963 494 suae
1982 462 2170 495 substantiae
2185 463 2339 497 vicissittu

1293 518 1403 551 dinem
1426 518 1547 552 habent
1562 532 1570 552 ε
1587 519 1728 552 secunda
1740 522 1848 552 autem
1859 544 1868 561 ,
1886 520 1917 551 id
1938 524 1987 553 est
2004 521 2085 562 ignis
2098 547 2106 562 ,
2121 530 2220 563 aqua,
2236 525 2319 555 terra
2332 547 2341 563 ,

1293 587 1346 611 aer
1371 578 1523 620 deinceps
1543 580 1576 611 et
1595 579 1796 612 continenter
1814 588 1878 611 non
1897 579 1957 612 loci
1977 579 2033 612 sed
2047 581 2262 613 conversionis
2282 583 2344 614 ter-

1294 638 1419 670 minum
1447 640 1584 671 mutant.
1607 638 1627 680 §
1658 643 1706 671 13.
1737 639 1823 679 Ignis
1840 639 1926 671 enim
1943 639 1970 672 si
1987 639 2016 671 in
2036 649 2135 672 unum
2154 642 2286 681 cogatur
2312 643 2345 673 et

1295 696 1458 736 densetur,
1480 705 1586 729 aerem
1605 696 1726 737 gignit,
1746 705 1801 730 aer
1817 698 1926 730 autem
1943 705 2061 739 aquam
2075 721 2084 738 ‚
2101 707 2184 740 aqua
2208 701 2343 739 terram;

1295 764 1313 787 a
1330 757 1416 788 terra
1443 764 1521 788 vero
1542 764 1646 797 usque
1673 755 1714 789 ad
1733 756 1860 798 ignem,
1889 765 1908 789 a
1937 766 2003 798 quo
2031 757 2186 797 originem
2203 758 2347 791 traxerat

1296 815 1452 856 mutatio,
1472 815 1560 848 idem
1578 815 1801 849 conversionis
1825 816 1980 848 circuitus
1997 816 2115 857 agitur.
2160 818 2200 849 At
2217 817 2347 849 arbores

1297 875 1455 916 frugiferae
1472 876 1504 909 et
1540 876 1700 917 pleraeque
1727 876 1843 918 stirpes
1870 885 1888 909 e
1906 877 2081 910 seminibus
2101 877 2150 910 sui
2176 882 2268 910 ortus
2289 878 2348 911 ini-

1297 935 1380 966 tium
1401 934 1548 974 ducunt,
1568 934 1623 967 sed
1649 935 1774 968 fructus
1794 937 1897 968 nactae
1922 936 2206 977 maturitatemque
2234 945 2347 970 conse-

1297 994 1380 1025 cutae
1399 1002 1509 1026 rursus
1537 993 1578 1026 ab
1600 993 1712 1026 eodem
1734 994 1766 1026 in
1795 993 1882 1026 idem
1903 996 2104 1027 commeante
2139 992 2252 1028 natu'ra
2282 995 2347 1028 dis-

1298 1052 1478 1085 solvuntur.
1509 1052 1528 1094 §
1559 1054 1609 1085 14.
1639 1054 1761 1085 Verum
1796 1052 1941 1084 homines
1972 1055 2003 1084 et
2036 1051 2160 1093 reliqua
2194 1053 2347 1085 animalia

1300 1110 1471 1142 humiliore
1504 1110 1643 1151 quadam
1677 1118 1716 1143 ac
1737 1109 1895 1143 deteriore
1920 1106 2041 1143 ratione
2072 1110 2113 1142 ad
2140 1120 2347 1144 communem

1300 1172 1426 1200 naturae
1445 1168 1619 1200 terminum
1640 1168 1843 1210 perveniunt.
1889 1171 2000 1210 Neque
2024 1169 2108 1201 enim
2130 1169 2170 1202 iis
2195 1170 2350 1210 contingit

1301 1226 1421 1259 reditus
1442 1227 1482 1259 ad
1499 1227 1635 1268 primam
1652 1229 1780 1260 aetatem
1793 1252 1802 1267 ,
1826 1237 1930 1269 neque
1947 1229 2106 1260 contraria
2132 1230 2255 1261 mutuae
2271 1238 2348 1261 con-

1299 1285 1455 1320 versionis
1475 1280 1645 1328 impulsio,
1667 1295 1764 1327 quam
1780 1287 1812 1318 in
1832 1286 1920 1327 igne,
1939 1294 2034 1326 aere,
2054 1294 2156 1327 aqua,
2174 1290 2258 1319 terra
2278 1287 2352 1320 licet

1300 1346 1410 1379 videre
1422 1370 1431 1386 ,
1449 1346 1505 1379 sed
1523 1346 1577 1378 ubi
1598 1344 1824 1387 quadruplices
1838 1354 1946 1378 rerum
1966 1345 2054 1377 vices
2075 1346 2255 1386 peragendo
2274 1355 2351 1387 qua·

1301 1405 1507 1446 dripartitum
1539 1404 1695 1437 circulum
1727 1405 1939 1438 confecerunt
1970 1405 2067 1446 atque
2097 1412 2227 1438 omnem
2247 1405 2352 1438 aetatis

1303 1466 1488 1498 varietatem
1519 1465 1754 1507 expleverunt,
1784 1465 2009 1498 dissolvuntur
2025 1467 2057 1498 et
2084 1467 2230 1507 pereunt.
2275 1469 2353 1499 Haec

1301 1525 1396 1566 igitur
1411 1526 1489 1558 sunt
1507 1524 1599 1566 signa
1618 1527 1650 1557 et
1671 1524 1787 1557 indicia
1803 1533 1821 1557 e
1847 1525 1966 1566 quibus
1989 1526 2077 1566 patet
2098 1534 2205 1558 rerum
2224 1525 2354 1558 univer-

1300 1585 1427 1616 sitatem
1449 1585 1481 1616 et
1514 1584 1652 1623 coelum,
1679 1583 1774 1624 cujus
1803 1583 2013 1616 circumflexu
2041 1587 2192 1625 teguntur
2217 1587 2352 1624 cuncta,

1301 1652 1487 1684 permanere
1512 1646 1545 1675 et
1572 1642 1756 1675 conservari
1770 1651 1907 1684 semper,
1924 1652 1974 1676 res
1992 1651 2068 1675 vero
2092 1643 2233 1684 singulas
2250 1645 2284 1676 et
2296 1643 2353 1675 ad-

1300 1702 1450 1734 ventitias
1464 1702 1594 1735 interire
1608 1710 1646 1734 ac
1659 1702 1770 1734 deleri.
1788 1700 1808 1743 §
1828 1707 1876 1734 15.
1900 1703 2062 1735 Praeterea
2083 1702 2225 1735 universi
2240 1701 2352 1743 figura,

1301 1762 1427 1801 motus,
1464 1763 1592 1802 tempus
1621 1764 1654 1793 et
1686 1760 1866 1793 substantia
1888 1769 1988 1802 quum
2016 1761 2174 1802 ejusmodi
2210 1761 2291 1802 sint,
2320 1762 2355 1794 ut

1301 1829 1404 1860 neque
1433 1820 1627 1861 principium
1653 1819 1794 1852 habeant
1824 1829 1929 1861 neque
1960 1820 2072 1861 finem,
2107 1820 2202 1852 tidem
2234 1820 2356 1854 faciunt

1301 1879 1460 1911 mundum
1478 1887 1582 1918 neque
1611 1878 1754 1919 genitum
1786 1886 1856 1911 esse
1883 1887 1986 1919 neque
2012 1878 2227 1911 interiturum.
2272 1881 2353 1912 Nam

1343 1986 1397 2016 τὸν
1425 1983 1476 2016 διὰ
1495 1982 1670 2025 τεσσάρων]
1692 1983 1787 2015 codd.
1821 1985 1884 2015 tres
1909 1985 2011 2023 Parr.;
2041 1984 2123 2016 male
2143 1984 2237 2016 codd.
2262 1986 2354 2016 vatt.

1305 2031 1443 2063 testibus
1458 2030 1613 2069 Vizzanl'o
1634 2035 1664 2064 et
1684 2030 1911 2064 Siebenkeesio
1938 2035 2000 2063 τῶν
2023 2031 2074 2063 διὰ
2094 2031 2266 2072 τεσσάρων.
2285 2031 2358 2063 Edi-

1303 2078 1348 2109 tio
1371 2077 1579 2109 Lovaniensis
1591 2087 1665 2110 cum
1687 2077 1784 2111 codd.
1806 2079 1895 2110 Parr.
1913 2080 2093 2118 conspirat3
2109 2079 2193 2118 apud
2207 2079 2356 2110 Comme-

1304 2125 1416 2163 linum‚
1426 2124 1561 2157 Galeum
1570 2125 1602 2156 et
1613 2125 1826 2165 Dargensium
1835 2124 1948 2165 legitur
1960 2127 2013 2157 τὸν
2024 2126 2074 2157 διὰ
2083 2126 2166 2166 (τῶν)
2182 2126 2355 2168 τεσσάρων.

1303 2172 1492 2213 Rudolphus
1508 2174 1570 2203 τῶν
1589 2171 1656 2204 sine
1675 2172 1763 2204 uncis
1783 2172 1899 2211 posuit.

1345 2219 1398 2250 καὶ
1413 2219 1466 2255 τὰς
1484 2218 1667 2260 μεταὸολὰς]
1683 2219 1776 2251 codd.
1790 2221 1879 2251 Parr.
1904 2221 1940 2252 B.
1958 2221 1990 2251 et
2006 2221 2059 2260 C.;
2077 2223 2110 2252 at
2125 2219 2196 2252 cod.
2214 2224 2250 2253 A.
2271 2219 2355 2252 haud

1303 2275 1396 2298 secus
1409 2268 1506 2306 alque
1522 2267 1596 2299 vat.
1611 2275 1629 2299 a
1642 2267 1865 2300 Siebenkeesio
1882 2276 2036 2300 excussus
2052 2267 2147 2300 habet
2159 2268 2240 2300 κατὰ
2253 2268 2307 2305 τὰς
2320 2280 2353 2309 μ.

1305 2316 1485 2353 Utrumque
1505 2314 1714 2346 commodum
1731 2314 1828 2347 habet
1843 2323 1986 2347 sensum.

1344 2372 1377 2393 τε
1393 2361 1445 2392 καὶ
1463 2361 1655 2403 ἀπογίνεται]
1677 2361 1747 2394 cod.
1767 2364 1842 2394 Par.
1863 2365 1901 2394 A.
1920 2371 2017 2403 quem
2033 2364 2162 2395 secutus
2175 2364 2224 2395 est
2242 2365 2357 2395 Baltae-

1304 2408 1386 2448 sius;
1399 2407 1529 2447 reliquae
1546 2409 1740 2441 membranae
1759 2418 1857 2449 prope
1872 2418 1984 2441 omnes
2000 2410 2052 2441 καὶ
2070 2410 2262 2452 ἀπογίνεται.
2281 2410 2358 2442 viz·

1304 2454 1417 2486 zanius
1436 2464 1443 2485 :
1461 2454 1515 2486 καὶ
1532 2453 1610 2486 ἄλλα
1622 2455 1750 2496 γίνεται.
1765 2456 1802 2487 In
1821 2457 1891 2488 Par.
1907 2457 1942 2487 C.
1956 2464 2012 2496 pro
2026 2455 2206 2497 ἀπογίνεται
2219 2456 2296 2489 item
2307 2458 2358 2489 est
2406 2497 2410 2502 .

1304 2511 1432 2541 γινεται.

1345 2552 1445 2580 ταῦτα
1470 2548 1536 2590 οὖν]
1556 2551 1627 2581 Par.
1650 2553 1686 2582 A.
1709 2549 1826 2581 τούτων
1846 2550 1912 2581 ἐστὶ
1933 2553 2048 2590 σημεῖα
2073 2561 2104 2580 κ.
2125 2560 2152 2584 τ,
2168 2550 2211 2588 λ.;
2229 2551 2300 2582 Par.
2319 2551 2355 2582 B.

1303 2596 1422 2628 τούτων
1439 2596 1505 2628 ἐστὶ
1525 2599 1640 2637 σημεῖα
1661 2597 1713 2628 καὶ
1732 2597 1883 2638 τεκμήρια
1899 2600 1991 2629 τοῦτο
2009 2597 2062 2638 μὲν
2079 2596 2160 2628 ὅλον.
2178 2597 2249 2629 Non
2269 2596 2359 2629 aliter

1306 2645 1379 2675 Par.
1394 2645 1431 2675 C.
1449 2645 1606 2675 Praeterea
1622 2643 1739 2675 τούτων
1757 2644 1927 2675 Vizzanius
1945 2644 1976 2675 in
1994 2643 2088 2675 codd.
2109 2644 2200 2675 Vatt.
2222 2643 2356 2676 invenit.

1306 2690 1410 2722 Editio
1424 2690 1628 2723 Lovaniensis
1640 2690 1775 2723 ιτοὺτων
1785 2690 1850 2722 ἐστὶ
1863 2690 1979 2731 σημεῖά
1991 2701 2023 2722 τε
2038 2690 2089 2722 καὶ
2103 2690 2254 2731 τεκμήρια
2267 2693 2368 2722 τοῦτο’

1305 2749 1372 2779 μεν.

1345 2785 1384 2816 τὰ
1401 2785 1427 2816 δ’
1445 2785 1493 2816 ἐπὶ
1511 2783 1633 2826 μέρους]
1649 2783 1718 2817 cod.
1737 2786 1807 2817 Par.
1829 2786 1879 2824 A.;
1901 2784 2015 2826 reliqui
2038 2783 2102 2816 duo
2118 2784 2157 2816 τὰ
2173 2784 2205 2817 δὲ
2225 2784 2274 2816 ἐπὶ
2303 2785 2356 2826 μέ·

1305 2843 1373 2874 ρους
1390 2836 1426 2863 ut
1440 2831 1492 2865 ed.
1508 2834 1628 2864 Lovan.

1346 2879 1428 2919 ἐπιγ.
1439 2878 1547 2920 αὐτοῦ]
1558 2878 1666 2917 αὐτοῦ,
1681 2877 1767 2919 quod
1781 2878 1980 2911 desideratur
1994 2878 2025 2910 in
2039 2877 2206 2918 Nogarolae
2219 2877 2358 2910 editione

1306 2928 1403 2966 atque
1421 2925 1504 2966 apud
1526 2925 1762 2958 Commelinum
1783 2926 1873 2959 uncis
1891 2926 2052 2958 inclusum
2069 2929 2136 2965 est,
2157 2925 2309 2965 reperitur
2325 2924 2357 2956 in

1305 2973 1408 3005 tribus
1422 2972 1517 3004 codd.
1532 2974 1619 3005 Parr.
1636 2973 1734 3013 atque
1747 2973 1778 3005 in
1788 2974 1877 3006 Vatt.
1889 2973 2016 3014 Legitur
2025 2972 2121 3005 etiam
2132 2972 2164 3004 in
2173 2972 2223 3004 ed.
2234 2973 2342 3004 Lovan

1304 3027 1335 3055 et
1357 3023 1513 3064 plerisque
1528 3023 1770 3063 posterioribus·

1345 3069 1364 3111 §
1392 3073 1437 3102 15.
1459 3069 1606 3102 Stobaeus
1620 3069 1729 3110 Eclog.
1749 3070 1845 3111 Phys.
1863 3071 1877 3102 1
1893 3079 1924 3112 p.
1944 3072 1984 3103 44
2000 3070 2100 3102 totam
2116 3069 2180 3101 sere
2201 3068 2281 3100 hanc
2299 3076 2341 3108 pa

1307 3116 1498 3157 ragraphum
1527 3125 1628 3157 usque
1655 3117 1695 3149 ad
1716 3117 1813 3150 verba
1835 3118 2000 3159 πεφυκέναι
2030 3115 2228 3159 μεταὸάλλειν
2249 3114 2357 3146 dorica

1306 3164 1439 3196 dialecto
1457 3163 1577 3196 laudat.
1594 3163 1682 3197 [dem
1703 3164 1793 3197 locus
1815 3165 1948 3197 affertur
1964 3174 1983 3196 a
2006 3163 2146 3196 Patricio
2169 3163 2254 3195 Disc.
2273 3162 2356 3202 peri·

1306 3214 1369 3251 pat.
1390 3212 1429 3243 T.
1447 3212 1474 3243 11
1496 3210 1550 3242 lib.
1569 3212 1612 3243 Vl
1633 3220 1664 3251 p.
1683 3214 1740 3244 251
1765 3220 1867 3251 usque
1882 3210 1923 3242 ad
1944 3210 2041 3242 verba
2064 3211 2118 3242 καὶ
2135 3209 2296 3250 ἄφθαρτος.

1346 3256 1503 3299 ἀγένητος]
1517 3257 1588 3289 cod.
1607 3259 1682 3290 Par.
1704 3259 1758 3298 A.;
1776 3257 1913 3290 editores
1929 3257 2072 3299 plerique
2089 3257 2263 3297 ἀγέννητος.
2290 3256 2354 3286 Νο-

1304 3304 1411 3336 tabilis
1431 3305 1483 3336 hic
1499 3306 1547 3337 est
1562 3313 1640 3338 usus
1654 3305 1799 3338 vocabuli
1813 3305 1944 3344 κύκλος,
1965 3304 2050 3345 quod
2077 3312 2133 3344 pro
2158 3305 2293 3343 σφαῖρα,
2319 3300 2354 3331 ut

1301 3352 1366 3392 Jam
1383 3351 1434 3384 alii
1451 3351 1681 3394 observarunt,
1695 3361 1713 3384 a
1730 3353 1885 3394 scriptore
1903 3352 2047 3392 usurpari
2065 3350 2198 3383 videtur.
2210 3349 2258 3382 ci.
2277 3350 2354 3379 Par-

1305 3399 1423 3431 rnenid.
1443 3407 1479 3430 v·
1503 3401 1653 3432 102-103.

1345 3446 1366 3483 ἥ
1382 3456 1415 3477 τε
1430 3449 1484 3484 τῆς
1499 3445 1663 3487 κινήσεως]
1679 3445 1775 3478 codd.
1793 3447 1883 3478 Parr.
1903 3447 1983 3486 Nog.
2000 3446 2127 3477 Comm.
2147 3446 2179 3475 et
2196 3442 2356 3483 pleraeque

1305 3492 1378 3525 edd.
1402 3493 1443 3524 At
1459 3492 1629 3525 vizzanius
1645 3494 1664 3532 ἦ
1682 3504 1715 3525 τε
1731 3493 1849 3531 κίνησις
1865 3492 1969 3525 habet.
1987 3489 2226 3524 Praeserendum
2244 3489 2356 3529 utique

1306 3546 1324 3582 ἣ
1338 3554 1371 3575 τε
1383 3547 1436 3582 τῆς
1451 3544 1601 3582 κινήσεως
1615 3552 1689 3576 cum
1703 3543 1746 3576 ob
1760 3543 1822 3576 loci
1836 3543 2004 3583 rationem,
2016 3544 2085 3575 tum
2097 3544 2224 3582 propter
2237 3538 2353 3572 s:obaei
