2612 3814
6 2808 33 2859 ἵζ’

4 3487 6 3491 .
5 3367 8 3407 ω,
0 3037 10 3278 mmmm,
7 2970 11 2973 ,

31 3640 34 3652 τ
28 3592 42 3627 ⁵¹25.
16 3511 40 3584 *37¹¹*

809 388 929 463 DE
976 384 1578 469 ‚ANAXIMENR

144 661 429 708 Anaximenes,
451 659 671 711 Eurystrati
704 659 830 707 filius,
854 659 1031 698 Milesius
1060 659 1145 698 fuit.

89 721 203 762 Hunc
223 718 491 772 Apollodorus
512 719 554 757 in
575 718 785 757 Chronicis
812 717 916 770 apud
936 718 1148 767 Diogenem

23 796 25 798 ·
87 779 315 832 olympiade
335 779 576 829 sexagesima
596 778 710 818 tertia
728 791 812 818 esse
831 786 964 816 natum
982 790 1026 816 ac
1047 777 1151 815 circa

27 834 31 894 J
89 839 191 879 illud
207 848 361 890 tempus
380 852 459 891 quo
476 838 616 877 Sardes
633 848 754 891 captae
774 847 865 877 sunt
886 838 990 877 diem
1014 850 1150 889 supre-

90 913 198 939 mum
215 898 364 938 obiisse
386 906 551 937 testatur
570 896 642 952 (1).
670 899 790 950 Atqui
809 898 950 936 Sardes
970 910 1068 948 quas
1087 896 1150 935 bis

27 959 29 961 ’
91 960 135 999 in
154 959 327 998 hostium
345 957 557 997 arbitrium
578 967 615 996 et
633 966 862 1010 potestatem
883 957 1040 995 venisse
1056 970 1150 994 con-

14 1035 29 1067 '3
87 1027 189 1068 stat,
208 1017 421 1057 combustae
440 1025 531 1056 sunt
547 1016 717 1055 secundo
737 1015 974 1067 olympiadis
993 1023 1150 1066 septua-

89 1078 252 1129 gesimae
278 1091 381 1116 anno
396 1077 459 1116 vel
485 1090 519 1116 a.
538 1076 630 1115 Chr.
654 1082 745 1127 499.
767 1076 902 1127 ltaque
925 1074 998 1114 nisi
1017 1075 1150 1126 philo-

89 1137 258 1189 sophum
287 1136 474 1188 juvenem
499 1135 616 1174 rebus
647 1135 830 1174 humanis
851 1142 1048 1173 exemtum
1068 1146 1152 1172 esse

89 1205 332 1244 statuamus,
354 1196 544 1246 Diogenis
563 1194 686 1234 verba
709 1194 852 1248 mendo
881 1193 1065 1232 laborare
1085 1207 1153 1231 ve·

93 1256 263 1295 risimile
283 1264 353 1295 est.
370 1254 505 1306 Neque
521 1264 650 1293 tamen
665 1254 734 1292 alii
754 1254 969 1305 scriptores
985 1253 1154 1291 certiora

8 1355 29 1359 ,
91 1315 330 1366 verioraque
361 1314 539 1362 tradunt,
572 1326 593 1351 e
613 1311 758 1364 quibus
783 1313 973 1362 Origenes
993 1310 1044 1362 (2)
1064 1324 1151 1350 eum

18 1411 31 1423 ,Ἴ
89 1374 223 1426 primo
243 1372 481 1425 olympiadis
515 1371 850 1423 quinquagesimae
874 1380 1023 1409 octavae
1051 1383 1154 1409 anno

94 1432 294 1481 floruisse,
331 1431 471 1470 Suidas
493 1432 544 1483 (3)
576 1431 801 1483 olympiade
830 1430 1157 1482 quinquagesima

94 1493 234 1544 quinta
254 1493 296 1531 in
325 1491 427 1530 hanc
448 1492 571 1530 vitam
592 1491 808 1541 profectum
826 1504 910 1529 esse
929 1492 991 1529 vel
1008 1490 1156 1528 vixisse

95 1549 314 1605 (γεγονέναι)
330 1560 467 1590 auctor
491 1559 568 1599 est,
586 1564 665 1602 quo
692 1559 867 1603 tempore
887 1550 1015 1602 Cyrus
1033 1563 1157 1601 expu-

96 1612 224 1662 gnatis
239 1611 430 1650 Sardibus
447 1611 626 1648 Croesum
644 1623 767 1661 regno
790 1610 990 1662 spoliavit.
1008 1610 1054 1649 ln
1084 1610 1156 1648 hac

98 1671 412 1710 testimoniorum
441 1670 636 1722 paucitate
660 1682 776 1708 nemo
807 1669 1019 1708 mirabitur
1050 1669 1157 1708 viros

96 1729 232 1769 doctos
247 1743 335 1781 quae
354 1730 396 1768 in
412 1737 588 1767 veterum
604 1727 868 1767 monumentis
885 1726 1160 1766 desiderantur

93 1789 338 1840 *conjecturis
357 1788 518 1841 explere
542 1788 729 1827 voluisse.
752 1786 828 1826 Sed
846 1787 976 1826 varias
995 1787 1158 1826 illorum

97 1862 143 1888 ac
159 1850 427 1901 discrepantes
444 1850 656 1887 sententias
674 1847 821 1887 referre
835 1847 1156 1899 supersedemus3

99 1923 222 1948 unum
253 1907 558 1948 memorabimus
584 1908 729 1959 lleynii
749 1907 952 1947 inventum
982 1907 1158 1958 quicum

33 2010 35 2012 ,
92 1968 283 2008 'Simsono
317 1968 569 2020 transpositis
601 1967 753 2019 aliquot
790 1966 924 2006 verbis
972 1966 1161 2017 Diogenis

95 2028 230 2067 docum
263 2028 320 2067 sic
358 2027 564 2066 constituit
605 2042 614 2066 ε
644 2027 832 2079 γεγένηται
871 2026 1069 2080 μὲν...περ“ι
1095 2024 1160 2074 τὴν

97 2087 271 2141 Σάρδεων
296 2087 450 2134 ἅλωσιν,
481 2086 690 2135 ἐτελεύτησε
720 2086 757 2125 δὲ
791 2090 836 2139 τῇ
867 2085 919 2138 ξγ’
953 2086 1160 2138 ὀλυμπιάδι.

94 2146 216 2185 Cous.
239 2146 394 2186 Fabric.
420 2145 521 2184 Bibl.
544 2146 613 2184 Gr.
638 2146 719 2184 vol.
736 2145 774 2185 ΙΙ
794 2160 833 2198 p.
853 2146 926 2184 651
951 2145 1013 2185 ed.
1034 2146 1159 2193 Harl.;

70 2205 73 2207 “
93 2206 274 2247 Clinton.
296 2206 344 2245 ad
360 2205 517 2257 Olymp.
536 2206 601 2257 58,
623 2220 636 2243 1
658 2201 695 2243 et
709 2219 748 2257 p.
770 2206 845 2254 376
866 2205 1003 2244 transl.
1021 2205 1160 2257 Krfig.;

94 2264 144 2304 (2.
175 2264 217 2304 F.
247 2265 461 2304 Hermanni
495 2264 543 2302 de
576 2264 905 2316 philosophorum
936 2264 1161 2304 lonicorum

99 2323 282 2363 aetatibus
307 2324 630 2376 disputationem,
648 2324 843 2374 Gottingae
872 2325 995 2375 1849.
1019 2324 1163 2364 Prodi-

103 2392 184 2422 tum
199 2391 254 2422 est
272 2383 554 2422 Anaximenem
570 2383 854 2422 Anaximandri
873 2382 925 2436 (4)
945 2383 1163 2423 auditorem

1217 658 1335 696 fuisse
1349 686 1359 705 ,
1382 656 1488 708 quod
1511 655 1700 695 credibile
1716 656 1934 705 videretur,
1954 657 2033 696 nisi
2054 667 2271 710 temporum

1214 717 1316 756 ratio
1338 715 1527 755 obstaret.
1552 715 1792 766 Intelligitur
1813 724 1916 754 certe
1929 729 1951 755 e
1970 716 2196 767 dogmatum
2217 720 2274 756 si-

1214 777 1460 824 militudine,
1494 773 1775 814 Anaximenem
1810 784 1900 827 post
1934 776 2274 815 Anaximandrum

1214 835 1531 887 philosophatum
1564 847 1662 875 esse.
1695 834 1900 873 Falluntur
1929 844 2056 874 autem
2085 836 2154 887 qui
2186 850 2273 875 eum

1214 895 1461 933 Parmenidis
1485 894 1724 946 discipulum
1755 894 1916 933 faciunt.
1937 894 2023 941 Qua
2045 895 2094 934 de
2122 909 2165 934 re
2191 897 2275 935 dixi

1215 955 1257 993 in
1277 953 1509 1005 praefatione
1528 952 1577 991 ad
1600 953 1888 992 Parmenidem.

1268 1013 1472 1065 Praecipua
1489 1011 1574 1063 ejus
1595 1012 1752 1050 decreta
1769 1012 1852 1051 haec
1877 1023 1979 1052 sunt.
2000 1014 2134 1053 Placet
2163 1015 2218 1067 (5)
2240 1018 2276 1055 ei

1216 1087 1347 1112 rerum
1379 1073 1624 1125 principium
1647 1085 1774 1110 aerem
1815 1086 1920 1120 esse,
1958 1087 2007 1111 ex
2030 1088 2110 1125 quo
2145 1078 2279 1114 onmia

1215 1142 1426 1171 nascantur
1439 1141 1478 1171 et
1491 1133 1532 1170 in
1552 1145 1668 1183 quem
1688 1132 1820 1170 omnia
1840 1132 2002 1171 interitu
2015 1147 2086 1171 suo
2104 1133 2277 1172 redeant.

1217 1192 1292 1241 lta,
1313 1193 1465 1243 inquit,
1487 1192 1617 1229 anima
1646 1200 1800 1238 nostra,
1820 1192 1915 1242 quia
1935 1205 2003 1230 aer
2028 1202 2105 1240 est,
2128 1193 2278 1232 idcirco

1217 1265 1290 1289 nos
1310 1259 1439 1289 tuetur
1462 1259 1500 1289 et
1520 1250 1644 1300 regit,
1667 1257 1873 1301 totumque
1902 1251 2091 1289 mundum
2115 1253 2280 1303 spiritus

1218 1321 1334 1362 atque
1356 1324 1422 1350 aer
1438 1310 1627 1349 continet.
1650 1308 1764 1348 Hunc
1782 1322 1924 1359 genere
1942 1311 2165 1359 infinitum,
2185 1326 2280 1363 qua·

1221 1371 1400 1410 litatibus
1421 1371 1577 1409 finitum
1597 1370 1755 1409 vocavit
1776 1370 1841 1422 (6).
1864 1369 2020 1423 Quippe
2039 1385 2110 1423 per
2129 1385 2170 1411 se
2188 1372 2282 1410 infi-

1222 1431 1348 1469 nitum
1368 1431 1482 1469 illum
1504 1443 1636 1469 rerum
1666 1438 1866 1483 parentem
1886 1443 1971 1469 esse
1997 1431 2119 1480 dixit,
2139 1433 2206 1472 sed
2237 1447 2282 1472 ea

1220 1505 1307 1542 quae
1341 1504 1390 1529 ex
1410 1505 1457 1529 eo
1491 1491 1694 1529 orirentur
1716 1490 1878 1529 definita
1908 1489 1960 1543 (7)
1985 1505 1994 1530 ε
2022 1492 2131 1543 gigni
2154 1502 2283 1532 autem

1220 1560 1362 1590 terram
1379 1579 1390 1598 ,
1422 1564 1586 1602 aquam,
1622 1551 1775 1602 ignem,
1814 1559 1894 1589 tum
1930 1564 1979 1590 ex
2013 1552 2075 1591 bis
2113 1554 2280 1606 reliqua.

1220 1612 1327 1651 Oriri
1351 1612 1401 1664 (8)
1425 1612 1531 1650 enim
1558 1620 1698 1651 cuncta
1721 1625 1810 1651 aere
1827 1613 1888 1651 vel
1908 1612 2070 1652 densato
2093 1615 2156 1654 vel
2178 1628 2284 1654 rare-

1224 1679 1371 1710 scente.
1388 1663 1582 1710 Praeterea
1600 1679 1748 1709 motum
1764 1670 1814 1709 ab
1833 1671 1942 1710 omni
1957 1672 2172 1710 aeternitate
2189 1685 2284 1712 esse.

1220 1730 1416 1769 Nimirum
1440 1739 1718 1769 concrescente
1738 1744 1828 1770 aere
1847 1731 2021 1783 primum
2042 1741 2283 1784 procreatam

1224 1802 1309 1828 esse
1324 1798 1470 1828 terram
1497 1789 1691 1828 latissime
1710 1799 1903 1842 patentem
1915 1821 1925 1841 ‚
1948 1791 2117 1842 ideoque
2135 1793 2285 1844 optimo

1218 1847 1309 1899 jure
1338 1861 1422 1886 eam
1448 1861 1540 1887 aere
1563 1848 1693 1886 inniti.
1724 1849 1849 1888 Porro
1870 1850 1990 1888 solem
2027 1859 2064 1888 et
2083 1851 2216 1889 lunam
2242 1866 2286 1890 ae

1224 1917 1364 1946 caetera
1395 1908 1527 1947 sidera
1555 1922 1578 1947 a
1609 1918 1716 1948 terra
1748 1909 1942 1960 originem
1974 1909 2132 1949 habere.
2153 1910 2286 1950 Solem

1223 1967 1347 2017 igitur
1369 1976 1514 2006 terram
1533 1981 1619 2007 esse
1647 1982 1731 2020 prae
1753 1981 1794 2007 se
1815 1967 1905 2007 tulit
1924 1981 1969 2007 ac
1995 1978 2123 2008 motus
2144 1970 2286 2009 celeri-

1226 2036 1302 2066 tate
1322 2028 1603 2067 calidissimam
1631 2037 1787 2067 nactum
1809 2042 1894 2067 esse
1913 2038 2108 2069 naturam.
2129 2032 2243 2069 Astra
2265 2043 2286 2068 e

1227 2089 1392 2127 terrenis
1411 2088 1647 2128 humoribus
1663 2089 1860 2128 exstitisse
1874 2091 2025 2129 censuit
2044 2088 2112 2142 (9).
2131 2090 2289 2129 Scilicet

1228 2159 1396 2199 vapores
1433 2149 1592 2187 excitati
1638 2149 1921 2202 paullatimque
1971 2158 2208 2189 rarescentes
2247 2151 2288 2188 in

1228 2206 1358 2256 ignem
1382 2209 1563 2247 conversi
1579 2217 1693 2259 sunt,
1716 2209 1785 2260 qui
1805 2208 1875 2247 ubi
1896 2208 2078 2248 sublimis
2096 2208 2215 2256 abiit,
2233 2210 2290 2247 ef-

1229 2266 1319 2304 fecit
1334 2275 1376 2305 ut
1389 2268 1508 2306 stellae
1521 2268 1786 2308 exorirentur.
1799 2268 1907 2306 Idem
1923 2269 2054 2308 sidera
2073 2283 2152 2307 non
2170 2283 2290 2321 supra

1230 2334 1389 2374 terram,
1402 2327 1470 2365 sed
1482 2328 1588 2366 circa
1598 2337 1740 2366 terram
1758 2329 1908 2366 moveri
1929 2329 1982 2367 ait
2000 2328 2097 2382 (ιο).
2117 2329 2289 2368 Materiae

1230 2387 1536 2424 contractionem
1572 2400 1616 2424 ac
1655 2387 1923 2425 densationem
1956 2387 2179 2439 appellabat
2220 2388 2289 2427 fri-

147 2535 190 2574 (1)
210 2533 369 2574 Diogenes
390 2534 540 2567 Laertius
553 2534 610 2567 lib,
629 2536 686 2570 111.
711 2539 728 2566 3
748 2543 755 2563 τ
780 2535 973 2575 Ἀναξιμένης
989 2534 1167 2576 Εὐρυστρά-

100 2591 159 2612 του
180 2580 445 2619 Μιλήσιος....καὶ
466 2582 631 2623 γεγένηται
649 2581 705 2623 μέν
719 2606 728 2622 ,
754 2581 838 2614 καθά
858 2593 951 2622 φησιν
975 2581 1166 2615 Ἂπολλόδω·

100 2639 175 2670 ρος,
192 2631 232 2670 τῇ
248 2628 404 2670 ἑξηκοστῇ
424 2628 513 2670 τρίτῃ
542 2628 733 2670 ὀλυμπιάδι·
761 2627 944 2666 ἐτελεύτησε
969 2628 1002 2660 δὲ
1017 2629 1085 2670 περὶ
1110 2628 1166 2667 τὴν

97 2675 246 2717 Σάρδεων
262 2674 393 2707 ἅλωσιν.
411 2674 551 2707 Eudocia
569 2685 601 2716 p.
617 2678 657 2709 ⁵5
671 2684 680 2706 ε
698 2674 799 2712 Οὗτος
814 2675 868 2707 τὸν
890 2675 960 2717 βίον
976 2676 1167 2718 κατέστρεψε

97 2723 173 2766 περὶ
186 2722 243 2762 τὴν
263 2722 404 2764 Σάρδεων
428 2722 557 2755 ἅλωσιν.

147 2771 188 2811 (2)
208 2770 364 2811 origenes
379 2769 566 2811 philosoph.
582 2779 613 2811 p.
637 2772 674 2803 13
696 2769 747 2802 ed.
763 2770 880 2803 Miller.
902 2778 911 2802 :
929 2769 1029 2808 Οὗτος
1041 2771 1168 2814 ἤκμασε

99 2818 174 2860 περὶ
188 2818 255 2855 ἔτος
270 2821 395 2860 πρῶτον
416 2821 470 2857 τῆς
483 2821 699 2857 πεντηκοστῆς
721 2817 835 2859 ὀγδόης
856 2818 1061 2860 ὀλυμπιάδος.

147 2867 190 2907 (3)
210 2866 327 2899 suidas
343 2878 351 2898 ι
384 2867 515 2907 Γέγονεν
531 2866 563 2897 ἐν
581 2870 621 2908 τῇ
636 2868 678 2899 νε’
698 2866 772 2907 (leg.
793 2865 858 2906 νη’)
874 2864 1065 2907 Ὀλυμπιάδι
1083 2867 1115 2899 ἐν
1129 2870 1168 2910 τῇ

102 2914 250 2958 Σάρδεων
267 2915 384 2947 ἁλώσει
398 2939 408 2955 ,
423 2915 477 2947 ὅτε
498 2916 602 2957 Κῦρος
618 2915 636 2947 ὁ
653 2916 777 2957 Πέρσης
797 2917 933 2957 Κροῖσον
951 2914 1102 2947 καθεῖλεν.

148 2962 194 3004 (4)
209 2962 368 3006 Diogenes
394 2962 542 2996 Laertius
558 2962 615 2995 lib.
641 2964 684 3000 ll,
714 2966 733 2995 3
753 2972 761 2994 z
784 2962 1169 3005 Ἀναξιμένης....ἤκουσεν

102 3009 358 3052 Ἂναξιμάνδρου·
374 3010 449 3043 ἔνιοι
464 3010 496 3043 δὲ
514 3009 568 3042 καὶ
578 3011 776 3052 Παρμενίδου
794 3011 889 3053 φασὶν
905 3010 1041 3043 ἀκοῦσαι
1061 3011 1167 3044 αὐτόν.

151 3065 197 3105 (5)
216 3065 412 3098 Plutarchus
428 3065 470 3096 de
485 3064 619 3097 Placitis
640 3065 719 3104 phil.
742 3065 799 3098 lib.
813 3066 841 3106 1,
861 3068 879 3097 3
902 3064 1120 3107 τἈναξιμένης
1137 3063 1170 3095 δὲ

64 3127 65 3131 =
105 3111 127 3143 ὁ
141 3111 293 3151 Μιλήσιος
311 3112 408 3154 ἀρχὴν
421 3115 484 3144 τῶν
504 3111 603 3145 ὄντων
623 3112 699 3154 ἀέρα
717 3111 912 3154 ἀπεφήνατο·
935 3112 971 3144 ἐκ
983 3113 1043 3153 γὰρ
1058 3111 1170 3144 τούτου

106 3158 148 3191 τὰ
164 3159 268 3193 πάντα
290 3160 450 3203 γίνεσθαι,
467 3161 522 3193 καὶ
541 3161 585 3198 εἰς
598 3161 694 3194 αὐτὸν
717 3161 812 3193 πάλιν
838 3160 1044 3193 ἀναλύεσθαι·
1061 3161 1127 3192 οἷον
1149 3162 1169 3198 ἡ

104 3209 196 3251 ψυχὴ
225 3210 342 3251 (φησὶν
354 3209 365 3250 )
378 3211 398 3249 ἡ
424 3209 580 3252 ἡμετέρα,
600 3210 660 3251 ἀὴρ
682 3209 779 3250 οὖσα,
796 3212 967 3252 συγκρατεῖ
986 3211 1086 3249 ἡμᾶς,
1116 3209 1169 3240 καὶ

105 3257 180 3288 ὂλον
195 3257 248 3289 τὸν
266 3257 387 3298 κόσμον
411 3260 534 3300 πνεῦμα
556 3258 611 3291 καὶ
624 3258 684 3301 ἀὴρ
708 3259 858 3300 περιέχει.
886 3258 936 3290 Cf.
966 3255 1169 3290 Aristotelem

109 3303 276 3345 Meaphys.
290 3306 317 3343 l,
335 3306 368 3337 3.

155 3351 201 3391 (6)
221 3351 412 3384 Plutarchus
433 3351 519 3392 apud
536 3352 657 3386 Euseb.
677 3354 781 3394 rroep.
809 3355 929 3391 Evang.
949 3353 978 3392 Ι,
994 3355 1011 3384 8
1029 3361 1037 3383 ε
1056 3350 1169 3388 Ἀναξι·

108 3398 205 3438 μένην
221 3397 256 3430 δέ
271 3409 347 3440 φασι
365 3399 421 3438 τὴν
433 3402 497 3431 τῶν
511 3399 593 3432 ὅλων
609 3399 708 3442 ἀρχὴν
720 3401 774 3433 τὸν
793 3400 871 3441 ἀέρα
886 3401 983 3431 εἰπεῖν
996 3423 1004 3439 ,
1022 3399 1074 3430 καὶ
1095 3402 1168 3430 τοῦ-

108 3455 163 3476 τον
183 3445 262 3477 εἶναι
284 3449 330 3486 τῷ
353 3445 409 3488 μὲν
432 3447 512 3487 γένει
538 3447 665 3489 ἄπειρον
677 3472 685 3487 ,
702 3451 767 3486 ταῖς
783 3449 816 3480 δὲ
827 3449 894 3488 περὶ
909 3447 1003 3478 αὐτὸν
1021 3447 1168 3484 ποιότησι

107 3493 293 3535 ὡρισμένον.
309 3493 416 3526 Minus
434 3496 518 3526 recte
535 3495 691 3536 Diogenes
707 3496 852 3529 Laertius
867 3495 923 3528 lib.
944 3496 988 3535 11,
1008 3497 1025 3526 3
1042 3503 1049 3525 :
1069 3494 1168 3530 Οὗτος

109 3536 210 3579 ἀρχὴν
230 3538 307 3580 ἀέρα
323 3539 392 3571 εἷπε
406 3540 459 3572 καὶ
473 3541 508 3574 τὸ
529 3540 668 3583 ἄπειρον.

225 3602 345 3626 mltos.
371 3603 465 3628 onAEc.

726 3658 850 3666 &„‚,‚,„
905 3657 972 3663 .,-
1019 3656 1082 3662 oms

1275 2536 1318 2575 (7)
1341 2536 1454 2569 Cicero
1482 2535 1581 2569 Acad.
1607 2539 1733 2574 Quaesl.
1754 2537 1808 2570 lin.
1830 2539 1874 2578 Il,
1902 2541 1963 2579 373
1982 2538 2078 2579 paulo
2100 2538 2194 2571 aliter
2209 2540 2292 2572 sun-

1232 2582 1347 2623 plicius
1365 2585 1551 2616 comment.
1567 2584 1598 2615 in
1620 2584 1718 2617 Arist.
1734 2585 1829 2626 Phys.
1852 2585 1906 2617 sol.
1924 2590 1956 2618 6.
1973 2594 1991 2617 a
2010 2594 2020 2614 ι
2037 2586 2232 2628 Ἀναξιμένης
2257 2587 2291 2619 δὲ

1231 2629 1450 2672 Εὐρυστράτου
1465 2630 1620 2669 Μιλήσιος
1630 2656 1639 2671 ,
1658 2633 1778 2674 ἑταῖρος
1795 2632 1931 2674 γεγονὼς
1947 2631 2180 2675 Ἀναξιμάνδρου
2192 2659 2202 2675 ,
2217 2634 2292 2676 μίαν

1231 2676 1287 2717 μὲν
1307 2679 1363 2717 τὴν
1388 2683 1597 2725 ὑποκειμένην
1618 2679 1710 2721 φύσιν
1728 2680 1782 2711 καὶ
1804 2679 1933 2722 ἄπειρόν
1957 2691 2068 2723 φησιν,
2089 2682 2198 2725 ὥσπερ
2214 2682 2292 2716 ἐκεῖ·

1230 2735 1281 2760 νος
1295 2749 1304 2766 ,
1324 2727 1381 2758 οὐκ
1399 2728 1546 2771 ἀόριστον
1565 2728 1599 2761 δὲ
1622 2727 1729 2769 ὥσπερ
1745 2727 1861 2763 ἐκεῖνος
1873 2753 1880 2765 ,
1905 2727 1984 2759 ἀλλὰ
2011 2728 2066 2760 καὶ
2095 2729 2290 2770 ὡρισμένην,

1231 2772 1308 2813 ἀέρα
1325 2773 1424 2815 λέγων
1447 2775 1555 2815 αὐτήν.
1571 2773 1694 2813 κίνησιν
1717 2774 1750 2806 δὲ
1770 2775 1824 2807 καὶ
1843 2774 1932 2811 οὗτος
1952 2775 2053 2808 ἀΐδιον
2072 2779 2173 2817 ποιεῖ,
2193 2776 2233 2808 δι’
2254 2778 2292 2816 ἢν

1231 2820 1286 2852 καὶ
1309 2820 1366 2858 τὴν
1387 2822 1564 2862 μεταὸολὴν
1580 2821 1753 2863 γίγνεσθαι.

1276 2868 1317 2909 (8)
1342 2870 1538 2903 Plutarchus
1557 2870 1643 2910 apud
1664 2869 1781 2902 Euseb.
1803 2872 1910 2911 Praep.
1932 2872 2054 2911 Evang.
2075 2871 2100 2910 1,
2116 2874 2134 2904 8
2152 2884 2160 2904 :
2175 2873 2286 2906 Γεννᾶ-

1232 2918 1305 2950 σΟαι
1328 2918 1362 2950 δὲ
1381 2918 1485 2951 πάντα
1501 2918 1584 2952 κατά
1597 2930 1670 2951 τινα
1682 2918 1843 2950 πύκνωσιν
1864 2918 1977 2950 τούτου
1994 2919 2047 2950 καὶ
2069 2919 2162 2953 πάλιν
2177 2920 2292 2962 ἀραίω-

1233 2977 1295 2997 σιν.
1317 2966 1373 3006 τήν
1393 2977 1430 3009 γε
1446 2967 1507 3008 μὴν
1524 2967 1647 3005 κίνησιν
1667 2966 1698 3003 ἐξ
1714 2967 1828 3003 αἰῶνος
1859 2967 2024 3008 ὑπάρχειν.
2043 2967 2232 3007 πιλουμένου
2260 2969 2291 3000 δὲ

1231 3017 1287 3046 τοῦ
1302 3014 1389 3056 ἀέρος
1403 3016 1528 3058 πρώτην
1544 3016 1730 3058 γεγενῆσθαι
1743 3014 1843 3055 λέγειν
1859 3015 1915 3054 τήν
1935 3018 1994 3057 γῆν
2004 3039 2013 3055 ,
2029 3015 2180 3048 πλατεῖαν
2195 3016 2291 3056 μάλα·

1233 3064 1280 3095 διὸ
1299 3064 1353 3096 καὶ
1372 3064 1454 3096 κατὰ
1466 3063 1560 3105 λόγον
1577 3064 1674 3103 αὐτὴν
1698 3064 1881 3105 ἐποχεῖσθαι
1895 3064 1980 3105 ἀέρι·
1994 3064 2048 3095 καὶ
2062 3064 2115 3097 τὸν
2131 3065 2219 3103 ἥλιον
2236 3067 2289 3096 καὶ

1232 3110 1288 3149 τὴν
1301 3111 1433 3151 σελήνην
1445 3112 1499 3144 καὶ
1517 3112 1557 3145 τὰ
1576 3112 1672 3144 λοιπὰ
1695 3111 1797 3152 ἄστρα
1822 3112 1878 3151 τήν
1895 3112 1995 3153 ἀρχὴν
2012 3116 2065 3151 τῆς
2084 3115 2237 3153 γενέσεως
2258 3114 2294 3145 ἐκ

1233 3161 1290 3197 γῆς
1307 3157 1402 3199 ἔχειν.
1414 3159 1618 3201 ἀποφαίνεται
1637 3162 1714 3198 γοῦν
1729 3160 1783 3191 τὸν
1797 3159 1884 3198 ἥλιον
1898 3163 1955 3200 γῆν
1969 3184 1977 3200 ,
1996 3159 2048 3192 διὰ
2064 3160 2097 3192 δὲ
2111 3161 2167 3199 τήν
2188 3161 2288 3198 ὀξεῖαν

1233 3204 1356 3243 κίνησιν
1378 3207 1432 3238 καὶ
1460 3208 1543 3249 μάλα
1562 3208 1678 3244 ἱκανῶς
1697 3206 1889 3249 θερμοτάτην
1919 3207 2041 3245 κίνησιν
2068 3207 2153 3249 (leg.
2174 3208 2289 3249 φύσιν)

1232 3252 1348 3286 λαὸεἰν.

1277 3302 1318 3340 (9)
1340 3301 1493 3342 Origenes
1512 3303 1698 3344 Philosoph.
1721 3311 1752 3342 ρ.
1773 3306 1811 3335 12
1835 3303 1887 3335 ed.
1909 3303 2023 3334 Miller.
2047 3312 2055 3332 :
2076 3303 2238 3344 Γεγονέναι
2260 3305 2292 3335 δὲ

1232 3349 1273 3381 τὰ
1287 3350 1387 3391 ἄστρα
1404 3350 1440 3382 ἐκ
1454 3355 1510 3391 γῆς
1524 3351 1576 3383 διὰ
1592 3351 1628 3383 τὸ
1644 3351 1699 3390 τήν
1715 3350 1836 3392 ἰκμάδα
1853 3351 1889 3383 ἐκ
1907 3351 2022 3389 ταύτης
2037 3350 2240 3391 ἀνίστασθαι,
2257 3351 2292 3389 ἦς

1234 3397 1440 3439 ἀραιουμένης
1456 3399 1492 3431 τὸ
1513 3401 1574 3441 πῦρ
1589 3398 1749 3441 γίνεσθαι,
1769 3399 1805 3431 ἐκ
1822 3398 1855 3431 δὲ
1875 3402 1931 3431 τοῦ
1948 3399 2043 3440 πυρὸς
2072 3400 2293 3441 μετεωριζομέ-

1232 3456 1287 3477 νου
1308 3445 1379 3482 τοὺς
1393 3445 1524 3487 ἀστέρας
1546 3447 1765 3479 συνίστασθαι.

1275 3495 1340 3531 (102
1364 3493 1519 3532 Diogenes
1533 3495 1679 3526 Laertius
1696 3494 1750 3526 lib.
1768 3497 1810 3535 ll,
1829 3497 1847 3526 3
1870 3503 1877 3522 τ
1904 3495 2064 3526 Κινεῖσθαι
2079 3495 2110 3526 δὲ
2130 3494 2170 3525 τὰ
2191 3494 2291 3534 ἄστρα

1234 3541 1293 3583 οὐχ
1309 3542 1385 3582 ὑπὲρ
1398 3545 1473 3582 γῆν,
1495 3542 1573 3573 ἀλλα
1587 3543 1653 3578 περὶ
1668 3546 1739 3580 γῆν.
2092 3538 2102 3546 '

1182 3601 1230 3629 25¹
2153 3603 2186 3627 ’ἰὸ
