2612 3814
308 287 384 319 374

302 367 424 421 ἀγρίαν
445 366 504 405 καὶ
522 365 640 405 οἰσύαν
658 366 718 405 καὶ
731 367 879 406 πτελέαν
897 366 1038 418 ἀγρίαν,
1055 365 1106 404 ἔτι
1118 381 1154 405 τε
1169 364 1347 419 ἵππουριν,

300 426 363 473 τὴν
382 425 572 477 λεγομένην
592 425 832 478 πεντάφυλλον
854 424 1045 477 βατράχιόν
1065 440 1100 462 τε
1115 454 1125 472 ,
1141 423 1183 471 ἣν
1200 424 1351 476 χρυσάν-

301 488 403 534 θεμον
425 485 582 524 καλοῦσι.
603 485 625 535 5
645 491 709 525 25.
735 483 806 523 Καὶ
825 483 973 522 καθόλου
990 482 1026 521 δὲ
1046 482 1110 520 ὅσα
1129 481 1170 520 ἃν
1190 476 1212 533 ἦ
1237 497 1350 535 πεφυ-

301 543 384 582 κότα
397 573 407 591 ,
425 543 475 594 μὴ
496 542 705 597 φυτευθέντα
719 542 938 595 ὑπάρχοντα,
953 541 1043 580 ἀλλὰ
1063 542 1216 595 αὐτοφυῆ
1230 540 1352 592 χλωρὰ

300 603 360 641 καὶ
380 604 499 655 εὖερνῆ
516 602 576 640 καὶ
594 600 702 640 δασέα
717 631 728 651 ,
748 601 911 651 σημαίνει
933 601 991 653 ἀφ’
1013 599 1135 643 ὕδατος
1151 600 1267 642 αὐτοῖς
1287 598 1351 645 τὴν

300 660 430 714 τροφὴν
461 660 696 699 ἀναδίδοσθαι.
730 661 752 710 5
788 667 852 699 26.
885 658 947 698 Διὸ
968 657 1027 696 καὶ
1049 658 1101 696 δεῖ
1127 657 1351 699 πιστεύοντας

300 725 370 764 τοῖς
401 719 566 763 τοιούτοις
587 719 742 769 σημείοις
771 718 943 770 ὀρύσσειν,
972 716 1172 759 ἀποὸάντας
1194 716 1262 755 ἀπὸ
1282 719 1350 754 τῶν

300 778 455 829 σημείων
487 777 695 831 κατώτερον·
729 777 786 815 ἐὰν
824 776 887 828 ἔχῃ
926 775 1035 826 κλίμα
1067 778 1084 814 ὁ
1120 774 1243 822 τόπος,
1277 774 1351 813 ὅθεν

299 836 515 889 ὑπερδεξίους
528 836 588 880 τὰς
602 835 716 886 πηγὰς
729 834 936 886 λαμὸάνεις.
952 836 974 885 5
988 842 1032 873 27
1043 864 1050 874 .
1064 834 1111 873 ‘H
1132 832 1294 887 ἵππουρις
1313 835 1352 872 ἐκ

298 899 356 935 τοῦ
375 895 501 946 ἐτύμου
515 895 554 933 τὸ
575 894 683 944 ὄνομα
700 893 868 934 ἔσπασεν.
889 892 996 932 Ἔστι
1016 892 1083 944 γὰρ
1103 893 1206 942 ὁμοία
1227 896 1270 946 τῇ
1292 897 1351 931 τοῦ

297 954 405 992 ἵππου
435 955 540 1007 οὐρᾷ,
562 953 691 1006 ἔχουσα
723 952 766 991 τὰ
795 952 909 1006 φύλλα
929 957 1005 997 ταῖς
1025 950 1130 1003 θριξὶν
1153 950 1258 1001 ὅμοια
1291 951 1351 990 καὶ

299 1013 402 1052 αὐτὸν
431 1013 487 1051 τὸν
523 1012 650 1051 καυλὸν
685 1011 854 1063 ἀγόμενον
875 1010 944 1049 ἀπὸ
978 1014 1039 1057 τῆς
1059 1011 1152 1064 ῥίζης
1172 1012 1217 1054 ὡς
1237 1010 1294 1048 ἐπὶ
1313 1010 1352 1050 τὸ

300 1070 403 1124 ἄκρον
423 1070 644 1123 λεπτότερον.
665 1069 775 1114 Αὐτὸς
794 1068 830 1108 δὲ
849 1071 868 1108 ὁ
884 1069 1010 1113 καυλός
1033 1070 1107 1107 ἐστι
1130 1068 1247 1116 κενός,
1271 1069 1317 1112 ὣς
1334 1072 1351 1108 ὃ

296 1129 474 1180 κάλαμος,
493 1128 581 1181 ἔχων
604 1128 648 1167 τὰ
671 1127 781 1182 ἄρθρα
803 1128 1018 1181 διῃρημένα,
1036 1127 1070 1172 ἐξ
1090 1121 1138 1166 ὧν
1162 1127 1295 1180 ἄρθρων
1315 1130 1349 1165 αἱ

297 1187 476 1242 τριχώδεις
505 1187 675 1240 φυλλάδες
701 1186 873 1241 πέφυκαν.
895 1187 964 1226 Ἐκ
995 1190 1054 1225 τοῦ
1089 1186 1125 1225 δὲ
1146 1180 1234 1225 εἶναι
1265 1186 1350 1225 αὐτὸ

296 1245 503 1299 σαλπίγγιον
527 1246 839 1300 προσαγορεύεται.
873 1247 894 1297 5
925 1254 989 1286 28.
1015 1245 1191 1297 Βούτομον
1216 1244 1350 1297 γίνεται

296 1306 331 1343 ἔν
350 1307 420 1349 τοῖς
440 1305 534 1344 ἕλεσι
548 1335 559 1356 ,
581 1305 694 1359 φύλλα
724 1304 760 1343 δὲ
781 1303 875 1358 φέρει
895 1302 1000 1355 ὅμοια
1031 1304 1189 1357 λειρίοις·
1216 1306 1246 1343 οἱ
1276 1303 1352 1357 βόες

297 1362 386 1402 αὐτὰ
424 1363 534 1412 ἡδέως
566 1364 753 1416 βόσκονται
785 1363 845 1403 καὶ
874 1362 1108 1417 ἐκδράσσουσι
1139 1363 1168 1401 δ’
1201 1364 1240 1401 ἐκ
1271 1369 1352 1413 μιᾶς

298 1421 391 1476 ῥίζης
410 1423 448 1460 οὔ
465 1422 542 1462 καθ’
561 1422 598 1462 ἓν
616 1423 692 1461 ἀλλ’
707 1425 753 1467 ὡς
772 1424 803 1462 οἱ
823 1421 959 1475 θάμνοι.
978 1425 999 1474 5
1016 1430 1079 1463 29.
1100 1422 1350 1475 Πεντάφυλλον

295 1476 336 1520 ἐκ
356 1487 437 1532 μιᾶς
458 1481 551 1535 ῥίζης
570 1481 685 1521 πολλὰ
705 1482 869 1536 ἀναφέρει
889 1483 1021 1521 κλωνία
1041 1482 1248 1535 καρφοειδῆ,
1270 1496 1350 1520 σπι-

296 1542 444 1590 θαμιαῖα
456 1569 466 1587 ,
483 1539 516 1585 ἐξ
536 1533 584 1579 ὧν
603 1543 620 1579 ὁ
636 1539 781 1592 καρπός.
804 1540 932 1579 Φύλλα
950 1540 986 1579 δὲ
1002 1539 1075 1592 ἔχει
1091 1540 1227 1578 ἐοικότα
1246 1539 1349 1586 ἡδυό-

296 1613 398 1651 σμῳ,
433 1597 537 1638 πέντε
571 1599 649 1638 καθ’
681 1599 828 1639 ἕκαστον
861 1598 1000 1652 μίσχον,
1033 1598 1187 1643 σπανίως
1215 1598 1251 1637 δέ
1284 1615 1349 1637 που

293 1657 456 1706 πλείονα,
489 1658 656 1698 κυκλόθεν
688 1658 881 1712 ἓσχισμένα
913 1659 1134 1712 πριονοειδῶς
1147 1673 1155 1682 ·
1177 1657 1278 1702 ἄνθος
1312 1658 1347 1696 δὲ

294 1716 425 1770 ὠχρόν.
446 1718 469 1768 5
492 1724 555 1758 30.
584 1717 782 1770 Βατράχιον
803 1715 825 1765 ἢ
845 1717 1086 1770 χρυσάνθεμον
1117 1716 1231 1771 φύλλα
1253 1716 1348 1769 φέρει

295 1775 399 1824 ὅμοια
421 1774 567 1830 σελίνῳ,
591 1776 732 1828 μείζονα
761 1775 821 1824 δέ,
842 1778 939 1820 ἄνθος
970 1777 1145 1830 χρυσίζον·
1172 1776 1237 1822 ὅλη
1273 1774 1307 1813 δὲ
1327 1779 1349 1822 ἡ

299 1833 428 1885 βοτάνη
448 1835 487 1872 οὐ
509 1834 636 1885 μείζων
653 1833 786 1886 γίνεται
803 1834 864 1873 δύο
891 1836 1112 1876 παλαιστῶν.
1134 1835 1155 1884 5
1177 1841 1240 1874 31.
1261 1835 1350 1873 Μα-

295 1892 503 1937 λακόκισσος
533 1892 652 1944 ὅμοιόν
686 1894 760 1932 ε’στι
790 1895 921 1947 κισσῷ,
941 1893 1076 1932 ἁπαλὸν
1114 1892 1254 1939 δέέστι
1279 1895 1352 1936 τοῖς

296 2060 440 2093 nonnulli
457 2061 686 2094 malacocisson
700 2085 709 2101 ‚
728 2061 791 2094 hoc
815 2063 883 2101 est,
901 2062 1029 2094 mollem
1054 2061 1206 2094 hederam
1229 2070 1348 2102 cogno-

297 2120 439 2160 minant,
454 2121 488 2153 et
510 2119 607 2152 ticum
633 2120 832 2160 silvestrem,
852 2122 884 2154 et
901 2121 1029 2153 salicem
1051 2121 1244 2162 ulmumque
1260 2129 1349 2162 agre·

296 2180 399 2218 stem,
420 2187 515 2220 porro
530 2179 710 2221 equisetum
735 2181 767 2213 et
789 2179 1043 2221 quinquefolium
1061 2182 1093 2212 et
1116 2182 1348 2219 ranunculum,

297 2246 395 2279 quam
417 2237 547 2271 herbam
569 2238 854 2280 chrysanthemum
868 2238 1023 2271 vocitant.
1047 2239 1087 2271 Et
1106 2238 1138 2271 in
1162 2239 1349 2271 universum

298 2305 500 2338 quaecunque
519 2298 613 2330 enata
631 2298 707 2330 sunt
726 2301 758 2330 et
779 2306 841 2330 non
857 2297 998 2339 plantata
1010 2321 1020 2338 ,
1032 2297 1086 2330 sed
1099 2300 1212 2338 sponte
1226 2300 1350 2330 naturae

299 2355 412 2388 viridia
428 2358 459 2389 et
475 2355 585 2388 florida
599 2365 637 2388 ac
652 2357 749 2389 densa
762 2381 771 2396 ,
787 2365 823 2390 ea
841 2356 957 2389 indicio
975 2357 1051 2389 sunt
1067 2357 1258 2389 alimentum
1275 2357 1351 2397 ipsis

297 2415 338 2447 ab
364 2424 448 2457 aqua
472 2415 682 2457 suppeditari.
706 2417 911 2458 Quapropter
938 2415 1097 2456 ejusmodi
1122 2415 1219 2457 signis
1254 2416 1351 2449 fidere

297 2475 423 2515 oportet
443 2483 480 2507 ac
503 2474 610 2508 fodere
621 2488 635 2515 ‚·
646 2475 686 2508 ab
702 2475 778 2517 ipsis
798 2475 895 2517 signis
908 2475 1040 2508 inferius
1055 2475 1287 2516 progrediendo
1299 2499 1308 2515 ,
1325 2474 1351 2507 si

300 2533 538 2566 inclinationem
567 2533 683 2566 habeat
716 2534 824 2575 locus,
847 2534 934 2568 unde
962 2534 1065 2568 fontes
1091 2534 1161 2567 aliis
1190 2534 1352 2567 uberiores

299 2590 494 2632 adipisceris.
525 2593 708 2633 Equisetum
744 2602 784 2627 ex
815 2593 1030 2626 similitudinis
1065 2594 1202 2627 veritate
1234 2603 1351 2627 nomen

300 2649 409 2681 traxit.
433 2651 492 2682 Est
512 2651 595 2683 enim
618 2651 720 2684 simile
738 2652 849 2685 caudae
872 2653 1018 2694 equinae,
1042 2652 1115 2685 folia
1133 2653 1254 2686 habens
1273 2653 1351 2686 setis

301 2707 416 2740 similia
436 2701 468 2740 et
488 2709 591 2750 ipsum
616 2710 740 2743 caulem
767 2711 977 2752 prodeuntem
1008 2721 1027 2744 a
1051 2711 1159 2745 radice
1184 2721 1287 2753 usque
1311 2712 1350 2744 ad

298 2774 473 2807 summum,
490 2767 674 2801 tenuiorem.
697 2771 818 2802 Verum
834 2771 898 2812 ipse
913 2770 1015 2803 caulis
1031 2779 1153 2803 vacuus
1167 2772 1235 2811 est,
1260 2771 1352 2803 velut

301 2825 445 2865 arundo,
476 2826 630 2858 articulos
660 2827 781 2862 hahens
820 2829 1008 2871 distinctos,
1045 2839 1086 2862 ex
1122 2830 1243 2872 quibus
1273 2831 1350 2862 arti-

299 2884 380 2916 culis
407 2884 580 2925 capillacea
606 2885 679 2918 folia
718 2887 916 2920 exoriuntur.
963 2890 1005 2921 At
1036 2897 1112 2921 vero
1143 2898 1182 2922 ex
1219 2898 1253 2922 re
1283 2889 1351 2930 ipsa

300 2943 476 2985 salpingion
499 2944 687 2986 appellatur.
739 2947 910 2979 Butomum
938 2947 971 2979 in
1001 2948 1171 2989 paludibus
1196 2949 1350 2990 nascitur,

302 3003 376 3036 folia
393 3005 502 3036 autem
521 3004 592 3037 liliis
606 3005 667 3037 fert
681 3004 814 3046 similia,
831 3007 920 3047 grata
937 3006 1044 3040 bubus
1067 3008 1200 3050 pabula,
1220 3018 1294 3050 qum
1310 3018 1350 3041 ex

301 3071 365 3094 una
380 3063 542 3104 pullulant
557 3063 678 3103 radice,
695 3072 762 3096 non
774 3065 970 3106 singulatim,
988 3066 1042 3098 sed
1059 3066 1160 3099 instar
1184 3067 1347 3099 fruticum.

302 3121 566 3161 Quinquefolium
585 3121 625 3154 ab
650 3130 714 3154 una
738 3122 847 3155 radice
871 3123 991 3156 multos
1013 3124 1152 3157 ramulos
1169 3125 1288 3166 profert
1305 3126 1351 3158 fe-

301 3179 401 3211 stucis
416 3179 554 3219 similes,
568 3179 786 3221 dodrantates,
799 3189 837 3214 ex
854 3181 974 3222 quibus
992 3182 1111 3215 fructus
1126 3183 1244 3224 prodit.
1262 3183 1351 3216 Folia

303 3235 400 3268 habet
427 3236 541 3269 similia
567 3237 724 3277 menthoe,
745 3238 844 3279 quina
872 3238 904 3270 in
936 3239 1067 3280 singulis
1085 3241 1258 3282 pediculis,
1282 3251 1351 3274 raro

302 3296 410 3327 autem
432 3295 548 3328 alicubi
566 3296 675 3337 plura,
695 3297 902 3330 circumcirca
920 3297 962 3330 ad
990 3307 1086 3332 serra:
1111 3299 1350 3333 similitudinem

305 3354 393 3396 fissa3
418 3354 526 3388 ilorem
550 3365 628 3388 vero
651 3356 816 3398 pallidum.
843 3359 1050 3392 Ranunculus
1073 3359 1122 3391 vel
1144 3360 1353 3402 chrysanthe-

306 3422 395 3446 mum
413 3414 486 3447 folia
501 3414 562 3448 fert
574 3414 646 3456 apio
659 3415 775 3448 similia
786 3440 796 3456 ,
809 3416 864 3449 sed
883 3417 1001 3458 majora
1011 3441 1020 3456 ,
1035 3417 1146 3450 florem
1162 3420 1327 3452 aureolum
1342 3434 1350 3452 :

305 3473 372 3504 tota
385 3472 482 3505 herba
495 3473 577 3506 duos
600 3474 723 3514 palmos
745 3482 810 3506 non
827 3474 965 3508 excedit.
993 3475 1221 3510 Malacotu‘ssus
1241 3477 1352 3510 similis

306 3532 354 3564 est
368 3531 507 3573 hederae,
519 3532 669 3565 moltibus
688 3534 734 3566 est
753 3533 906 3575 proeditus
920 3534 1001 3568 foliis
1020 3537 1052 3567 et
1067 3535 1223 3568 cauliculo
1237 3545 1270 3569 se
1289 3537 1351 3569 cir-

1055 278 1340 318 DEMOCRITI
1377 274 1696 315 FRAGMENTA
1705 305 1714 315 .

1413 364 1552 419 φύλλοις
1571 363 1631 403 καὶ
1649 366 1698 418 τῷ
1716 364 1838 418 καυλῷ
1865 364 2160 419 περιπλεκόμενον
2181 367 2268 407 ὅπου
2289 367 2330 407 ἃν
2348 367 2461 423 τύχῃ,
2482 412 2488 414 ,

1413 423 1469 462 διὰ
1488 422 1528 462 τὸ
1548 422 1597 473 μὴ
1619 422 1785 462 δύνασθαι
1804 425 1906 464 ἑαυτὸ
1926 419 2126 478 βαστάζειν.
2148 428 2318 467 Γεννᾶται
2338 427 2373 466 δὲ
2393 427 2464 479 μά-

1412 484 1515 521 λιστα
1536 483 1570 519 ἐν
1588 486 1658 527 τοῖς
1677 483 1936 534 καλαμοκόποις
1954 484 2015 523 καὶ
2033 485 2178 536 γεώδεσι
2198 485 2328 530 τόποις.
2352 487 2374 538 §
2399 493 2462 528 3².

1414 540 1601 593 Κύπειρον,
1616 540 1658 588 ἥν
1683 556 1774 586 τινες
1801 541 1922 596 ζέρναν
1944 545 2108 592 καλοῦσι,
2127 544 2239 598 φύλλα
2265 544 2340 598 ἔχει
2361 544 2465 596 ὅμοια

1413 601 1530 653 κάρτῳ
1543 630 1553 649 ,
1577 602 1725 654 ἁρτιφυῆ
1755 602 1882 654 ἰσχνά,
1902 601 1963 641 καὶ
1983 603 2126 642 καυλίον
2154 602 2274 657 ὥσπερ
2299 604 2463 656 σχοίνου,

1412 658 1623 711 ἰσχνότερον,
1645 660 1699 697 ἐπ’
1722 659 1830 713 ἄκρου
1861 659 1897 699 δὲ
1925 661 2067 714 σπέρμα
2096 664 2143 708 ὡς
2162 664 2330 716 κέγχρου·
2353 664 2464 717 ῥίζαν,

1412 721 1457 762 ὡς
1487 720 1574 756 ὀστᾶ
1594 717 1712 764 ἐλαίας
1744 720 1901 770 μέλανα,
1933 722 2199 774 ἀρωματίζοντα
2236 723 2299 770 τὴν
2331 726 2464 774 γεῦσιν.

1412 779 1434 829 5
1456 786 1519 818 33.
1542 777 1687 818 Τούτων
1709 778 1745 817 δὲ
1772 781 1840 818 τῶν
1860 780 2021 834 καρφέων
2054 780 2114 819 καὶ
2146 783 2302 834 βοτανῶν
2323 781 2467 822 πάντων

1414 839 1483 875 τῶν
1519 837 1782 890 προειρημένων
1831 838 1988 888 σημείοις
2026 843 2322 891 καταφρονοῦντες
2361 840 2467 886 οὕτως

1411 891 1620 942 χρησόμεθα
1640 892 1674 929 ἐν
1695 890 1811 935 τόποις
1828 898 1898 935 τοῖς
1915 891 1964 943 μὴ
1983 891 2120 945 ἔχουσιν
2133 892 2226 944 ὕδωρ
2237 923 2246 940 ,
2265 894 2354 945 μήτε
2371 895 2469 948 insp-

1414 953 1527 1002 ῥυτον,
1560 949 1651 1001 μήτε
1682 956 1848 1002 πηγαῖον,
1882 950 1972 1002 μήτε
2000 951 2175 1004 φρεάτιον.
2197 950 2314 992 Ὅπου
2337 951 2406 1007 γὰρ
2424 954 2466 992 ἂν

1414 1002 1519 1061 αὗται
1537 1011 1573 1048 αἱ
1598 1009 1742 1062 βοτάναι
1763 1010 1972 1062 φαίνωνται,
1992 1010 2085 1064 ὕδωρ
2104 1011 2265 1062 ὑπόγειον
2295 1005 2383 1050 εἶναι
2403 1027 2468 1061 ση·

1414 1067 1589 1118 μαίνουσι.
1623 1069 1644 1119 5
1672 1075 1735 1108 34.
1759 1068 1829 1107 Καὶ
1855 1069 1889 1107 ἐν
1912 1071 1956 1120 τῇ
1989 1068 2138 1122 θεωρίᾳ,
2169 1068 2242 1122 ὅσῳ
2261 1067 2303 1109 ἂν
2333 1071 2467 1122 μᾶλλον

1414 1127 1671 1179 μεμαρασμένα
1690 1126 1899 1180 φαίνωνται,
1923 1127 2035 1181 ἔγγιον
2057 1121 2146 1167 εἶναι
2167 1132 2226 1167 τοῦ
2257 1128 2403 1183 ἐδάφους
2423 1130 2468 1169 τὰ

1413 1184 1523 1224 ὕδατα
1559 1186 1805 1238 σημαίνουσιν,
1839 1186 1994 1226 ἀδύνατα
2027 1187 2086 1226 καὶ
2119 1187 2167 1238 μὴ
2214 1187 2466 1240 παραμόνιμα,

1411 1243 1514 1297 νΟσῳ
1533 1244 1568 1283 δὲ
1590 1246 1721 1296 μᾶλλον
1745 1245 1905 1299 βρίθοντα
1936 1245 1997 1284 καὶ
2015 1246 2220 1299 χλωρότερα
2233 1277 2243 1295 ,
2265 1247 2470 1287 ὑποκεῖσθαι

1413 1302 1456 1341 τὰ
1488 1304 1598 1342 ὕδατα
1634 1303 1815 1356 βαθύτατα
1846 1302 1907 1342 καὶ
1936 1298 2169 1357 παραμόνιμα
2202 1306 2367 1353 δηλοῦσιν
2396 1304 2465 1346 ἀεί.

1412 1362 1434 1412 5
1455 1369 1518 1402 35.
1537 1364 1600 1401 Δεῖ
1621 1363 1655 1402 δὲ
1676 1362 1735 1401 καὶ
1760 1365 1829 1401 τῶν
1850 1363 1986 1415 ἐδαφῶν
2011 1362 2054 1401 τὰ
2074 1363 2157 1414 γένη
2185 1364 2468 1416 συνθεωρεῖν·.τὰ

1413 1419 1477 1470 μὲν
1498 1420 1696 1474 ἀργιλλώδη
1718 1420 1776 1459 καὶ
1794 1421 1996 1474 κισσηρώδη
2018 1423 2067 1476 τῷ
2087 1421 2201 1475 γένει,
2220 1422 2281 1461 καὶ
2297 1422 2468 1476 αὐχμηρὰ

1411 1482 1455 1532 τῇ
1476 1479 1576 1532 φύσει
1596 1479 1818 1533 ὑπάρχοντα,
1841 1479 2065 1520 παντάπασιν
2085 1482 2215 1534 ἄνυδρά
2234 1497 2337 1536 φασιν
2357 1481 2468 1535 ὑπάρ-

1411 1553 1501 1590 χειν.
1524 1540 1546 1588 5
1567 1546 1631 1578 36.
1648 1539 1704 1578 Τὰ
1724 1537 1759 1576 δὲ
1787 1537 1939 1590 γλοιώδη
1965 1538 2026 1577 καὶ
2051 1538 2194 1591 πυρώδη
2215 1539 2277 1578 καὶ
2295 1539 2466 1592 πηλώδη,

1412 1596 1472 1636 καὶ
1487 1595 1680 1649 μελάγγειά
1699 1612 1737 1635 τε
1756 1596 1890 1650 λιπαρὰ
1906 1597 2003 1646 ὄντα,
2017 1598 2228 1651 ψηφιδώδεις
2242 1613 2281 1637 τε
2294 1598 2469 1652 διαφύσεις

1411 1655 1559 1709 ἔχοντα,
1580 1655 1629 1707 μὴ
1651 1656 1917 1708 ἀπογινώσκειν.
1938 1658 1960 1708 §
1982 1663 2045 1697 37.
2071 1660 2133 1696 Δεῖ
2153 1656 2189 1695 δὲ
2209 1656 2254 1696 τὰ
2280 1657 2467 1712 ψηφιδώδη

1413 1716 1462 1765 μὴ
1482 1714 1793 1768 ἀνατεταραγμένα
1812 1709 1902 1754 εἶναι
1922 1716 1957 1753 ἐν
1976 1717 2019 1768 τῇ
2040 1718 2105 1766 γῆ,
2126 1714 2217 1754 ἀλλὰ
2232 1715 2325 1754 κατὰ
2338 1714 2469 1759 πλάτος

1413 1774 1661 1827 ἐμπεφυκότα,
1683 1773 1744 1812 καὶ
1772 1774 1919 1813 καθόλου
1946 1773 1992 1812 τὰ
2024 1775 2378 1827 ἑτεροχρωματοῦντα
2406 1777 2470 1823 τῆς

1411 1835 1477 1885 γῆς
1493 1832 1547 1871 ἀεὶ
1568 1832 1764 1877 πλακώδεις
1785 1831 1877 1886 ἔχειν
1894 1833 1945 1872 δεῖ
1964 1832 2026 1877 τὰς
2041 1834 2231 1886 συμφύσεις
2245 1832 2306 1872 καὶ
2316 1833 2467 1878 πυκνάς·

1414 1893 1569 1942 μάλιστα
1600 1891 1636 1930 δὲ
1657 1892 1796 1945 ἔχουσιν
1818 1893 1853 1930 αἱ
1875 1892 2010 1932 σύνοδοι
2040 1895 2103 1939 τῆς
2129 1895 2194 1944 γῆς
2222 1892 2388 1944 ἀνομοίας
2405 1892 2467 1938 τὰς

1410 2059 1608 2099 cumplicans
1629 2059 1779 2091 omnibus
1795 2067 1868 2099 quae
1883 2058 1988 2099 ipsum
2006 2058 2300 2100 contigerint,quia
2313 2059 2466 2101 seipsum

1412 2117 1495 2149 ferre
1514 2126 1577 2149 non
1593 2118 1709 2157 potest.
1727 2117 1875 2150 Nascitur
1891 2120 2000 2148 autem
2017 2116 2155 2149 maxime
2170 2117 2202 2149 in
2217 2115 2417 2150 arundinetis
2433 2119 2467 2150 et

1410 2177 1554 2208 terrenis.
1575 2177 1738 2217 Cyperus,
1755 2184 1853 2216 quam
1869 2175 2001 2216 quidam
2017 2184 2145 2207 zeraam
2171 2175 2360 2216 nominant,
2385 2175 2462 2208 folia

1412 2234 1509 2266 habet
1525 2234 1642 2266 similia
1657 2242 1751 2274 porro
1769 2233 1890 2266 sectivo
1903 2258 1912 2274 ,
1928 2233 1983 2265 ubi
2005 2242 2113 2266 recens
2130 2234 2202 2266 nata
2224 2237 2300 2266 sunt
2315 2234 2462 2275 gracilia,

1413 2293 1610 2326 cauliculum
1630 2293 1719 2325 velut
1733 2292 1819 2332 junci
1834 2317 1842 2331 ,
1859 2292 2060 2333 graciliorem
2086 2294 2213 2332 tamen,
2232 2293 2264 2324 iu
2281 2292 2375 2334 cujus
2391 2301 2465 2325 ver·

1411 2353 1472 2386 tice
1493 2362 1603 2386 semen
1623 2355 1671 2385 est
1689 2352 1778 2385 velut
1793 2352 1892 2392 milii,
1911 2351 2047 2384 radicem
2061 2353 2216 2393 tanquam
2227 2360 2299 2384 ossa
2312 2351 2392 2385 oleae
2411 2352 2464 2385 ni·

1410 2422 1485 2454 gra,
1506 2412 1682 2445 aromatico
1703 2420 1818 2453 sapore
1837 2411 2007 2452 insignem.
2037 2411 2247 2444 surculorum
2267 2410 2366 2452 igitur
2389 2410 2460 2444 her-

1412 2474 1592 2515 barumque
1621 2472 1791 2513 omnium,
1820 2471 1860 2504 de
1885 2471 2003 2513 quibus
2031 2470 2190 2510 diximus,
2218 2470 2328 2512 signa,
2346 2478 2466 2512 aquam

1413 2534 1614 2574 quaerentes,
1632 2540 1805 2574 sequemur
1823 2533 1855 2563 in
1873 2530 1910 2563 iis
1926 2530 2004 2563 locis
2020 2530 2075 2571 qui
2100 2538 2205 2570 neque
2228 2528 2460 2570 profluentem,

1411 2589 1517 2634 neque
1534 2592 1698 2625 fontanam
1710 2616 1719 2632 ‚
1734 2599 1838 2633 neque
1853 2589 2014 2632 putealem
2026 2597 2142 2630 aquam
2159 2588 2288 2620 habent.
2306 2587 2366 2620 Ubi
2379 2587 2464 2620 enim

1413 2652 1522 2684 herbae
1540 2651 1602 2684 iltae
1619 2653 1796 2692 apparent,
1817 2649 1860 2682 ibi
1891 2657 2008 2690 aquam
2024 2648 2263 2680 subterraneam
2283 2654 2353 2679 esse
2370 2645 2467 2686 signi·

1416 2711 1523 2742 licant.
1552 2709 1637 2748 Quin
1656 2712 1688 2742 et
1714 2709 1769 2742 ubi
1798 2709 1947 2749 aspectus
1976 2716 2086 2740 earum
2116 2705 2280 2738 marcidus
2311 2706 2463 2746 apparet,

1411 2769 1539 2810 propius
1568 2769 1637 2801 solo
1675 2777 1776 2809 aquas
1807 2776 1877 2801 esse
1904 2766 2063 2805 indicant,
2088 2765 2187 2798 exiles
2222 2767 2255 2796 et
2280 2762 2455 2807 instabiles.

1413 2830 1543 2866 Quanto
1565 2828 1674 2860 autem
1708 2826 1832 2867 (herbae
1854 2826 2056 2866 surculique)
2090 2824 2222 2856 luxurio.
2234 2823 2317 2855 iores
2337 2821 2370 2854 et
2386 2820 2463 2854 viri·

1411 2886 1514 2918 diores
1529 2885 1647 2918 fuerint
1659 2909 1669 2926 ,
1684 2886 1775 2917 tanto
1789 2883 2009 2925 profundiores
2025 2885 2057 2916 et
2073 2882 2251 2914 stabiliores
2265 2887 2366 2922 aquas
2385 2879 2462 2912 sub-

1410 2953 1480 2978 esse
1498 2953 1625 2986 semper
1645 2943 1850 2985 portendunt.
1875 2945 1916 2976 At
1939 2951 2015 2974 vero
2035 2943 2067 2974 et
2086 2941 2227 2973 solorum
2247 2946 2366 2980 genera
2386 2946 2464 2971 con·

1411 3003 1494 3036 tuen·
1508 3005 1646 3045 oportet.
1669 3002 1798 3034 Etenim
1816 3001 1953 3041 argillosi
1968 3003 1999 3032 et
2018 2999 2171 3040 purnicosi
2192 2997 2315 3039 generis
2332 2998 2365 3030 et
2389 3005 2463 3039 quoe

1411 3062 1541 3096 horrida
1573 3065 1652 3094 sunt
1667 3061 1800 3101 natura,
1828 3062 1961 3092 omnino
1991 3067 2074 3100 aqua
2102 3065 2210 3090 carere
2237 3056 2338 3098 agunt.
2359 3058 2403 3089 At
2422 3057 2463 3090 de

1412 3123 1581 3165 glutinosis
1603 3124 1637 3156 et
1659 3123 1751 3164 igneo
1774 3121 1879 3154 colore
1907 3119 2094 3152 rubentibus
2117 3122 2149 3151 et
2176 3118 2288 3150 lutosis
2311 3118 2344 3151 et
2364 3118 2464 3159 nigrae

1412 3187 1506 3216 terrm
1527 3181 1698 3224 pinguibus
1721 3180 1798 3213 locis
1818 3179 2059 3219 calculosasque
2085 3178 2242 3210 stramras
2268 3176 2463 3209 habentibus

1411 3251 1476 3275 non
1494 3243 1544 3275 e'st
1569 3239 1817 3282 desperandum.
1837 3237 1933 3279 Atqui
1951 3236 2111 3269 calculosa
2134 3244 2199 3268 non
2223 3234 2414 3268 conturbata
2431 3237 2464 3267 ct

1411 3302 1542 3334 confusa
1564 3301 1598 3334 in
1620 3301 1702 3333 terra
1724 3306 1793 3331 esse
1820 3296 1967 3338 oportet,
1996 3295 2051 3328 sed
2083 3295 2177 3336 longe
2198 3294 2328 3336 lateque
2357 3293 2459 3326 inlim-

1410 3360 1513 3393 rentia
1530 3361 1564 3393 et
1585 3359 1696 3399 insita,
1713 3348 1810 3400 at'que
1829 3356 1862 3389 in
1884 3355 2070 3387 universum
2087 3355 2188 3387 terras
2200 3353 2318 3386 diversi
2339 3352 2458 3384 coloris

1412 3428 1541 3462 semper
1566 3418 1728 3451 crustosas
1745 3425 1784 3449 ac
1811 3415 1926 3449 densas
1947 3414 2166 3447 concretiones
2187 3411 2307 3445 habere
2335 3419 2463 3443 neeesse

1413 3479 1464 3511 est
1481 3491 1489 3511 z
1511 3477 1652 3510 maxime
1665 3484 1742 3508 vero
1755 3476 1849 3507 terrae
1863 3472 2025 3515 juncturis
2043 3472 2215 3513 inaequales
2235 3469 2310 3502 sunt
2331 3475 2464 3501 concre-

1412 3536 1529 3570 tiones.
1549 3535 1710 3570 caeterum
1727 3534 1832 3576 petras
1848 3532 2041 3574 nigricantes
2060 3539 2129 3562 esse
2149 3529 2274 3569 oportet
2288 3533 2385 3568 ,quae
2397 3533 2464 3559 am·
