2606 3906
884 803 1625 897 PRAEFATIO.

437 1244 566 1293 Nihil
588 1260 688 1292 esse
719 1242 780 1291 ad
815 1240 1200 1306 cognoscendam
1236 1241 1557 1308 philosophiae
1588 1246 1765 1290 Graecae
1798 1242 2052 1290 historiam
2073 1260 2152 1291 ac-

371 1327 725 1376 commodatius
749 1325 939 1373 assidua
963 1324 1199 1371 librorum
1219 1325 1304 1388 qui
1332 1341 1359 1372 a
1390 1324 1695 1390 philosophis
1724 1325 1878 1373 relicti
1903 1336 2018 1373 sunt
2053 1336 2146 1373 tra-

372 1412 600 1471 ctatione,
622 1410 749 1457 inter
773 1425 941 1456 omnes
960 1417 1178 1455 constare
1193 1407 1416 1456 arbitror.
1446 1412 1555 1466 Quo
1585 1410 1634 1455 in
1655 1420 1827 1473 genere
1842 1427 1941 1457 non
1967 1420 2154 1457 tantum

378 1495 615 1554 Platonis,
643 1492 936 1550 Aristotelis,
973 1491 1099 1537 Sexti
1134 1491 1391 1555 Empirici‚
1424 1492 1610 1552 Procli,
1638 1492 1816 1540 Plotini
1851 1493 2154 1558 aliorumque

375 1593 483 1641 quae
504 1585 687 1624 exstant
714 1574 892 1637 ingenii
925 1582 1238 1620 monumenta
1259 1573 1463 1636 legendo
1489 1575 1700 1635 conteri,
1734 1575 1818 1623 sed
1841 1576 1985 1623 etiam
2011 1577 2153 1641 quid-

377 1659 497 1724 quid
517 1659 893 1722 fragmentorum
914 1656 962 1702 in
979 1656 1185 1702 aliorum
1199 1656 1386 1721 scriptis
1406 1656 1521 1703 latet
1540 1657 1699 1721 colligi
1719 1667 1765 1705 et
1786 1658 1876 1706 sub
1892 1675 1980 1707 suo
1996 1659 2158 1723 cujus·

379 1759 476 1808 que
504 1742 701 1788 nomine
720 1739 958 1803 digestum
981 1755 1080 1786 uno
1106 1748 1189 1785 aut
1214 1738 1435 1803 pluribus
1452 1739 1778 1789 voluminibus
1803 1741 2154 1806 comprehendi

379 1841 469 1890 par
486 1833 572 1871 est.
595 1822 739 1892 Quod
761 1821 980 1886 quamvis
1011 1821 1077 1867 ita
1105 1837 1155 1867 se
1180 1820 1387 1880 habeat,
1414 1822 1556 1886 pauci
1586 1832 1746 1869 tamen
1776 1823 1888 1870 inde
1919 1840 1945 1871 a
1978 1826 2157 1871 renatis

382 1907 550 1954 litteris
569 1906 850 1952 exstiterunt
878 1904 962 1967 qui
996 1904 1044 1949 in
1072 1903 1164 1949 hac
1197 1902 1510 1950 humanitatis
1546 1904 1821 1952 studiorum
1856 1916 1992 1971 parte
2018 1907 2155 1954 locu-

383 1988 608 2055 pletanda
631 1987 915 2034 industriam
927 2002 1063 2032 suam
1078 1996 1332 2050 ponerent.
1356 1987 1579 2034 Estenim
1598 2004 1672 2035 res
1690 1988 1838 2037 ardua
1860 2005 1915 2036 ac
1930 1989 2155 2050 difficilis,

383 2088 537 2135 quum
560 2080 658 2117 tam
694 2068 755 2115 ab
775 2068 878 2133 ipsa
899 2068 1211 2137 antiquitate,
1243 2085 1393 2132 quam
1423 2085 1450 2115 a
1475 2070 1790 2134 scriptorum,
1818 2072 1903 2136 qui
1929 2073 2156 2136 reliquias

386 2155 498 2201 istas
515 2161 768 2209 servarunt
790 2150 864 2198 vel
896 2150 957 2196 de
983 2150 1226 2214 sapientiae
1256 2150 1539 2198 doctoribus
1563 2169 1830 2217 eorumque
1868 2153 2071 2201 decretis
2091 2172 2165 2202 ex-

388 2244 670 2301 posuerunt,
697 2233 1008 2292 dissensione,
1034 2232 1210 2297 partim
1234 2234 1379 2280 etiam
1399 2250 1426 2280 a
1445 2234 1670 2281 codicum
1697 2252 1840 2282 manu
1859 2246 2162 2283 exaratorum

388 2316 706 2382 discrepantia
720 2315 1063 2362 obscuritatem
1082 2315 1291 2361 traxerit.
1312 2317 1420 2373 Quo
1436 2315 1618 2379 majore
1633 2317 1874 2381 praeconio
1897 2317 2070 2381 dignus
2090 2329 2160 2365 est

391 2404 536 2448 Henr.
566 2398 838 2463 Stephanus
858 2397 942 2461 qui
967 2397 1015 2443 in
1051 2398 1186 2443 Poesi
1214 2397 1556 2462 philosophica
1575 2399 1763 2445 Parisiis
1786 2415 1913 2446 anno
1938 2399 2058 2466 1573
2085 2417 2160 2448 ex-

390 2500 505 2531 cusa
534 2481 806 2546 principum
828 2479 1137 2544 quorundam
1166 2480 1574 2545 philosophorum
1603 2482 1841 2542 carmina,
1872 2482 2005 2530 locos
2030 2500 2163 2530 com-

396 2579 565 2611 munes
583 2573 630 2609 et
644 2562 785 2609 effata
795 2561 1001 2624 collegit.
1027 2561 1172 2624 Cujus
1187 2561 1338 2608 libelli
1356 2578 1411 2608 ea
1430 2579 1530 2610 esse
1545 2564 1814 2627 praestantia
1836 2563 2089 2612 videbatur
2115 2575 2168 2612 ut

394 2645 613 2693 certatim
634 2644 771 2690 illum
788 2642 1059 2690 liberalium
1082 2644 1258 2690 artium
1278 2660 1501 2708 proceres
1519 2643 1590 2708 (ι)
1611 2644 1895 2707 lectitarent,
1927 2663 2167 2695 memora-

398 2737 532 2787 rent,
559 2725 782 2773 laudibus
820 2725 1012 2771 ferrent.
1038 2728 1092 2772 At
1121 2725 1254 2772 deest
1287 2743 1457 2789 magna
1482 2743 1712 2775 versuum
1738 2744 1794 2776 ac
1821 2731 2168 2778 sententiarum

399 2826 537 2876 pars,
563 2808 695 2855 deest
719 2807 876 2854 omnis
904 2806 1135 2854 doctrinae
1156 2819 1430 2873 apparatus,
1469 2826 1568 2857 non
1603 2810 1735 2859 deest
1759 2812 1936 2876 ingenii
1967 2830 2168 2861 acumen

402 2909 501 2957 quo
524 2891 675 2938 homo
697 2889 1096 2937 laboriosissimus
1115 2890 1339 2955 idemque
1359 2893 1707 2941 eruditissimus
1732 2894 1992 2960 depravata
2022 2898 2173 2945 multa

406 2976 545 3023 tacite
567 2974 799 3033 correxit,
830 2990 1126 3044 quamquam
1157 2974 1385 3038 pleraque
1409 2993 1516 3040 quae
1539 2977 1589 3023 in
1617 2976 1691 3024 his
1714 2979 2172 3044 sapientissimorum

408 3067 660 3123 poetarum
679 3055 888 3102 flosculis
909 3056 1185 3102 criticorum
1209 3073 1378 3105 manus
1396 3058 1599 3107 artifices
1615 3059 1911 3123 desiderant,
1937 3063 2040 3110 aliis
2064 3080 2175 3129 per·

438 3212 486 3254 (ί)
515 3210 745 3245 Valckenarius
771 3210 907 3244 Diatrib.
931 3209 965 3242 in
986 3211 1061 3244 Eur.
1083 3210 1199 3252 fragm.
1224 3219 1259 3252 p.
1284 3214 1362 3253 282;
1382 3213 1654 3254 Wyttenbachius
1674 3214 1774 3256 Epist.
1799 3214 1840 3248 ad
1859 3215 1979 3250 fleusd.
2003 3218 2177 3259 opusc.11

413 3283 446 3315 p.
462 3277 513 3315 38,
529 3271 598 3307 alii.

557 3336 673 3361 Pfllwss.
693 3335 791 3361 0¹10.
2010 3315 2033 3337 α
