2612 3814
305 283 376 318 180

374 363 532 412 ’Ὀπλοις
551 367 786 419 λαμπομένην
806 368 981 422 χαλκήιον
1004 368 1106 414 ἄνθος
1125 368 1274 408 ἰδέσθαι.

369 450 371 453 ’
430 446 630 497 ¹(Proclus
656 449 696 485 in
727 449 827 489 Tim.
845 448 861 486 I
878 463 919 500 p.
941 449 987 487 51
1010 452 1043 487 D
1069 461 1079 488 τ
1100 448 1165 489 Διὸ
1183 447 1244 487 καὶ
1272 447 1360 501 Ὀρ-

373 503 455 560 φεὺς
475 509 556 561 περὶ
574 508 682 555 αὐτῆς
702 507 913 560 τικτομένης
932 508 1060 563 φησίν,
1082 508 1137 548 ὅτι
1158 508 1228 561 ἄρα
1248 508 1359 558 αὐτὴν

373 569 391 605 ὁ
415 566 503 611 Ζεὺς
520 566 758 620 ἀπεγέννησεν
775 569 815 607 ἐκ
835 571 897 615 τῆς
922 571 1090 623 κεφαλῆς·
1112 569 1233 614 ὅπλοις
1257 570 1354 620 λαμ-

371 627 528 676 πομένην
547 629 625 667 κτλ.
641 629 653 680 )

368 695 476 754 Ὀφρ’
499 699 595 753 αὐτῷ
618 700 783 753 μεγάλων
807 699 918 754 ἔργων
939 699 1131 754 κράντειρα
1150 698 1309 740 πέλοιτο.

425 778 609 828 (Proclus
635 781 676 815 in
695 780 791 818 Tim.
815 794 856 830 p.
884 779 933 816 52
951 781 979 816 B
1004 793 1012 816 :
1039 777 1146 831 Λέγει
1168 771 1226 817 οὖν
1249 778 1310 816 καὶ
1334 779 1352 816 ὃ

368 836 527 890 θεολόγος
540 867 549 885 ,
586 835 640 876 ὅτι
670 837 876 890 παρήγαγεν
900 837 1010 885 αὐτὴν
1045 840 1063 876 ὁ
1095 837 1239 891 πατήρ,
1272 836 1351 891 ὄφρ’

363 897 463 950 αὐτῷ
482 898 581 949 κτλ.)

585 970 711 1022 ἀρετῆς
729 970 761 1008 τ’
781 968 884 1021 ὄνομ’
906 968 1029 1008 ἐσθλὸν
1087 978 1093 984 “

361 1028 544 1081 κλῃζεται.

415 1100 744 1153 (ProclusinTim.
759 1102 778 1138 Ι
793 1114 839 1151 p
851 1100 900 1139 52
913 1104 977 1139 D.
993 1102 1097 1140 Οἷκε
1068 1116 1135 1140 ειον
1147 1099 1217 1154 γὰρ
1230 1099 1269 1140 τὸ
1284 1103 1346 1149 τῆς

358 1161 483 1234 ἀρετης
496 1159 594 1212 γένος
607 1160 694 1213 πρὸς
709 1161 775 1209 τὴν
794 1160 964 1215 μεγίστην
976 1161 1109 1211 ταύτην
1121 1164 1157 1200 θε
1144 1162 1211 1211 εόν,
1223 1163 1268 1206 ὡς
1281 1161 1342 1200 καὶ

358 1218 466 1267 αὐτὴν
482 1219 610 1272 ἀρετὴν
623 1223 744 1259 οὖσαν·
764 1222 799 1260 ἐν
818 1222 948 1275 γὰρτῷ
965 1222 1193 1276 δημιουργῶ
1187 1222 1342 1262 μένουσα

356 1278 462 1333 σοφία
479 1280 539 1320 καὶ
559 1279 677 1328 νόησίς
697 1283 792 1320 ἐστιν
814 1280 987 1335 ἄτρεπτος
1000 1313 1011 1332 ,
1034 1298 1095 1321 και
1113 1283 1149 1321 ἐν
1169 1284 1242 1327 τοῖς
1261 1285 1284 1330 ἡ
1288 1298 1341 1335 γε·

356 1345 510 1390 μονικοῖς
539 1340 662 1384 θεοῖς’
647 1341 807 1394 εκφαίνει
836 1342 900 1389 τὴν
921 1344 983 1389 τ’ἧς
1017 1344 1145 1396 ἆρετης
1170 1341 1337 1393 δύναμιν,

353 1400 480 1452 ἀρετῆς
511 1416 550 1439 τε
581 1399 702 1452 οὔνομ’
736 1400 858 1441 ἐσθλὸν
889 1402 1078 1456 κλῄζεται,
1114 1402 1219 1456 φησὶν
1249 1401 1336 1454 'Op-

354 1458 450 1510 φεύς.
474 1462 622 1512 Recepi
642 1462 835 1510 Lobeckii
864 1463 1175 1501 emendationem
1195 1465 1336 1514 Aglao—

350 1521 419 1570 ph.
442 1523 461 1558 Ῑ
487 1535 527 1572 p.
550 1521 668 1573 541.)

350 1589 456 1638 Δεινὴ
477 1591 546 1645 γὰρ
565 1592 743 1646 Κρονίδαο
762 1592 842 1633 νόου
862 1593 1055 1647 κράντειρα
1074 1593 1259 1634 τέτυκται.

405 1663 584 1715 (Proclus
609 1667 649 1702 in
664 1665 760 1703 Plat.
783 1667 899 1705 l‘olit.
915 1680 1005 1718 pag.
1026 1668 1102 1716 377
1126 1668 1174 1705 de
1201 1668 1335 1705 eadem

351 1724 435 1773 dea,
449 1723 542 1771 δεινὴ
558 1723 627 1777 γὰρ
641 1725 718 1763 κτλ.
731 1726 840 1764 Idem
856 1740 896 1777 p.
910 1728 985 1775 387
1001 1741 1009 1764 :
1032 1725 1106 1766 Καὶ
1118 1725 1187 1780 γὰρ
1198 1726 1333 1780 οἱπρώ-

346 1799 460 1823 τιστοι
487 1786 670 1836 Κουρῆτες
691 1785 779 1836 τάγε
800 1785 894 1825 ἄλλα
913 1789 957 1839 τῇ
982 1785 1081 1831 τάξει
1100 1789 1162 1834 τῆς
1186 1786 1334 1835 Ἀθηνᾶς

347 1845 525 1895 ἀνεῖνται,
543 1846 605 1883 καὶ
621 1844 874 1899 περιεστέφθαι
890 1845 1054 1899 λέγονται
1070 1848 1121 1900 τῷ
1136 1848 1255 1901 θαλλῷ
1273 1850 1334 1896 τῆς

347 1901 486 1952 ἐλαίας,
506 1902 554 1948 ὥς
573 1919 679 1959 φησιν
702 1904 897 1959 Ὀρφεύς.)

734 1978 861 2018 ΧΧΧ.

345 2048 419 2086 Ζεῦ
438 2046 601 2099 κύδιστε,
624 2047 769 2101 μέγιστε
793 2051 894 2098 θεῶν,
915 2050 1076 2102 εἷλυμένε
1098 2050 1221 2106 κόπρῳ

345 2106 475 2162 μηλείῃ
496 2123 534 2147 τε
553 2107 613 2148 καὶ
635 2109 760 2162 ἱππείῃ
783 2109 844 2148 καὶ
863 2109 1040 2162 ἡμιονείῃ.

400 2186 633 2238 (Gregorius
660 2188 839 2226 Nazianz.
872 2189 913 2225 in
938 2189 1081 2228 Julian.
1113 2201 1144 2226 s.
1175 2190 1245 2228 Or.
1268 2189 1330 2228 ΙΙΙ

341 2258 384 2295 p.
413 2250 482 2290 104
504 2243 683 2299 εὈρφεὺς
713 2247 853 2298 παρίτω
878 2246 971 2298 μετὰ
998 2250 1062 2295 τῆς
1091 2247 1239 2301 κιθάρας
1267 2247 1329 2287 καὶ

341 2308 406 2353 τ’ῆς
430 2306 549 2346 πάντα
580 2304 751 2353 ἑλκούσης
779 2307 896 2360 ᾠδῆς,
931 2306 1155 2360 ἐπιὸρεμέτω
1185 2308 1244 2348 Διὶ
1283 2307 1328 2347 τὰ

344 2366 485 2417 μεγάλα
507 2365 569 2406 καὶ
592 2368 753 2420 ὑπερφυῆ
788 2370 851 2414 τῆς
886 2365 1068 2420 θεολογίας
1099 2365 1244 2420 ῥήματα
1264 2367 1325 2407 καὶ

316 2422 318 2425 ’
343 2425 518 2476 νοήματα·
551 2428 621 2466 Ζεῦ
650 2426 814 2476 κύδιστε,
848 2426 994 2480 μέγιστε
1024 2430 1130 2477 θεῶν,
1163 2428 1325 2479 εἷλυμένε

342 2485 490 2539 κόπρῳ,
511 2485 576 2535 ὅση
600 2502 638 2525 τε
672 2486 827 2538 μηλείη,
859 2486 926 2534 ὅση
959 2503 997 2526 τε
1027 2486 1170 2537 ἵππων,
1201 2487 1266 2538 ὅση
1287 2505 1325 2528 τε

342 2545 515 2596 ἡμιόνων,
536 2545 580 2585 ἵν’
602 2548 773 2599 ἐντεῦθεν,
802 2541 921 2600 οἶμαι,
944 2549 1066 2602 δειχθῇ
1090 2549 1131 2589 τὸ
1154 2549 1323 2602 ζωογόνον

341 2609 403 2643 τοῦ
432 2609 509 2644 θεοῦ
530 2605 591 2645 καὶ
621 2606 821 2660 φερέσὸιον.
855 2612 1032 2660 Integros
1054 2610 1167 2647 affert
1192 2623 1323 2647 versus

341 2667 592 2704 Philostratus
626 2670 785 2707 Heroic.
809 2670 863 2715 II,
897 2683 944 2719 19
971 2683 1014 2720 p.
1045 2670 1146 2721 693,
1166 2684 1238 2708 nec
1256 2678 1322 2707 ta-

339 2739 428 2764 men
451 2727 608 2776 Orpheo
626 2728 812 2767 vindicat.
830 2729 955 2777 Hujus
974 2731 1095 2767 verba
1111 2739 1199 2767 suut
1216 2744 1224 2767 z
1247 2729 1319 2769 Καὶ

344 2785 413 2835 μὴν
443 2787 504 2824 καὶ
538 2787 681 2837 [Ικαφὼ
704 2790 817 2840 σοφῶς
849 2788 911 2839 μὲν
945 2790 1224 2842 ἐνθυμηθέντος,
1261 2788 1317 2829 ὅτι
1358 2824 1360 2826 .

1280 277 1527 318 ORPHICA.

1509 366 1598 412 Ζευς
1631 366 1685 418 εἴη
1717 370 1758 409 τὸ
1778 372 1993 422 ζωογονουν,
2014 370 2059 411 δι’
2088 365 2128 410 οὗ
2157 370 2346 412 ἀνίσταται
2365 375 2407 414 ἐκ
2427 378 2493 426 τῆς

1506 431 1572 481 γῆς
1593 427 1712 467 πάντα
1726 430 1984 484 ,εὐηθέστερον
2004 430 2041 470 δὲ
2062 431 2293 507 χρησαμένου
2307 436 2359 488 τῷ
2380 434 2490 489 λόγῳ,

1504 487 1568 526 και
1590 487 1894 541 καταὸεὸλημένα
1924 491 1992 538 ἔπη
2013 492 2047 536 ἐς
2066 491 2125 530 τὸν
2142 491 2211 531 Δία
2231 492 2396 546 ἄσαντος·
2416 495 2491 536 ἔστι

1503 546 1572 600 γὰρ
1590 547 1635 587 τὰ
1652 551 1714 587 τοῦ
1737 549 1921 603 Παμφὼ”
1901 565 1984 599 ert-q·
2007 552 2076 590 Ζεῦ
2098 550 2240 590 κύδιστε
2260 554 2366 603 κτλ.)

1502 618 1641 668 Δειλοί,
1662 619 1863 670 πάνδειλοι,
1886 621 2034 673 κυάμων
2056 622 2127 662 ἄπο
2143 629 2267 678 χεῖρας
2279 623 2418 678 ἔχεσθε·

1495 671 1579 718 ἰσόν
1599 695 1653 720 τοι
1673 680 1833 732 κυάμους
1850 697 1887 720 τε
1909 686 2033 734 φαγεῖν
2054 683 2213 736 κεφαλάς
2231 699 2271 723 τε
2288 700 2442 733 τοκηων.

1557 757 1767 808 (Didymus
1787 759 1964 809 Geopon.
1981 762 2044 808 ΙΙ,
2071 759 2119 800 35
2125 761 2221 807 ,;8
2244 759 2392 814 φέρεται
2423 763 2483 804 καὶ

1498 815 1612 890 Ὀιρρέ
1597 833 1660 862 εως
1677 821 1791 856 ταῦτα
1812 817 1902 867 ἔπη,
1923 818 2238 872 δειλοί-ἔχεσθε,
2258 821 2318 862 καὶ
2330 816 2412 863 ’ἶσόν
2430 839 2484 864 τοι

1497 876 1655 927 κυάμους
1676 879 1756 916 κτλ.
1784 879 1960 916 Priorem
1995 892 2146 917 versum
2167 882 2309 919 rectius
2339 884 2484 936 Empe-

1496 933 1599 975 docli
1621 938 1758 975 tribuit
1779 938 1925 976 Gellius
1944 940 2060 978 Noct.
2086 942 2163 979 Att.
2197 942 2262 989 IV,
2288 955 2332 979 11
2358 942 2479 994 [vid.

1495 995 1724 1048 E.mpedocl
1741 998 1877 1048 fragm.
1887 1011 1945 1038 vs.
1958 998 2341 1050 451];p0steriorem
2359 1003 2480 1042 modo
2523 997 2528 1005 ’

1498 1058 1713 1107 Orphicum
1743 1059 1865 1095 modo
1890 1057 2195 1110 Pythagoricum
2227 1068 2376 1099 veteres
2402 1075 2480 1102 esse

1492 1119 1644 1158 volunt.
1667 1117 2081 1170 PlutarchusSympos.
2097 1121 2151 1169 ΙΙ,
2168 1119 2219 1158 3:
2232 1117 2363 1159 ’ssav’
2343 1136 2412 1160 απε
2397 1122 2475 1175 ,χό-

1496 1193 1600 1229 μενος
1649 1177 1816 1217 ὑπόνοιαν
1860 1178 2043 1232 παρέσχον
2079 1176 2263 1233 ἐνέχεσθαι
2302 1179 2476 1234 δόγμασιν

1491 1239 1713 1293 Ὀρφικοῖςῆ
1733 1240 1992 1294 Πυθαγορικοῖς
2012 1239 2073 1279 καὶ
2091 1240 2132 1280 τὸ
2149 1239 2231 1290 ὠὸν,
2250 1240 2372 1297 ὥσπερ
2393 1242 2477 1284 ἔνιοι

1494 1297 1644 1352 καρδίαν
1673 1297 1735 1337 καὶ
1757 1298 1974 1353 ἐγκέφαλον,
2006 1299 2122 1353 ἀρχὴν
2151 1300 2348 1353 ἡγούμενος
2374 1302 2476 1355 γενέ-

1490 1373 1577 1401 σεως
1600 1359 1842 1413 ἀφοσιοῦσθαι·
1866 1358 1928 1397 καὶ
1956 1358 2133 1413 προῦφερε
2128 1360 2153 1398 ’ν
2173 1376 2227 1406 τις
2257 1362 2318 1400 ἐπὶ
2339 1361 2474 1416 γέλωτι

1484 1418 1526 1457 τὸ
1548 1412 1647 1459 Ἰσόν
1669 1434 1722 1459 τοι
1741 1418 1898 1471 κυάμους
1918 1421 1998 1461 κτλ.
2032 1421 2091 1460 Cf.
2115 1423 2341 1461 Heraclides
2363 1425 2472 1474 apud

1483 1481 1584 1530 Lyd.
1623 1481 1671 1518 de
1703 1482 1826 1519 Mens.
1857 1494 1899 1531 p.
1933 1481 2005 1529 763
2035 1478 2210 1520 Clemens
2241 1484 2383 1523 Strom.
2415 1486 2474 1523 111

1482 1553 1526 1590 p.
1568 1540 1644 1584 435
1678 1543 1736 1587 D;
1776 1542 1969 1578 Lucianus
2000 1543 2040 1578 in
2075 1543 2187 1580 Gallo
2213 1540 2235 1595 ἕ
2262 1547 2285 1587 4
2313 1556 2356 1594 p.
2390 1545 2469 1594 296

1485 1608 1580 1640 tom.
1605 1601 1651 1651 63
1682 1602 1885 1639 Athenaeus
1899 1601 1968 1638 lib.
1988 1603 2026 1638 II
2041 1614 2081 1651 p.
2101 1601 2151 1639 65
2180 1603 2209 1639 E
2221 1617 2233 1649 ;
2249 1604 2471 1642 Eustathius

1480 1673 1521 1710 p.
1553 1661 1658 1710 9485
1695 1659 1832 1698 Sextus
1863 1661 2084 1711 Empiricus
2113 1662 2252 1711 Pyrrh.
2277 1665 2379 1714 Hyp.
2399 1665 2471 1717 '111

1480 1734 1523 1770 p.
1554 1720 1642 1764 184.
1664 1721 1776 1758 Adde
1802 1722 1956 1771 Menag.
1981 1721 2032 1759 ad
2056 1723 2188 1761 Laert.
2223 1723 2326 1772 VIII,
2347 1729 2398 1769 24
2429 1732 2470 1763 et

1483 1780 1533 1824 34
1562 1788 1601 1817 et
1626 1780 1802 1820 Lobeck.
1833 1781 2025 1831 Aglaoph.
2056 1794 2099 1832 p.
2131 1787 2209 1833 249
2239 1796 2348 1834 seqq.
2370 1785 2460 1825 Vid.

1480 1841 1595 1878 etiam
1615 1841 1950 1891 Pythagoreorum
1968 1854 2098 1880 versus
2111 1842 2214 1881 infra
2236 1845 2432 1886 collectos.
2450 1845 2464 1897 )

1853 1911 2002 1954 XXXI.

1481 1981 1625 2023 Πολλαὶ
1641 1983 1670 2021 δ’
1694 1981 1879 2036 οὐρανόθεν
1898 1982 1961 2022 καὶ
1982 1983 2151 2037 ἐπαρτέες
2173 1986 2213 2024 ἐκ
2225 1986 2410 2039 νεφελάων

1479 2046 1593 2094 τ’ῆμος
1613 2042 1822 2097 ἐπόρνυνται
1842 2047 1966 2097 φηγοῖς
1983 2043 2042 2083 καὶ
2065 2044 2243 2098 δένδρεσιν
2262 2046 2383 2092 ἄλλοις
2395 2077 2407 2099 ,

1477 2101 1599 2155 οὔρεσί
1618 2118 1655 2141 τε
1670 2133 1681 2155 ,
1703 2102 1888 2147 σκοπέλοις
1902 2118 1942 2141 τε
1961 2103 2022 2142 καὶ
2044 2104 2241 2158 ἀνθρώποις
2257 2105 2435 2158 ἐριθῦμοις

1477 2162 1695 2214 πηγυλίδες,
1713 2162 1775 2202 καὶ
1795 2162 1935 2202 ἔσονται
1956 2163 2131 2214 ἅμειδέες·
2153 2164 2231 2204 αἵδε
2249 2164 2320 2219 γὰρ
2339 2166 2450 2211 ὅντως

1439 2235 1456 2261 5
1476 2222 1639 2276 τρύουσιν
1661 2224 1722 2262 καὶ
1742 2226 1852 2276 θῆρας
1872 2223 1908 2261 ἐν
1932 2222 2087 2276 οὔρεσιν,
2110 2223 2191 2263 οὐδέ
2207 2240 2258 2270 τις
2281 2227 2418 2280 ἀνδρῶν

1476 2281 1724 2336 προὸλώσκειν
1751 2283 1917 2337 μεγάρων
1953 2281 2100 2322 δύναται
2121 2283 2217 2323 κατὰ
2235 2291 2318 2339 γυῖα
2338 2286 2456 2338 δαμα-

2358 2344 2461 2395 ,σθεὶς

1472 2400 1583 2457 ψύχει
1602 2401 1807 2455 λευγαλέῳ,
1829 2401 1951 2455 πάχνῃ
1973 2402 2004 2441 δ’
2027 2401 2094 2441 ὑπὸ
2110 2406 2198 2455 γαῖα
2218 2341 2374 2455 μέμυκὲ.

1528 2468 1605 2520 (Jo.
1625 2471 1777 2507 Tzetzes
1799 2469 1849 2506 ad
1866 2469 2026 2508 Hesiodi
2046 2470 2126 2520 Op.
2150 2477 2189 2507 et
2209 2472 2259 2508 D.
2278 2483 2336 2510 vs,
2355 2470 2456 2519 505,

1469 2543 1508 2580 p.
1541 2529 1614 2567 125
1641 2532 1688 2567 A.
1716 2543 1724 2567 ε
1753 2527 1811 2568 Τὰ
1845 2527 1882 2567 δὲ
1904 2528 1972 2577 ἔπη
2003 2530 2042 2568 ἐκ
2071 2530 2143 2568 τῶν
2167 2528 2331 2584 Ὀρφέως
2352 2545 2458 2582 μετε-

1470 2587 1598 2637 6λήθη·
1618 2589 1706 2642 φησὶ
1719 2588 1787 2643 γὰρ
1804 2588 1966 2643 Ὀρφεύς·
1982 2587 2113 2628 πολλαὶ
2125 2588 2344 2643 δὀὖρανόθεν
2356 2590 2456 2643 κτλ.)

1837 2661 2009 2701 XXXII.

1470 2722 1524 2768 ’Ὦ
1550 2727 1618 2767 ἄνα
1633 2759 1644 2780 ,
1666 2730 1805 2776 Λητοῦς
1824 2720 1870 2767 υἷ’
1882 2757 1893 2776 ,
1915 2727 2130 2779 ἑκατηὸόλε,
2149 2727 2266 2768 Φοῖὅε
2285 2727 2452 2782 κραταιέ,

1475 2789 1686 2841 πανδερκές,
1707 2790 1864 2836 θνητοῖσι
1885 2786 1945 2825 καὶ
1967 2787 2191 2826 ἀθανάτοισιν
2213 2787 2402 2836 ἀνάσσων,

258 2902 408 2934 —Armis
425 2900 602 2942 fulgentem
614 2925 624 2942 ,
643 2910 734 2934 aeneo
754 2901 870 2934 decore
888 2902 1154 2943 conspicuam.—-
1386 2904 1457 2935 tum
1474 2902 1626 2943 ingruunt
1640 2902 1671 2933 in
1691 2901 1819 2934 esculos
1835 2902 1934 2942 atque
1952 2900 1982 2932 in
2003 2901 2082 2933 alias
2097 2900 2241 2941 arbores,

259 2964 302 2995 Ut
316 2961 375 3003 ipsi
394 2969 587 3002 magnorum
605 2969 741 3002 operum
760 2961 908 2993 effectrix
931 2965 1025 2994 esset.
1049 2979 1082 2985 -
1387 2963 1420 2995 in
1443 2963 1571 2995 montes
1588 2962 1621 2994 et
1637 2960 1791 3002 scopulos
1810 2961 1908 3001 atque
1925 2960 1959 2992 in
1975 2959 2123 2993 homines
2138 2960 2306 2994 animosos

593 3022 641 3052 Ae
656 3020 777 3053 bonum
793 3020 919 3054 virtutis
933 3030 1049 3054 nomen
1386 3022 1478 3056 nives
1505 3021 1579 3064 gelu
1606 3025 1786 3060 concretae,
1810 3019 1931 3061 quibus
1949 3019 2259 3062 contristabuntur;
2285 3020 2338 3054 hoe
2364 3019 2453 3054 enim

259 3083 452 3116 celebratur.
472 3099 513 3104 —
2320 3079 2454 3122 [revera

259 3143 380 3175 Sollers
393 3140 480 3174 enim
494 3139 637 3173 saturnii
655 3138 863 3172 consiliorum
882 3139 1028 3172 effectrix
1047 3144 1106 3173 est.
1386 3143 1505 3175 vexant
1523 3141 1623 3175 etiam
1650 3141 1776 3175 belluas
1794 3141 1827 3174 in
1851 3141 2038 3184 montibus,
2067 3149 2175 3183 neque
2199 3140 2372 3183 quisquam
2394 3140 2451 3173 bo-

759 3199 862 3232 XXX.
2307 3199 2452 3242 [minum

257 3263 387 3304 Jupiter
407 3259 657 3303 gloriosissime,
676 3257 818 3290 maxime
841 3258 995 3300 deorum,
1016 3259 1159 3294 involute
1176 3260 1254 3294 fimo
1384 3261 1483 3294 domo
1505 3262 1594 3295 exire
1610 3263 1717 3304 potest
1739 3261 1893 3294 membris
1913 3264 2028 3304 captus

258 3323 358 3356 ovillo
373 3322 407 3355 et
419 3321 537 3362 eq⁰l¹¹⁰
555 3319 588 3351 et
604 3317 740 3350 ¹¹¹¹¹¹i¹¹0·
754 3337 794 3346 -·
1385 3322 1516 3363 propter
1543 3321 1645 3362 frigus
1673 3321 1826 3354 acerbum
1840 3345 1850 3361 ,
1881 3322 1998 3363 pruina
2026 3329 2104 3354 vero
2127 3320 2216 3353 terra
2238 3327 2340 3361 prope
2369 3327 2448 3351 con-

258 3383 390 3424 Miseri,
411 3383 474 3415 heu
495 3380 615 3421 miseri,
631 3387 649 3411 a
668 3378 747 3410 fabis
762 3377 920 3411 abstinete
938 3387 1070 3419 manus;
2233 3378 2366 3421 [stricta
2385 3378 2447 3412 ent.
2503 3404 2506 3405 γ
2573 3386 2576 3390 ’

259 3444 344 3476 idem
361 3444 410 3476 eet
428 3441 518 3474 sabas
537 3442 570 3473 et
587 3438 693 3480 capita
713 3441 886 3479 parentum
908 3437 1089 3472 comedere.
1851 3441 1985 3473 XXXII·

740 3498 859 3531 XXXI.
1383 3502 1411 3532 0
1436 3510 1512 3541 rex,
1536 3503 1667 3533 Latonae
1684 3500 1751 3540 fili,
1766 3499 2073 3540 eminusjaculans,
2094 3497 2213 3532 Phoebe
2229 3499 2429 3539 praepotens,

261 3563 371 3596 Multae
386 3562 513 3595 cmlitus
529 3561 562 3593 et
581 3560 700 3601 paratae
716 3567 734 3592 e
753 3558 895 3591 nubibus
1382 3561 1491 3593 omnia
1510 3561 1642 3602 ridens,
1661 3559 1853 3594 mortalibus
1867 3561 1900 3592 et
1913 3558 2150 3591 immortalibus
2165 3557 2344 3597 imperans,
