2612 3814
8 3123 10 3134 v

8 3142 10 3159 i

323 339 547 393 ΑΛΛΟΙ
599 339 756 393 ΤΩΝ
807 339 1343 395 ΠΥΘΑΓΟΡΕΙΩΝ

717 459 944 504 ΣΤΙΧΟΙ.

724 577 947 592 *000*—

386 709 431 748 Et
443 724 495 753 τις
516 709 605 762 ἐρεῖ,
628 708 702 753 θεός
722 709 795 760 εἰμι
811 706 921 760 παρὲξ
939 705 1032 755 ἑνός,
1051 703 1151 753 οὗτος
1170 705 1300 759 ὀφείλει

383 769 515 820 κόσμον
532 768 605 808 ἴσον
621 768 735 822 τούτῳ
755 766 886 814 στήσας
906 768 1028 806 εἰπεῖν·
1049 767 1133 817 ἐμὸς
1152 760 1264 814 οἶτος,

383 827 487 881 κούχὶ
505 829 609 880 μόνον
627 827 761 875 στήσας
780 827 901 865 εἰπεῖν·
921 825 1025 877 ἐμός,
1049 825 1141 864 ἀλλὰ
1161 826 1339 866 κατοικεῖν

384 888 486 933 αὐτὸς
503 889 538 926 ἐν
559 881 588 941 ᾧ
605 887 798 936 πεποίηκε,
820 885 1011 935 πεποίηται
1029 885 1060 924 δ’
1080 887 1150 926 ἀπὸ
1165 886 1278 926 τοῦδε.

439 972 631 1022 (Justinus
662 972 807 1019 Mai-tyr
843 969 910 1007 lib.
946 969 995 1006 de
1028 969 1257 1006 Monarchia
1289 968 1362 1005 Dei

383 1045 474 1083 pag.
491 1032 539 1069 82
559 1045 568 1069 :
590 1029 651 1069 καὶ
665 1033 782 1069 ταῦτα
801 1028 910 1073 οὕτως
928 1028 1052 1082 φράζει
1069 1029 1107 1083 (ὁ
1126 1027 1299 1082 Ὀρφεὺς)
1316 1029 1362 1070 ὡς

383 1089 562 1138 αὐτόπτης
592 1088 742 1142 γεγονὼς
773 1092 834 1128 τοῦ
853 1088 1020 1141 μεγέθους
1039 1091 1130 1127 θεοῦ·
1151 1089 1312 1128 κοινωνεῖ
1330 1087 1361 1125 δ’

384 1151 480 1204 αὐτῷ
509 1149 569 1189 καὶ
603 1148 818 1203 Πυθαγόρας
852 1149 886 1188 ἐν
918 1142 967 1193 οἷς
999 1148 1141 1202 γράφει·
1168 1146 1270 1192 εἴτις
1291 1147 1364 1200 ε’ρεῖ

381 1209 478 1263 κτλ.)

319 1306 336 1332 5
771 1288 940 1342 Πρόεισιν
960 1290 978 1328 ὁ
996 1292 1085 1335 θεῖος
1112 1288 1256 1344 ἀριθμὸς

386 1351 554 1404 μουνάδος
570 1351 609 1390 ἔκ
628 1351 827 1401 κευθμῶνος
846 1348 1047 1402 ἀκηράτου,
1065 1348 1139 1389 ἔστ’
1162 1348 1202 1390 ἂν
1223 1348 1345 1397 ἵκηται

382 1411 523 1465 τετράδ’
546 1409 606 1454 ἐπὶ
625 1409 773 1460 ζαθέην,
792 1409 816 1458 ἢ
833 1409 876 1456 δὴ
897 1410 975 1449 τέκε
997 1411 1136 1463 μητέρα
1151 1410 1308 1459 πάντων,

382 1470 583 1524 πανδοχέα,
610 1469 838 1522 πρέσὸειραν,
859 1468 938 1522 ὅρον
961 1469 1042 1523 περὶ
1063 1475 1152 1509 πᾶσι
1167 1470 1334 1518 τιθεῖσαν,

384 1531 550 1584 ἄτροπον,
574 1530 774 1581 ἀκαμάτην·
793 1530 924 1568 δεκάδα
948 1528 1102 1569 κλείουσί
1122 1545 1182 1581 μιν
1211 1529 1334 1583 ἁγνήν.

439 1618 616 1672 (Proclus
636 1618 849 1655 comment.
867 1618 907 1653 in
921 1617 1019 1655 Plat.
1038 1618 1138 1656 Tim.
1157 1630 1248 1667 pag.
1269 1618 1360 1669 269.

383 1682 411 1718 B
434 1680 540 1729 (pag.
562 1677 636 1725 657
656 1689 737 1726 seq.
764 1676 823 1713 ed.
843 1675 1086 1726 Schneider.)
1109 1675 1271 1728 ιπρόεισι
1294 1677 1362 1729 γὰρ

382 1741 400 1778 ὃ
418 1741 506 1783 θεῖος
525 1736 688 1789 ἀριθμός,
710 1733 756 1779 ὥς
772 1750 876 1789 φησιν
893 1737 911 1774 ὃ
929 1733 1165 1788 Πυθαγόρειος
1189 1736 1237 1779 εἷς
1258 1735 1362 1775 αὐτὸν

381 1798 499 1849 ὕμνος·
518 1796 666 1848 μονάδος
680 1796 720 1833 ἐκ
734 1796 931 1845 κευθμῶνος
947 1795 1024 1833 κτλ.
1040 1794 1134 1848 (leg.
1151 1794 1362 1848 μουνάδος),

383 1857 520 1910 μονάδα
544 1854 606 1907 μὲν
630 1854 806 1908 ἀκήρατον
834 1854 969 1907 λέγων,
1004 1853 1064 1892 καὶ
1092 1856 1281 1906 κευθμῶνα
1300 1858 1384 1903 τῆςΔ

384 1917 533 1970 μονάδος
553 1915 617 1963 τὴν
645 1916 781 1962 ἑνοειδῆ
819 1914 879 1954 καὶ
905 1913 1051 1968 κρύφιον
1085 1917 1149 1954 τοῦ
1169 1913 1243 1959 ἑνὸς
1267 1914 1363 1959 ὄντος

383 1978 520 2026 αἰτίαν,
540 1976 692 2030 τετράδα
708 1974 744 2014 δὲ
763 1974 888 2022 ζαθέην
909 1973 972 2022 τὴν
987 1979 1047 2013 τοῦ
1063 1978 1189 2023 νοητοῦ
1210 1975 1364 2023 πλήθους

384 2039 548 2090 ἔκφασιν,
565 2034 609 2083 ἣν
629 2038 652 2083 ἡ
679 2033 762 2079 δυὰς
779 2033 962 2087 ἐξέφηνεν,
983 2036 1006 2082 ἡ
1022 2031 1115 2084 μέση
1133 2035 1195 2080 τ’ἥς
1215 2034 1364 2084 μονάδος

381 2098 441 2137 καὶ
463 2097 637 2150 τετράδος,
651 2094 784 2134 δεκάδα
799 2093 835 2133 ’δὲ
857 2092 959 2133 αὐτὸν
977 2092 1035 2132 τὸν
1050 2092 1183 2144 κόσμον
1204 2092 1261 2131 τὸν
1278 2093 1364 2132 πάν-

382 2174 452 2197 των
473 2154 729 2209 ὑποδεχόμενον
746 2156 815 2192 τῶν
827 2152 1095 2208 θείων-ἀριθμῶν
1117 2152 1250 2197 εἰκόνας
1268 2153 1363 2191 ἄνω-

383 2222 439 2257 θεν
472 2218 519 2261 εἷς
540 2215 645 2254 αὐτὸν
672 2215 884 2258 ἐκδοθείσας.
904 2215 960 2254 Cf.
996 2215 1094 2268 ibid.v
1118 2228 1209 2266 pag.
1248 2214 1319 2253 155
1337 2217 1364 2254 C

386 2276 497 2333 [pag.
516 2278 590 2324 367
614 2277 676 2315 ed.
698 2273 939 2326 Schneid.].)

324 2375 357 2401 ιο
686 2357 826 2411 ἀριθμῷ
843 2354 882 2394 δέ
897 2371 933 2394 τε
954 2354 1058 2394 πάν-τ’
1079 2354 1252 2396 ἐπέοικεν.

432 2447 594 2498 (Sextus
613 2447 833 2497 Empiricus
862 2446 953 2485 adv.
975 2446 1140 2485 Arithm.
1164 2446 1234 2484 lib.
1259 2445 1321 2491 IV,
1339 2458 1360 2482 2

385 2522 424 2557 p.
448 2508 523 2545 332
545 2521 554 2544 :
574 2505 724 2545 καθόλου
745 2503 808 2556 μὲν
826 2497 884 2543 οῧν
905 2505 936 2544 οἱ
957 2503 1028 2543 ἀπὸ
1045 2506 1113 2543 τῶν
1143 2503 1364 2555 μαθημάτων

389 2564 629 2619 Πυθαγορικοὶ
657 2564 817 2618 μεγάλην
855 2562 1072 2615 ἀπονέμουσι
1105 2562 1255 2615 δύναμιν
1284 2560 1365 2607 ιτοῖς

388 2626 548 2677 ἀριθμοῖς
562 2653 572 2671 ,
594 2626 640 2667 ὥς
659 2626 723 2670 τῆς
748 2625 817 2662 τῶν
857 2625 947 2663 ὅλων
970 2622 1106 2677 φύσεως
1133 2623 1214 2662 κατ’
1242 2621 1366 2666 αὐτοὺς

387 2682 640 2734 διοικουμένης·
678 2682 753 2722 ὅθεν
790 2682 852 2722 καὶ
896 2682 952 2722 ἀεί
975 2698 1061 2722 ποτε
1091 2681 1290 2735 ἐπεφώνουν
1326 2680 1365 2719 τὸ

387 2761 403 2778 α
419 2744 557 2796 ἀριθμῷ
578 2742 615 2780 δέ
634 2758 671 2780 τε
690 2760 704 2777 »
719 2743 826 2793 κτλ.)
1171 2751 1176 2755 ’

309 2856 341 2888 Si
359 2854 431 2896 quis
449 2854 539 2886 dicat
551 2877 560 2894 ,
576 2863 609 2886 se
625 2862 694 2886 esse
712 2855 818 2886 Deum
837 2855 956 2894 praeter
977 2862 1092 2894 unum,
1117 2853 1145 2885 is
1162 2853 1261 2886 debet

310 2913 471 2948 mundum
489 2914 566 2947 huic
588 2922 697 2955 parem
716 2913 893 2946 fabricatus
915 2912 1023 2947 dicere
1047 2927 1055 2946 :
1074 2913 1134 2946 Ιιῑο
1150 2921 1248 2946 meus
1269 2915 1343 2954 esc,

310 2984 417 3018 neque
429 2974 536 3007 solum
557 2973 738 3007 fabricatus
756 2973 865 3007 dicere
881 2981 1013 3014 :meum
1034 2973 1093 3006 sed
1107 2973 1206 3006 etiam
1218 2972 1367 3006 habitare

311 3036 378 3077 ipse
395 3036 428 3068 in
443 3044 482 3069 eo
495 3044 594 3077 quem
612 3034 742 3075 effecit3
765 3033 808 3066 ab
831 3034 893 3066 hoc
914 3037 1024 3066 autem
1039 3032 1176 3066 effectus
1195 3036 1254 3065 est.
1283 3052 1324 3059 -

729 3093 938 3134 Progreditur
958 3093 1090 3125 divinus
1109 3101 1269 3125 uumerus

312 3165 350 3188 ex
370 3155 557 3196 incorrupto
578 3153 710 3187 unitatis
728 3153 878 3194 latibulo,
893 3152 996 3186 donec
1013 3151 1180 3194 perveniet
1191 3150 1204 3193 [
1215 3153 1367 3191 matrem,

313 3214 353 3247 ad
404 3213 564 3248 tetradem
602 3214 846 3246 sacrosanctam
860 3237 870 3253 ‚
904 3221 980 3254 quae
1019 3212 1144 3254 peperit
1170 3212 1368 3244 cunctorum

314 3283 426 3308 omnes
445 3274 666 3316 recipientem,
686 3273 915 3313 venerandam,
933 3272 1090 3305 omnibus
1114 3271 1276 3305 terminos
1293 3280 1368 3303 con-

1152 3330 1369 3374 manentem,

1598 340 1719 391 ALll
1757 341 2006 395 PYTHAG
2015 345 2319 398 OREORUM

1827 466 1898 508 ve
1911 467 1945 510 R
1956 467 2026 510 su
2039 467 2083 510 s,

1851 582 2074 598 --000⁶—

1508 705 1562 745 Οὖ
1584 703 1635 755 μὰ
1655 704 1714 744 τὸν
1737 706 1891 762 ἁμετέρᾳ
1909 708 2009 761 ψυχᾷ
2028 710 2233 762 παραδόντα
2255 714 2469 765 τετρακτύν,

1506 763 1624 816 παγὰν
1645 764 1772 804 ἀενάου
1792 765 1928 820 φύσεως
1948 766 2085 822 ῥίζωμά
2104 770 2134 808 τ’
2155 770 2323 823 ἔχουσαν.

1560 841 1712 894 (Sextus
1731 843 1949 894 Empiricus
1975 846 2003 885 l.
2035 860 2068 884 c.
2090 859 2108 891 z,
2118 845 2304 898 ὀμνύοντες
2324 849 2363 888 οὗ
2381 847 2486 901 μόνον

1505 900 1562 940 τὸν
1600 900 1773 955 ἀριθμόν,
1798 901 1892 940 ἀλλὰ
1922 902 1984 941 καὶ
2016 902 2075 943 τὸν
2102 905 2337 952 ὖποδείξαντα
2367 909 2486 955 αὐτοῖς

1505 965 1642 1009 τοῦτον,
1664 962 1902 1015 Πυθαγόραν,
1925 964 1972 1008 ὥς
1990 963 2092 1015 θεόν,
2114 965 2172 1004 διὰ
2205 965 2269 1014 τὴν
2292 968 2484 1021 ἀριθμητι-

1505 1020 1570 1067 κὴν
1599 1019 1762 1072 δύναμιν,
1793 1021 1966 1074 λέγοντες·
1988 1024 2027 1062 οὗ
2049 1023 2102 1075 μὰ
2131 1024 2190 1063 τὸν
2212 1025 2370 1080 ἁμετέρᾳ
2401 1029 2482 1069 κτλ.

1503 1080 1705 1134 Τετρακτὺς
1722 1080 1757 1120 δὲ
1775 1081 2058 1136 προσηγορεύετο
2076 1084 2162 1138 παρ’
2187 1086 2304 1132 αὐτοῖς
2318 1088 2336 1125 ὁ
2354 1088 2396 1128 ἐκ
2413 1090 2485 1130 τῶν

1504 1139 1655 1193 πρώτων
1679 1142 1835 1195 ἀριθμῶν
1868 1142 2097 1195 συγκείμενος
2117 1143 2288 1198 τέταρτος
2317 1148 2481 1201 ἀριθμός.

1506 1198 1542 1238 ἓν
1569 1199 1638 1253 γὰρ
1659 1201 1720 1239 καὶ
1750 1199 1812 1239 δύο
1831 1201 1891 1240 καὶ
1918 1201 1998 1256 τρία
2022 1202 2081 1241 καὶ
2103 1201 2261 1256 τέσσαρα
2281 1203 2367 1244 δέκα
2387 1205 2484 1258 γίνε-

1503 1276 1576 1310 ται,
1597 1261 1632 1306 ὅς
1647 1262 1721 1300 ε’στι
1739 1262 1957 1307 τελειότατος
1983 1263 2130 1316 ἀριθμός
2143 1293 2153 1312 ,
2173 1263 2319 1318 ἐπείπερ
2338 1265 2395 1305 ἐπ’
2416 1267 2481 1306 αὖ·

1503 1319 1562 1359 τὸν
1583 1320 1777 1373 φθάσαντες
1796 1321 2123 1377 πάλινῆοἰναλύομεν
2150 1324 2209 1363 ἐπὶ
2236 1324 2301 1372 τὴν
2322 1326 2483 1378 μονάδα,

1504 1380 1565 1419 καὶ
1582 1380 1617 1426 ἐξ
1634 1383 1798 1435 ὑπαρχῆς
1820 1381 2014 1433 ποιούμεθα
2031 1382 2092 1427 τὰς
2110 1383 2331 1436 ἀριθμήσεις.
2354 1386 2484 1439 Πηγήν

1505 1456 1542 1479 τε
1571 1440 1696 1480 ἀενάου
1726 1442 1861 1495 φύσεως
1895 1442 2032 1496 ῥίζωμά
2052 1443 2082 1482 τ’
2118 1443 2269 1496 ἔχουσαν
2302 1445 2485 1498 εἰρήκασιν

1505 1500 1610 1539 αὐτὸν
1630 1500 1687 1539 διὰ
1710 1501 1747 1540 τὸ
1779 1501 1860 1540 κατ’
1874 1501 1999 1547 αὐτοὺς
2026 1503 2061 1541 ἐν
2082 1504 2178 1555 αὐτῷ
2197 1504 2256 1543 τὸν
2285 1504 2388 1557 λόγον
2420 1509 2484 1554 τῆς

1505 1559 1670 1599 ἁπάντων
1699 1561 1837 1600 κεῖσθαι
1866 1561 2080 1606 συστάσεως.
2125 1564 2212 1602 Vid.
2235 1564 2353 1603 eund.
2388 1567 2481 1607 adv.

1504 1622 1623 1660 Math.
1647 1623 1737 1669 VII,
1762 1626 1811 1672 94
1833 1630 1871 1659 et
1890 1636 1974 1674 quae
2005 1623 2135 1660 notavi
2158 1623 2208 1661 ad
2227 1625 2323 1662 Aur.
2357 1638 2479 1667 carm.

1504 1694 1559 1718 vs.
1583 1680 1749 1732 47-48.)

1502 1749 1552 1796 1Ὦ
1573 1756 1657 1805 νέοι,
1680 1757 1771 1796 ἀλλὰ
1786 1757 1930 1797 σέὸεσθε
1945 1759 2021 1810 μεθ’
2033 1757 2183 1813 ἡσυχίας
2195 1759 2279 1799 τάδε
2295 1760 2426 1802 πάντα.

1561 1835 1702 1885 (Diog.
1729 1838 1857 1875 Laert.
1879 1837 1946 1874 lib.
1965 1838 2075 1884 VIII,
2113 1850 2133 1884 7
2173 1849 2183 1875 :
2206 1836 2293 1890 φησὶ
2311 1837 2343 1876 δ’
2365 1836 2484 1892 Ἥρα-

1507 1893 1647 1941 κλείδης
1665 1896 1683 1931 ὁ
1702 1898 1763 1933 τοῦ
1780 1894 2012 1947 Σαραπίωνος
2030 1896 2065 1933 ἐν
2089 1898 2134 1948 τῇ
2157 1896 2342 1943 Σωτίωνος
2363 1900 2482 1939 ἐπιτο-

1506 1956 1556 2004 μῇ
1577 1953 1792 2006 γεγραφέναι
1825 1954 1929 1994 αὐτὸν
1949 1954 2036 2007 [τὸν
2059 1956 2209 2008 Πυθαγό
2232 1955 2299 2012 αν]
2320 1957 2381 1997 καὶ
2399 1959 2483 2012 περὶ

1506 2016 1566 2051 τοῦ
1587 2010 1667 2052 ὅλου
1688 2012 1846 2067 δεύτερον
1874 2014 1929 2054 τὸν
1951 2014 2042 2068 ἱερὸν
2062 2014 2163 2068 λόγον
2191 2032 2232 2056 ου
2257 2019 2278 2065 ἡ
2301 2018 2396 2072 ἀρχή
2412 2034 2421 2044 ·
2451 2011 2482 2059 ἶ)

1505 2071 1577 2111 νέοι
1592 2073 1697 2125 κτλ.)
2414 2086 2416 2089 ’

1509 2149 1628 2203 βωμὸν
1649 2149 1853 2203 ἐρεύθοντας
1873 2152 2044 2204 μακάρων
2060 2156 2220 2207 θερμοῖσι
2242 2154 2397 2208 φόνοισι.

1561 2231 1943 2280 χΞεκῐιιέΕῐηρίιῆουε
1960 2232 2049 2271 adv.
2064 2233 2184 2272 Math.
2202 2234 2275 2282 IX,
2301 2234 2375 2271 128
2395 2248 2404 2272 :
2427 2232 2484 2273 ἔν·

1512 2291 1567 2326 θεν
1585 2288 1646 2328 καὶ
1667 2288 1845 2342 παρῄνουν
1877 2283 1973 2328 οὗτοι
2006 2291 2037 2328 οἱ
2073 2290 2257 2346 φιλόσοφοι
2287 2291 2485 2346 ἀπέχεσθαι

1502 2338 1574 2396 ἴτῶν
1598 2347 1787 2401 ἐμψύχων,
1809 2347 1870 2386 καὶ
1891 2349 2032 2388 ἀσεὸεῖν
2053 2348 2207 2403 ἔφασκον
2227 2350 2307 2396 τοὺς
2341 2351 2485 2406 ἀνθρώ-

1506 2423 1613 2458 πους,
1637 2425 1653 2442 α
1673 2407 1796 2460 βωμὸν
1818 2407 2019 2460 ἐρεύθοντας
2033 2409 2111 2447 κτλ.
2131 2409 2143 2461 )
2263 2399 2268 2405 ⁴

1446 2497 1478 2522 ιε
1499 2476 1597 2523 ’Ἶσόν
1621 2499 1674 2522 τοι
1689 2484 1847 2535 κυάμους
1864 2483 1976 2524 ἔσθειν
1997 2485 2152 2541 κεφαλάς
2170 2501 2208 2525 τε
2225 2486 2375 2535 τοκήων.
2438 2514 2451 2525 .

1562 2562 1809 2613 (Plutarchus
1833 2562 2010 2613 Sympos.
2041 2565 2094 2612 11,
2119 2564 2140 2601 3
2166 2578 2245 2616 pag
2280 2565 2382 2616 519,
2404 2565 2484 2616 Py-

1509 2623 1699 2672 thagoreis
1710 2623 1771 2659 vel
1785 2623 1962 2672 Orphicis
1974 2636 2123 2663 versum
2135 2625 2322 2664 tribuens.
2333 2625 2389 2665 Cf.
2402 2627 2486 2664 Cle-

1506 2694 1612 2718 mens
1637 2683 1746 2719 Alex.
1770 2681 1914 2722 Strom.
1933 2684 1991 2720 III
2011 2696 2054 2733 p.
2077 2682 2169 2729 435.
2193 2686 2250 2731 D;
2276 2685 2482 2723 Athenaeus

1506 2743 1544 2778 II
1559 2754 1602 2791 p.
1620 2741 1669 2778 65
1687 2743 1737 2791 F3
1755 2743 1932 2791 Geopon.
1953 2744 2011 2790 11,
2033 2742 2097 2789 35,
2121 2743 2191 2794 8.)

1427 2851 1684 2892 immutabilem,
1708 2852 1922 2892 indefessam3
1945 2851 2100 2885 decadem
2125 2862 2242 2894 puram
2273 2861 2347 2886 eam
2371 2854 2484 2895 appe!-

2326 2911 2426 2955 [lant.
2441 2931 2486 2938 —

1782 2971 1961 3003 Numerum
1978 2973 2089 3003 autem
2105 2971 2215 3004 omnia
2227 2971 2355 3006 decent.
2378 2993 2422 3002 -

1435 3032 1533 3065 Haud
1549 3041 1627 3065 sane
1640 3057 1649 3073 ,
1668 3041 1725 3074 per
1740 3041 1815 3065 eum
1846 3032 1902 3073 qui
1921 3032 2017 3064 nobis
2036 3034 2282 3074 quaternarium
2307 3042 2484 3068 numerum

2308 3094 2464 3139 [tradidit
2473 3120 2485 3138 ,

1431 3154 1551 3186 fontem
1574 3152 1720 3194 perennis
1738 3154 1863 3186 naturae
1883 3154 1915 3186 et
1934 3153 2129 3195 principium
2146 3155 2434 3190 continentem.—

1430 3214 1458 3245 Ο
1471 3214 1628 3253 juvenes,
1645 3211 1772 3244 silentio
1784 3211 1855 3243 haec
1875 3212 1985 3243 omnia
2000 3212 2213 3246 veneramini.
2229 3230 2272 3238 —

1431 3274 1572 3304 Deorum
1589 3279 1678 3303 aram
1691 3271 1796 3303 calido
1809 3279 1924 3302 cruore
1941 3271 2190 3305 rubesacientes.
2203 3290 2246 3296 —

1433 3330 1521 3364 idem
1535 3333 1584 3365 est
1604 3330 1694 3364 sabas
1715 3333 1747 3363 et
1770 3331 1939 3371 pareutum
1961 3331 2068 3371 capita
2091 3331 2272 3364 comedere.

1239 3467 1581 3486 ——Qm—

1377 3592 1452 3625 20⁰
