2612 3814
1089 271 1430 312 FRAGMENTA.

169 357 282 412 ἔχειν.
341 358 508 412 Διαφέρει
528 359 564 397 δε
586 357 693 396 πάλιν
715 358 755 397 τὸ
775 357 868 412 ἔχειν
891 362 952 398 τοῦ
980 359 1149 413 πάσχειν,
1172 360 1224 400 ὅτι

167 419 208 457 τὸ
236 418 300 469 μὲν
320 418 413 472 ἔχειν
433 417 517 458 αὐτὸ
534 417 613 457 καθ’
630 418 734 458 ἑαυτὸ
755 422 938 474 θεωρεῖται
958 419 1039 459 ἄνευ
1054 424 1113 459 τοῦ
1134 422 1225 474 ἐνερ-

165 481 327 529 γοῦντος,
348 478 388 518 τὸ
408 478 444 517 δὲ
473 477 625 532 πάσχειν
654 479 735 518 ποτὶ
753 479 810 518 τὸν
841 481 1044 532 ἐνεργοῦντα
1068 480 1226 519 διαστέλ-

168 541 288 587 λεται,
330 538 390 578 καὶ
432 538 502 578 ἀπὸ
536 542 597 577 τοῦ
629 544 790 583 ποοῧντος
824 538 1153 590 καταλαμὸάνεται·
1196 541 1226 579 εἷ

170 597 234 649 μὲν
265 596 408 648 εἴπομες
445 597 690 648 τέμνεται,
720 597 741 646 ἢ
767 598 1033 650 πλήττεται,
1063 598 1121 639 τὸν
1153 599 1220 639 πά-

167 673 299 710 σχοντα
318 654 564 708 ἐδαλώσαμες,
586 658 615 696 εἰ
645 657 895 706 ὀδυνᾶταιῆ
919 660 1060 711 ἀλγεῖ,
1075 658 1114 698 τὸ
1130 657 1224 712 ἔχειν

167 717 396 769 ἐσαμάναμεν
412 716 432 757 ¹.

224 775 387 828 (Scripsi
407 791 415 814 :
439 781 454 800 ³
475 769 546 825 33η
569 777 664 816 libri
698 771 771 816 οὖν.
790 777 808 803 ¹³
831 779 952 832 ριγῶν;
977 778 1089 818 codd.
1113 781 1226 831 ῥιγᾷν.

165 836 406 890 θᾶμφιὸολίαν
421 836 519 885 τινὰ;
533 838 646 878 codd.
659 837 873 891 ἂμφιὲολίαν
893 837 934 876 ἄν
951 837 1060 877 τινα-’ἶΙ
1077 837 1118 887 ἢ;
1132 838 1227 877 libri

166 896 224 936 ἂν.
245 900 259 919 ⁰
277 898 334 945 αἷ;
358 897 470 937 codd.
491 899 533 936 εἷ.
553 896 566 920 ¹
582 899 642 946 αἷς
660 897 755 936 libri
784 897 839 936 ἂν.
857 900 874 927 ⁸
895 899 1024 951 ῥιγῶν,
1049 897 1143 937 libri
1176 900 1227 952 ῥι-

165 961 246 1010 γᾷν.
269 954 287 979 ¹¹
309 955 372 1006 τὸ;
403 956 498 996 libri
525 956 625 996 τοῦ.Ι
655 957 906 1008 ἐσαμάναμεν;
928 957 1021 996 libri
1054 957 1228 1007 ἐσαμανά-

168 1015 309 1069 μεσθα.)

221 1075 270 1128 γ’.
302 1075 398 1116 Δέκα
421 1069 482 1123 ὧν,
503 1077 540 1114 οὗ
559 1080 573 1098 ³
594 1075 734 1120 πλείους
754 1074 877 1126 λόγους
895 1075 1047 1126 ἔμμεναι
1062 1075 1227 1127 λέγομες,

164 1138 215 1181 ὡς
234 1137 274 1175 ἐκ
297 1137 403 1174 τᾶσδε
435 1141 499 1179 τᾶς
532 1133 732 1187 διαιρέσεώς
754 1137 826 1174 ἐντι
860 1138 996 1185 μαθεῖν.
1053 1135 1106 1174 Τὸ
1134 1134 1170 1173 ὂν
1194 1135 1228 1172 ἐν

164 1195 385 1248 ὑποκειμένῳ
438 1194 526 1242 ἐντί,
568 1194 589 1241 ἢ
630 1196 691 1234 οὐκ
726 1195 760 1233 ἐν
798 1192 1041 1247 ὑποκειμένῳ,
1094 1196 1154 1233 καὶ
1191 1194 1230 1234 τὸ

168 1254 233 1306 μὲν
264 1257 328 1295 οὐκ
362 1258 397 1294 ἐν
434 1254 654 1307 ὑποκειμένῳ
679 1258 771 1292 ποιεῖ
796 1253 858 1292 τὰν
892 1253 1025 1302 οὐσίαν,
1049 1254 1088 1293 τὸ
1123 1254 1157 1293 δὲ
1195 1256 1229 1294 ἐν

168 1312 392 1366 ὑποκειμένῳ
428 1311 450 1360 ἢ
493 1314 574 1352 καθ’
611 1312 714 1352 ἑαυτὸ
754 1313 958 1364 θεωρεῖται,
995 1311 1017 1359 ἢ
1060 1315 1097 1351 οὗ
1150 1316 1229 1351 καθ’

166 1372 285 1412 ἑαυτό.
359 1371 432 1410 Καὶ
465 1372 504 1409 τὸ
535 1371 599 1422 μὲν
629 1371 668 1409 οὗ
699 1370 777 1410 καθ’
800 1370 903 1410 ἑαυτὸ
938 1375 1030 1409 ποιεῖ
1067 1370 1112 1409 τὰ
1146 1371 1230 1424 πρός

165 1447 214 1473 τι.
275 1431 424 1484 Σχέσεις
451 1431 518 1483 γάρ
548 1432 622 1468 ἐστι
654 1429 699 1470 τὰ
725 1430 811 1483 πρός
841 1445 875 1469 τι
909 1428 959 1480 μὴ
992 1431 1070 1468 καθ’
1087 1430 1230 1468 ἑαυτὰῑ)

164 1490 389 1544 θεωρούμενα
403 1520 414 1539 ,
445 1489 536 1529 ἀλλὰ
580 1489 832 1542 συνεισάγοντα
880 1489 1010 1542 ἕτερον.
1068 1490 1121 1529 Τὸ
1163 1489 1230 1543 γὰρ

165 1551 236 1595 υἱὸς
253 1550 363 1602 ὄνομα
381 1549 580 1600 συνεισάγει
603 1549 739 1602 πατέρα
753 1580 763 1600 ,
781 1548 819 1588 τὸ
839 1548 875 1587 δὲ
895 1550 1014 1592 δοῦλος
1037 1549 1226 1597 δεσπόταν,

165 1611 227 1650 καὶ
261 1612 383 1655 ἁπλῶς
416 1610 532 1649 πάντα
554 1608 598 1648 τὰ
629 1609 716 1662 πρός
742 1625 775 1647 τι
800 1610 831 1647 ἐν
856 1608 976 1661 σχέσει
1003 1609 1069 1648 εἶσὶ
1102 1609 1160 1647 καὶ
1191 1610 1228 1648 οὐ

166 1671 246 1709 καθ’
277 1669 385 1709 ἑαυτὰ
419 1669 656 1721 θεωρούμενα.
716 1668 769 1708 Τὸ
796 1667 832 1706 δὲ
863 1668 940 1706 καθ’
959 1667 1104 1715 ἑαυτὸῆ
1130 1684 1231 1721 μερι-

167 1729 248 1769 στόν
272 1731 363 1778 ἐστι,
382 1729 442 1767 καὶ
467 1734 561 1767 ποιεῖ
580 1728 644 1767 τὰν
664 1726 903 1777 ποσότητα,ἢ
937 1726 1140 1780 ἀμέριστον,
1170 1728 1230 1765 καὶ

167 1795 261 1829 ποιεῖ
277 1788 340 1828 τὰν
366 1788 538 1836 ποότητα.
597 1789 643 1827 Οἱ
665 1785 702 1825 δὲ
727 1786 843 1825 λοιποὶ
868 1787 967 1839 λόγοι
997 1786 1032 1833 ἓξ
1067 1785 1137 1826 ἀπὸ
1169 1790 1230 1834 τῆς

167 1848 300 1887 τούτων
333 1847 458 1898 μίξεως
487 1846 658 1899 γίνονται.
717 1845 753 1885 Ἄ
781 1846 848 1898 γὰρ
876 1846 978 1885 οὗσία
998 1852 1041 1899 τᾷ
1061 1845 1231 1885 ποσότατι

170 1907 369 1960 μιγνυμένα
389 1906 411 1955 ἢ
433 1909 466 1945 ἒν
485 1907 582 1960 τόπῳ
599 1906 742 1960 ὁράεται
758 1937 767 1954 ,
789 1906 848 1945 καὶ
866 1906 925 1945 τὸν
939 1910 1000 1945 τοῦ
1021 1909 1106 1946 ποῦ
1128 1906 1229 1959 λόγον

167 1968 268 2015 ποεῖ,
293 1966 371 2014 ἢ“ἐν
394 1968 531 2020 χρόνῳ,
557 1966 616 2005 καὶ
636 1966 694 2004 τὸν
713 1969 775 2004 τοῦ
796 1965 901 2004 πότε
926 1966 1090 2004 ἀποτελεῖ
1115 1965 1229 2016 λόγον.

174 2064 176 2066 ,
201 2030 223 2080 ῇ
245 2026 281 2065 δὲ
301 2026 448 2073 ποότητι
467 2025 663 2077 μιγνυμένη
684 2024 706 2072 ἢ
728 2025 902 2077 ἐνέργειαν
930 2025 1004 2078 ἔχει
1027 2026 1088 2064 καί
1105 2026 1231 2065 ἔστιτὸ

2263 291 2336 326 571

1284 361 1473 411 ποεῖν,ἢ
1508 363 1614 407 πάθος
1643 363 1703 402 καὶ
1736 371 1814 404 ποεῖ
1846 365 1884 405 τὸ
1914 367 2132 421 πάσχειν.
2190 374 2274 419 Τοῖς
2309 375 2345 414 δὲ

1285 420 1371 472 πρός
1400 437 1435 460 τι
1458 421 1696 475 συντρέχουσα
1717 422 1739 470 ἢ
1765 425 1798 462 ἐν
1827 424 1924 481 ἄλλῳ
1944 415 2073 467 τίθεται
2093 430 2152 468 καὶ
2175 430 2213 470 τὸ
2247 435 2345 472 κεῖ-

1285 483 1390 519 σθαι
1411 482 1576 533 λέγεται,
1603 482 1625 529 ἢ
1650 483 1863 537 περιτίθεται
1883 486 1989 540 ἑτέρῳ
2009 489 2069 526 καὶ
2087 489 2126 527 τὸ
2145 489 2235 542 ἔχειν
2254 494 2343 534 ἐστί.

1286 537 1468 579 Τέτακται
1487 541 1522 579 δὲ
1542 540 1632 591 μετὰ
1649 541 1714 590 τὴν
1736 543 1856 582 οὐσίαν
1882 547 1903 591 ἡ
1932 547 2085 594 ποσότης
2104 549 2164 587 καὶ
2186 550 2253 602 πρὸ
2284 554 2346 597 τῆς

1285 599 1455 647 ποότητος
1468 631 1478 650 ,
1495 600 1547 639 ὅτι
1567 601 1659 639 κατὰ
1690 602 1791 656 φύσιν
1820 606 1957 642 ποεῒται
1973 609 1988 628 ⁰
2003 605 2043 644 τὸ
2063 609 2175 647 ὁτιοῦν
2197 617 2346 662 πρᾶγμα

1287 657 1348 696 καὶ
1370 659 1472 708 ὄγκον
1505 660 1700 711 λαμὸάνει,
1729 662 1789 701 καὶ
1822 662 1914 701 οὕτω
1944 664 2025 717 περὶ
2050 666 2133 704 αὐτὸ
2166 670 2187 714 ἡ
2221 650 2349 717 ποότης

1287 722 1481 772 καθορᾶται
1502 719 1562 758 καὶ
1590 719 1747 773 λέγεται.
1806 721 1851 763 Ἥ
1881 722 1917 763 δὲ
1946 724 2078 771 ποότης
2099 725 2204 765 πάλιν
2236 744 2349 780 προη-

1290 777 1409 830 γεέται
1429 785 1499 824 τοῖς
1519 781 1606 834 πρός
1620 797 1678 829 τι,
1696 780 1748 821 ὅτι
1765 781 1804 821 τὸ
1826 781 1888 834 μὲν
1911 786 1990 823 καθ’
2009 786 2131 834 ἑαυτό,
2149 786 2188 825 τὸ
2208 787 2242 825 δὲ
2264 789 2348 843 πρός

1287 853 1320 876 τι
1342 839 1376 876 ἐν
1397 838 1532 891 σχέσει.
1594 841 1741 894 Πρῶτον
1756 841 1791 880 δὲ
1812 845 2004 895 καθορᾶται
2024 845 2082 883 καὶ
2102 843 2242 897 λέγεται
2268 850 2345 889 καθ’

1291 897 1396 936 ἑαυτὸ
1417 897 1582 950 ἕκαστον,
1603 900 1662 938 καὶ
1688 900 1798 944 οὕτως
1818 901 1852 940 ἐν
1886 902 2020 954 σχέσει.
2081 902 2291 950 Ἀκολούθως
2313 907 2349 945 δὲ

1288 957 1423 1002 τούτοις
1439 958 1498 997 καὶ
1519 958 1562 997 τὰ
1582 958 1688 997 λοιπὰ
1707 959 1891 999 τέτακται·
1907 961 1944 999 τὸ
1962 962 2025 1012 μὲν
2043 961 2110 1016 γὰρ
2129 970 2227 1003 ποεῖν
2245 981 2350 1019 προη·

1291 1016 1408 1066 γέεται
1430 1023 1489 1057 τοῦ
1513 1019 1680 1071 πάσχειν,
1703 1018 1757 1058 ὅτι
1776 1019 1814 1058 τὸ
1835 1019 1899 1071 μὲν
1926 1021 2078 1074 ἐνεργεῖν
2110 1027 2169 1062 τοῦ
2197 1025 2348 1078 πάσχειν

1290 1076 1365 1115 ἐστὶ
1385 1077 1635 1130 δυνατώτερον.

1346 1135 1481 1185 (Posui
1507 1151 1515 1174 ι
1539 1142 1553 1159 ³
1575 1136 1658 1175 δέκα
1683 1130 1744 1187 ὧν,
1769 1139 1807 1176 οὗ
1835 1138 2000 1187 πλείους;
2032 1141 2142 1179 codd.
2176 1142 2257 1180 δέκα
2291 1139 2349 1183 οὖν

1289 1194 1440 1238 πλείους.
1474 1191 1490 1215 ¹³
1529 1195 1657 1246 ἑαυτὰς
1693 1197 1806 1236 codd.
1845 1197 1962 1238 ἑαυτό.
2002 1201 2017 1219 ⁰
2054 1204 2211 1249 ποεῖται;
2257 1203 2350 1242 libri

1289 1254 1468 1303 ποοῦται.)

1343 1311 1388 1351 δ’.
1418 1314 1489 1351 Τοῦ
1520 1312 1555 1351 δὲ
1588 1317 1726 1353 κεῖσθαι
1755 1314 1856 1366 λόγος
1896 1316 2002 1355 πάλιν
2038 1319 2250 1371 προηγέεται
2287 1325 2349 1361 τοῦ

1290 1371 1396 1424 ἔχειν,
1420 1370 1473 1409 ὅτι
1493 1372 1532 1409 τὸ
1549 1372 1703 1413 τίθεσθαι
1733 1378 1795 1414 τοῦ
1824 1375 2061 1429 περιτίθεσθαι
2093 1374 2348 1431 ἁπλούστερον.

1289 1432 1342 1470 Τὸ
1364 1430 1426 1481 μὲν
1445 1429 1511 1482 γὰρ
1533 1432 1687 1470 τίθεσθαι
1709 1434 1779 1472 ἐντὶ
1811 1435 1871 1472 καὶ
1897 1438 1956 1474 τοῦ
1977 1435 2212 1488 περιτίθεσθαι
2242 1439 2348 1491 δίχα,

1289 1489 1350 1528 καὶ
1370 1488 1609 1540 περιτίθεσθαι
1630 1490 1711 1529 ἄνευ
1731 1495 1793 1530 τοῦ
1810 1492 1964 1532 τίθεσθαι
1991 1496 2052 1533 οὐκ
2073 1495 2167 1534 ἔστιν
2190 1499 2314 1549 εὑρεῖν·
2333 1501 2350 1536 ὁ

1289 1548 1356 1600 γὰρ
1374 1548 1632 1600 περιτιθέμενος
1649 1549 1709 1587 καὶ
1728 1550 1829 1594 αὐτὸς
1846 1551 1985 1596 πάντως
2013 1553 2128 1592 κεῖταί
2151 1571 2237 1604 που,
2259 1557 2352 1595 κατὰ

1291 1609 1375 1658 μίαν
1395 1606 1471 1647 τινὰ
1491 1610 1552 1645 τοῦ
1576 1608 1712 1647 κεῖσθαι
1731 1608 1837 1659 θέσιν,
1858 1610 1982 1648 στάσιν
2002 1612 2062 1650 καὶ
2091 1614 2262 1666 καθέδραν
2291 1617 2350 1654 καὶ

1291 1667 1485 1709 ἀνάκλισιν.
1547 1670 1622 1713 Τᾶς
1639 1668 1702 1720 μὲν
1722 1661 1772 1707 ὦν
1790 1673 1804 1691 ³
1822 1669 1939 1714 οὐσίας
1959 1669 2043 1709 ἴδιον
2061 1670 2101 1709 τὸ
2119 1671 2168 1723 μὴ
2193 1673 2352 1727 ἐπιδέχε-

1291 1731 1370 1765 σθαι
1407 1728 1445 1766 τὸ
1485 1730 1619 1779 μᾶλλον
1648 1728 1708 1767 καὶ
1744 1729 1784 1768 τὸ
1814 1724 1930 1777 ἧττον·
1965 1732 2004 1769 οὗ
2047 1734 2181 1782 μᾶλλον
2215 1735 2301 1786 ζῷον
2333 1738 2351 1773 ὁ

1292 1787 1470 1840 ἄνθρωπος
1499 1793 1557 1828 τοῦ
1577 1788 1687 1828 ἰ’ππου
1711 1788 1861 1842 ὑπάρχει
1882 1797 1956 1834 ταῖς
1975 1791 2128 1837 οὐσίαις·
2145 1792 2205 1832 καὶ
2223 1793 2261 1832 τὸ
2282 1797 2350 1834 τῶν

1292 1846 1457 1885 ἐναντίων
1497 1848 1720 1887 ἀνεπίδεκτον
1755 1842 1862 1887 εἶναι·
1893 1853 1955 1896 τῆς
2000 1850 2034 1889 δὲ
2069 1851 2238 1899 ποότητος
2268 1852 2350 1906 τόγε

1292 1907 1426 1970 μᾶλλον
1443 1907 1503 1945 καὶ
1520 1907 1559 1946 τὸ
1582 1902 1685 1955 ἧττον
1711 1908 1957 1961 ἐπιδέχεσθαι,
1975 1910 2096 1949 λευκὸν
2120 1911 2187 1966 γὰρ
2216 1915 2350 1964 μᾶλλον

1290 1967 1350 2005 καὶ
1376 1972 1480 2014 ἦττον
1509 1967 1648 2019 λέγεται
1680 1968 1741 2008 καὶ
1782 1968 1908 2020 μέλαν.

1291 2027 1377 2065 ἴδιον
1396 2027 1434 2065 τὸ
1457 2027 1531 2066 ἴσον
1549 2027 1566 2051 ¹³

1982 1972 2055 2018 Τῆς
2090 1970 2126 2010 δὲ
2159 1972 2352 2020 ποσότητος

1583 2028 1642 2066 καὶ
1671 2029 1842 2090 ἅνισονκὴ
1863 2029 1931 2083 γὰρ
1961 2031 2122 2083 σπιθαμὴ
2154 2036 2198 2087 τῇ
2228 2035 2351 2088 ὄργυιᾷ

172 2099 2348 2119 Q

167 2141 291 2171 Rursus
304 2142 411 2170 autem
430 2137 568 2170 habendi
588 2140 620 2170 et
637 2137 778 2178 patiendi
799 2137 896 2169 verba
912 2137 1075 2169 intellectu
1093 2137 1175 2168 inter
1195 2145 1230 2169 se

167 2197 342 2237 differunt,
375 2196 463 2238 quod
495 2196 634 2229 habendi
663 2197 711 2228 vis
736 2196 805 2237 ipsa
833 2204 889 2237 per
914 2204 948 2228 se
975 2197 1138 2236 spectatur
1163 2195 1233 2228 sine

166 2257 293 2298 agentis
310 2265 463 2298 persona,
490 2256 631 2298 patiendi
663 2257 772 2287 autem
789 2255 878 2287 notio
895 2254 936 2286 ab
958 2263 997 2286 eo
1020 2254 1075 2296 qui
1095 2254 1159 2295 agit
1180 2254 1232 2287 di-

169 2316 344 2358 stinguitur
353 2318 386 2349 et
394 2316 553 2348 effectoris
571 2316 679 2347 mente
692 2313 976 2354 comprehenditur
995 2325 1003 2346 ι
1018 2313 1140 2346 sienim
1153 2312 1234 2346 dixi-

169 2385 245 2409 mus
264 2377 406 2409 secatur
436 2375 486 2407 vel
517 2376 731 2416 percutitur,
756 2373 931 2415 patientem
951 2372 1180 2414 indicavimus,
1203 2372 1231 2405 si

161 2436 322 2477 'anqitur
343 2434 394 2467 vet
419 2434 531 2475 dolet,
551 2433 688 2467 habendi
706 2433 872 2466 notionem
887 2431 1147 2473 significavimus.

213 2496 271 2528 lll.
293 2496 413 2526 Decem
434 2493 543 2534 igitur,
564 2502 629 2525 non
652 2493 761 2534 plures
785 2491 977 2524 substantiae
995 2491 1135 2524 rationes
1161 2499 1233 2523 esse

169 2554 324 2595 dicimus,
343 2556 376 2586 ut
393 2562 434 2586 ex
457 2553 518 2585 liac
540 2553 698 2585 divisione
720 2551 799 2584 disci
819 2551 904 2584 licet.
951 2554 1015 2584 Ens
1030 2551 1063 2583 in
1087 2550 1233 2590 subjecto

170 2618 238 2656 est,
259 2617 316 2649 aut
339 2625 403 2648 non
421 2615 523 2648 estin
551 2614 715 2655 subjecto,
745 2614 842 2654 atque
876 2613 955 2645 illud
984 2612 1113 2654 quidem
1146 2611 1233 2653 quod

173 2684 237 2708 non
258 2676 308 2708 est
328 2675 359 2707 in
380 2674 528 2714 subjecto
547 2673 762 2706 substantiam
793 2672 977 2711 constituit,
1007 2671 1093 2712 quod
1121 2671 1232 2702 autem

174 2736 204 2766 in
222 2733 368 2775 subjecto
384 2734 434 2765 est
451 2734 508 2765 aut
528 2741 583 2773 per
601 2741 635 2765 se
649 2732 825 2772 spectatur,
840 2733 897 2763 aut
915 2739 977 2762 non
995 2738 1051 2771 per
1067 2738 1113 2762 se.
1129 2730 1234 2770 Atque

174 2794 252 2827 illud
278 2803 343 2827 non
374 2803 429 2836 per
448 2802 482 2826 se
501 2793 714 2834 spectandum
733 2791 832 2824 eflicit
850 2790 1015 2823 reserenda
1031 2789 1071 2822 ad
1098 2789 1231 2830 aliquid.

174 2857 256 2887 Nam
282 2852 532 2886 necessitudines
557 2852 632 2885 sunt
654 2860 702 2884 res
724 2850 765 2883 ad
786 2850 904 2891 aliquid
923 2849 1031 2882 relatae
1049 2857 1109 2881 uec
1127 2857 1183 2889 per
1199 2857 1234 2881 se

174 2913 436 2951 considerandae,
449 2912 504 2945 sed
519 2912 604 2944 aliud
621 2911 716 2943 simul
735 2909 988 2942 introducentes.
1034 2907 1159 2940 Etenim
1178 2907 1234 2939 filii

174 2983 294 3007 nomen
320 2973 417 3006 simul
436 2974 557 3014 patrem
583 2970 776 3011 introducit,
802 2969 887 3002 servi
916 2968 1108 3001 vocabulum
1138 2967 1232 3000 simul

173 3033 356 3072 dominum,
368 3032 566 3074 omninoque
580 3041 632 3064 res
645 3039 758 3063 omnes
772 3038 845 3071 qnae
862 3028 901 3061 ad
916 3027 1036 3068 aliquid
1054 3027 1235 3059 referuntur

176 3091 442 3125 uecessitudinem
461 3092 580 3124 liabent
599 3100 636 3123 ac
649 3099 712 3123 non
734 3098 788 3131 per
803 3097 837 3121 se
855 3088 1052 3129 spectantur.
1069 3085 1234 3127 Quidquid

174 3154 285 3185 autem
304 3161 359 3194 per
381 3161 415 3185 se
431 3152 653 3184 consideratur
670 3151 726 3183 aut
742 3148 909 3181 dividuum
938 3150 1003 3188 est,
1021 3149 1053 3179 et
1071 3146 1233 3188 quantita-

177 3215 243 3244 tem
274 3212 382 3252 creat,
415 3213 471 3243 ant
502 3210 709 3243 individuum
734 3209 871 3250 ideoque
899 3206 1085 3248 qualitatem
1123 3204 1233 3246 gignit.

180 3277 220 3306 At
251 3273 383 3314 reliquae
415 3282 474 3305 sex
501 3273 692 3306 substantiae
719 3271 858 3305 rationes
884 3279 924 3303 ex
957 3269 1072 3302 narum
1092 3268 1234 3301 mixtura

177 3333 339 3366 oriuntur.
384 3335 466 3367 Nam
496 3333 676 3366 substantia
694 3331 867 3374 quantitati
895 3329 996 3362 mixta
1026 3328 1135 3362 autin
1160 3329 1230 3360 loco

178 3393 322 3426 (cernitur
341 3393 373 3425 et
397 3392 574 3425 finitionem
600 3392 662 3425 ubi
689 3391 856 3434 producit,
876 3392 931 3422 aut
962 3389 994 3422 in
1019 3391 1181 3430 tempore,
1202 3388 1234 3420 et

177 3454 397 3487 definitionem
416 3453 558 3496 quando
579 3454 719 3495 generat.
764 3455 864 3486 Porro
885 3450 1031 3493 qualitati
1054 3449 1156 3482 mixta
1179 3449 1235 3480 aut

178 3517 354 3550 ‹·tticaciam
374 3515 471 3549 habet
497 3517 612 3558 estque
634 3515 741 3557 ipsum
763 3522 882 3557 aqere,
899 3513 956 3546 aut
972 3511 1124 3545 affectum
1140 3518 1234 3543 assu-

1293 2137 1350 2169 mit
1374 2138 1512 2178 facitque
1525 2140 1618 2180 paci.
1665 2141 1823 2172 Praeterea
1838 2140 1931 2172 rebus
1946 2141 1985 2173 ad
2005 2141 2126 2183 aliquid
2149 2143 2256 2176 relatis
2272 2153 2350 2177 con·

1291 2197 1431 2229 sentiens
1448 2199 1504 2230 aut
1532 2197 1563 2229 in
1585 2197 1648 2230 alio
1677 2200 1808 2239 ponitur
1831 2200 2028 2241 vocaturque
2052 2201 2194 2243 Jaeere,
2218 2204 2275 2235 aut
2298 2204 2351 2236 alii

1292 2255 1468 2296 imponitur
1503 2256 1617 2296 estque
1646 2255 1785 2290 habere.
1841 2258 1968 2299 Excipit
1995 2262 2103 2291 autem
2132 2259 2347 2293 substantiam

1293 2314 1455 2356 quantitas
1474 2315 1749 2357 praegrediturque
1770 2316 1979 2357 qualitatem,
2007 2319 2095 2358 quod
2122 2320 2246 2351 naturae
2271 2328 2349 2351 con-

1292 2376 1444 2420 gruenter
1460 2374 1496 2407 lit
1514 2375 1639 2416 quaevis
1660 2384 1712 2410 res
1731 2376 2125 2419 molemquevnanciscitur
2140 2387 2177 2410 ac
2192 2378 2240 2410 sic
2261 2379 2293 2411 in
2312 2388 2351 2411 ea

1292 2433 1431 2474 qualitas
1446 2435 1479 2466 et
1499 2433 1643 2466 cernitur
1656 2437 1688 2467 et
1704 2434 1901 2467 nominatur.
1946 2437 2072 2468 Rursus
2097 2436 2237 2477 qualitas
2262 2438 2350 2471 ante·

1292 2493 1376 2525 cedit
1401 2502 1450 2525 res
1466 2493 1504 2524 ad
1527 2492 1645 2534 aliquid
1673 2493 1806 2534 relatas,
1827 2494 1902 2535 quia
1919 2494 2055 2535 qualitas
2072 2503 2127 2535 per
2147 2504 2181 2527 se
2202 2496 2351 2528 conside-

1293 2555 1394 2592 ratur,
1416 2551 1527 2584 relatio
1541 2552 1582 2584 ad
1605 2552 1724 2593 aliquid
1742 2553 1980 2586 necessitudine
2000 2554 2052 2585 alii
2072 2554 2231 2595 Jungitur.
2277 2555 2344 2588 Pri-

1297 2621 1385 2643 mum
1408 2620 1483 2643 vero
1507 2620 1562 2652 per
1588 2620 1623 2644 se
1654 2612 1798 2653 quidque
1820 2614 1852 2644 et
1872 2612 2038 2654 inspicitur
2059 2617 2090 2645 et
2116 2613 2292 2655 appellatur
2314 2623 2352 2647 ac

1293 2672 1363 2703 tum
1396 2671 1526 2703 demum
1558 2671 1792 2704 necessitudine
1820 2671 1983 2713 junctum.
2036 2672 2092 2705 His
2122 2673 2351 2706 convenienter

1293 2730 1390 2762 etiam
1411 2730 1532 2771 reliqua
1550 2730 1697 2762 ordinata
1725 2733 1812 2763 sunt.
1858 2733 1939 2764 Nam
1970 2740 2064 2772 agere
2089 2733 2233 2773 tempore
2264 2733 2350 2773 prius

1293 2800 1390 2831 quam
1404 2791 1467 2832 pati
1480 2793 1545 2830 est,
1558 2791 1584 2823 si
1595 2790 1726 2832 quidem
1738 2790 1879 2823 efficacia
1892 2791 2052 2832 potentior
2065 2791 2236 2832 judicanda
2253 2801 2353 2833 quam

1296 2850 1459 2892 patientia.

1337 2912 1392 2942 lV.
1415 2911 1539 2942 Rursus
1553 2908 1677 2951 iacendi
1700 2909 1843 2942 definitio
1863 2909 2002 2943 habendi
2028 2909 2205 2942 linitionem
2227 2910 2346 2950 anteit,

1295 2970 1461 3009 propterea
1477 2967 1564 3010 quod
1583 2967 1657 3009 poni
1669 2967 1846 3010 simplicius
1862 2971 1912 3001 est
1927 2977 2024 3009 quam
2040 2967 2173 3008 imponi.
2219 2967 2347 3000 Etenim

1295 3029 1367 3070 poni
1391 3029 1463 3061 licet
1487 3029 1584 3061 etiam
1612 3028 1674 3068 ita,
1692 3029 1730 3061 ut
1753 3027 1833 3060 nihil
1860 3028 2062 3069 imponatur;
2077 3029 2111 3059 at
2127 3026 2251 3068 imponi
2279 3017 2349 3060 sine

1294 3088 1451 3129 positione
1468 3088 1546 3120 nillil
1567 3090 1685 3129 potest.
1731 3087 1887 3121 Nimirum
1907 3087 2074 3127 impositus
2093 3087 2126 3118 et
2141 3086 2208 3127 ipse
2234 3086 2348 3127 utique

1291 3150 1376 3191 jacet
1403 3149 1519 3182 alicubi
1543 3150 1677 3191 iacentis
1698 3149 1727 3182 in
1751 3158 1872 3182 morem
1886 3173 1895 3189 ,
1912 3150 1949 3180 ut
1967 3148 2016 3181 vel
2035 3150 2118 3188 stet,
2145 3148 2195 3180 vel
2219 3148 2345 3189 sedeat,

1294 3211 1345 3243 vel
1371 3209 1517 3248 recubet.
1562 3211 1724 3243 Coeterum
1756 3207 1944 3241 substantiae
1975 3207 2142 3248 proprium
2174 3208 2221 3240 est
2245 3215 2348 3248 neque

1294 3269 1532 3303 contentionem
1561 3269 1731 3302 admittere
1750 3276 1853 3308 neque
1873 3266 2092 3299 remissionem
2117 3279 2125 3299 ι
2147 3266 2265 3308 qnippe
2288 3276 2347 3299 na-

1294 3332 1368 3361 tura
1384 3337 1440 3361 sua
1461 3328 1556 3360 homo
1572 3337 1635 3361 non
1654 3327 1754 3369 magis
1768 3325 1885 3359 animal
1905 3326 1973 3367 est,
1995 3334 2091 3366 quam
2114 3333 2236 3366 equus;
2262 3325 2344 3366 pari-

1294 3390 1406 3429 terque
1423 3397 1441 3421 a
1468 3387 1565 3421 rebus
1584 3387 1751 3420 contrariis
1770 3386 1921 3418 abhorret
1940 3397 1949 3418 z
1968 3384 2132 3427 qualitatis
2161 3385 2272 3416 autem
2302 3385 2349 3417 est

1294 3448 1439 3481 altiorem
1457 3450 1489 3480 et
1509 3447 1691 3480 inferiorem
1709 3445 1842 3487 gradum
1864 3443 2050 3485 admittere,
2067 3443 2225 3484 siqnidem
2249 3443 2348 3484 magis

1295 3508 1403 3540 album
1427 3510 1460 3540 et
1486 3507 1593 3540 minus
1613 3506 1720 3538 album
1748 3504 1797 3538 vel
1820 3503 1945 3547 nigrum
1978 3503 2107 3536 dicitur.
2152 3502 2348 3540 Quantitatis
