2612 3814
685 288 734 327 IN
765 285 1096 327 EMPEDOCLIS
1128 283 1415 327 CARMINUM
1443 285 1739 334 RELlQUlAS.
2258 299 2308 333 73

188 373 267 412 Vss.
292 371 482 421 387-388.
513 366 859 423 ὅλὸιος-μέμηλεν]
892 368 1066 407 servavit
1095 367 1189 406 Cle-

135 446 244 471 mens
262 433 370 470 Alex.
388 431 531 470 Strom.
551 428 600 467 vl
621 443 659 481 p.
682 429 759 467 615
775 430 819 468 A.
837 428 924 467 Jam
947 442 970 467 a
986 427 1104 467 rebus
1122 427 1192 467 hu-

135 493 258 531 manis
274 490 458 530 transitus
467 489 509 527 fit
524 488 572 527 ad
587 488 756 537 divinas,
775 502 872 540 quas
891 489 1007 526 tertio
1020 488 1125 526 libro
1141 487 1190 526 ab

136 550 366 603 Empedocle
384 557 563 587 tractatas
582 561 667 587 esse
686 548 921 600 conjicimus
936 561 957 586 e
973 559 1095 586 verss.
1112 548 1188 597 392

132 623 241 661 seqq.
269 608 465 662 Πραπίδων
484 608 634 646 πλοῦτον
665 606 768 645 dixit
792 607 909 645 etiam
937 619 992 645 vs.
1015 612 1104 657 4²9·
1133 605 1190 644 lta

133 682 226 707 vero
249 667 344 712 θείας
376 665 556 721 πραπίδας
586 675 777 705 memorat
803 675 937 719 poeta,
961 674 1003 705 ut
1021 674 1188 704 mentem

132 741 210 766 non
231 736 308 766 tam
333 739 405 779 per
419 739 461 765 se
481 725 657 765 divinam
675 738 791 777 quam
813 725 1039 764 divinarum
1057 737 1187 763 rerum

131 787 358 837 cognitione
377 786 563 838 repletam
595 785 799 835 intelligat.
829 784 1053 837 Opponitur
1083 784 1187 822 enim

130 859 267 885 eorum
282 846 485 885 hominum
503 845 685 884 socordia
699 844 845 897 quibus
862 844 1031 884 obscura
1047 844 1096 883 de
1111 844 1188 883 diis

132 906 288 958 opinio,
302 915 504 959 poetarum
521 906 770 957 potissimum
786 905 1014 944 commentis
1034 904 1186 953 innixa,

129 967 233 1002 cordi
250 974 316 1004 est.
1037 999 1041 1003 .

185 1022 265 1064 Vss.
286 1023 470 1075 389-396.
489 1023 678 1075 conjunxi
693 1037 779 1062 cum
795 1023 960 1074 Bergkio
974 1031 1012 1061 et
1025 1022 1186 1062 Steinio.

131 1081 213 1121 Vss.
237 1083 405 1134 389-391
429 1083 608 1122 Clemens
626 1083 736 1123 Alex.
766 1083 910 1122 Strom.
929 1082 960 1120 V
987 1096 1027 1134 p.
1050 1083 1127 1132 587
1158 1086 1187 1121 B

131 1141 184 1194 (p.
197 1142 290 1194 644)
306 1141 365 1182 ετὸ
375 1141 444 1195 γάρ
452 1158 506 1181 τοι
518 1145 605 1181 θεῖον
623 1145 642 1182 ὁ
655 1141 919 1195 Ἀκραγαντῖνός
930 1157 1015 1195 φησι
1025 1141 1188 1191 ποιητής,

132 1201 195 1242 οὐκ
219 1199 314 1240 ἔστιν
331 1201 412 1240 κτλ.
440 1200 675 1239 Theodoret.
704 1200 875 1253 Therap.
907 1200 924 1238 I
950 1214 991 1250 p.
1024 1202 1100 1249 476
1135 1202 1185 1254 D,

129 1261 270 1310 exigua
285 1260 467 1298 lectionis
485 1260 685 1298 varietate.
714 1260 810 1298 Nam
828 1260 932 1312 apud
949 1260 1186 1300 Clementem

127 1328 186 1358 est
201 1320 263 1358 οὐκ
279 1317 371 1357 ἔστιν
387 1318 611 1358 πελάσασθαι
625 1321 660 1358 ἐν
677 1319 753 1372 ὀφθ.
773 1320 878 1371 apud
895 1319 1185 1359 Theodoretum

127 1379 190 1417 οὐκ
215 1376 289 1417 ἔστι
318 1378 526 1417 πελάσασθ’.
557 1379 629 1417 οὐδ’
649 1379 729 1432 ὄφθ.
751 1378 887 1419 ——Vs.
914 1380 1007 1430 390,
1032 1379 1123 1433 ἤπερ
1145 1397 1186 1433 γε

122 1437 204 1488 jam
224 1449 247 1475 a
264 1436 419 1475 Sturzio
434 1437 683 1489 propositum
705 1438 835 1490 recepi
862 1451 949 1476 cum
971 1437 1182 1478 Karstenio

127 1509 200 1547 pro
217 1496 376 1546 vulgato
393 1495 484 1547 ἥπερ
499 1512 548 1536 τε.
566 1496 816 1548 Empedoclis
831 1497 960 1535 locum
976 1497 1019 1535 in
1033 1497 1184 1550 dispari

126 1564 356 1606 argumento
374 1556 551 1595 imitatus
570 1564 628 1595 est
647 1556 852 1596 Lucretius
870 1556 918 1608 V,
943 1571 1011 1596 ιω
1036 1571 1110 1610 sqq
1129 1572 1138 1596 z

214 1655 258 1686 Ut
274 1653 328 1695 fit,
346 1654 401 1686 ubi
420 1654 582 1686 insolitam
600 1662 668 1686 rem
685 1655 837 1695 apportes
851 1654 984 1687 auribus
999 1656 1090 1695 ante,

208 1709 268 1732 uec
283 1704 388 1733 tamen
406 1701 488 1733 hanc
503 1702 605 1742 possis
621 1700 790 1734 oculorum
807 1702 945 1735 subdere
964 1703 1035 1734 visu
1048 1726 1058 1742 ,

207 1754 266 1779 uec
280 1747 386 1787 jacere
399 1748 476 1780 indu
495 1757 626 1788 manus,
646 1749 696 1780 via
713 1751 778 1790 qua
796 1749 920 1782 munita
940 1749 1015 1783 fidei

210 1802 368 1835 proxuma
387 1795 449 1828 sert
469 1796 646 1828 humanum
665 1796 698 1828 iu
716 1798 827 1838 pectus
851 1798 1036 1840 templaque
1053 1797 1181 1831 mentis.

126 1875 349 1928 Respondet
378 1887 504 1916 autem
535 1881 726 1918 oculorum
762 1883 920 1919 subdere
953 1886 1026 1919 visu
1046 1881 1182 1934 Empe·

57 1974 61 1978 ,
95 1956 97 1958 v
123 1934 260 1974 docleo
296 1937 524 1990 ὀφθαλμοῖσιν
557 1938 721 1990 ἐφικτόν,
744 1944 879 1987 jacere
919 1942 1010 1977 indu
1050 1955 1185 1979 manus

124 1993 227 2047 χερσὶ
249 1994 388 2047 λαὸεῖν,
411 2001 468 2034 via
487 2002 632 2035 munita
640 2000 743 2047 fidei
762 2007 838 2039 etc.
857 2002 994 2043 πειθοῦς
1015 1999 1184 2050 ἁμαξιτὸς

123 2055 202 2094 κτλ.
227 2054 361 2106 Neque
377 2069 472 2094 vero
490 2056 703 2109 probamus
723 2058 918 2097 Karstenii
937 2059 1182 2111 conjecturas

123 2113 192 2164 qui
210 2127 281 2165 pro
299 2113 391 2168 ἥπερ
410 2129 432 2154 e
447 2115 631 2155 Lucretio
648 2118 928 2168 corrigendum
946 2128 1076 2158 censet
1088 2114 1181 2174 ᾗπερ

121 2186 198 2222 qua
213 2181 252 2212 et
269 2187 342 2225 pro
359 2174 508 2225 μεγίστη
521 2206 531 2222 ,
556 2175 709 2228 ἀγχίστη
723 2183 921 2227 proxima.

173 2230 258 2273 Vss.
283 2234 474 2284 392-396.
498 2233 577 2273 οὔτε
596 2235 664 2288 γὰρ
683 2235 989 2291 ἅνδρ.-θοῇσιν]
1013 2238 1181 2277 Ammo-

123 2291 211 2330 nius
225 2291 267 2330 in
287 2293 448 2333 Aristot.
473 2294 521 2332 de
539 2295 864 2347 interpretatione
885 2297 911 2335 f.
948 2311 1036 2348 199,
1054 2297 1095 2336 b.
1115 2299 1178 2339 ed.

120 2349 254 2392 Venet.
270 2351 370 2397 1545
387 2368 395 2390 :
410 2352 454 2393 ‘O
467 2352 734 2408 Ἀκραγαντῖνος
742 2355 844 2409 σοφὸς
855 2357 1094 2411 ἕπιρῥαπίζων
1103 2357 1181 2403 τοὺς

122 2409 203 2461 περὶ
223 2411 309 2448 θεῶν
328 2412 375 2455 ὡς
396 2412 663 2465 ἀνθρωποειδῶν
682 2413 792 2453 ὄντων
809 2414 909 2468 παρὰ
927 2421 998 2461 τοῖς
1017 2423 1182 2465 ποιηταῖς

120 2467 330 2520 λεγομένους
351 2469 501 2522 μύθους,
532 2472 689 2526 ἐπήγαγε
715 2475 986 2527 προηγουμένως
1007 2476 1070 2527 μὲν
1099 2478 1180 2531 περὶ

120 2521 357 2576 Ἀπόλλωνος,
377 2529 458 2582 περὶ
478 2525 517 2569 οἷ
538 2525 579 2578 ἦν
602 2533 698 2585 αὐτῷ
718 2536 901 2586 προσεχῶς
918 2538 935 2574 ὃ
951 2534 1070 2587 λόγος,
1086 2536 1180 2575 κατὰ

121 2586 156 2624 δὲ
176 2585 235 2625 τὸν
256 2587 358 2627 αὐτὸν
374 2589 505 2640 τρόπον
525 2590 586 2628 καὶ
607 2590 687 2642 περὶ
707 2595 767 2630 τοῦ
788 2592 879 2631 θείου
903 2593 1034 2637 παντὸς
1059 2594 1180 2640 ἁπλῶς

121 2645 414 2699 ἀποφαινόμενος·
440 2646 519 2687 οὔτε
543 2650 622 2688 κτλ.
645 2649 806 2689 Tzetzes
824 2652 925 2693 Chil.
950 2653 1068 2702 XIII,
1101 2669 1176 2706 79:

118 2703 366 2756 Ἐμπεδοκλῆς
397 2706 432 2745 τί
460 2710 478 2746 ὁ
499 2707 573 2752 θεὸς
600 2708 683 2748 τάδε
702 2709 781 2748 κατ’
802 2710 883 2756 ἔπος
912 2712 1018 2763 λέγει.
1039 2735 1094 2743 -
1111 2713 1176 2755 Vs.

121 2765 196 2815 392
219 2764 298 2805 οὔτε
327 2765 395 2819 γὰρ
428 2768 603 2821 ἀνδρομέη
634 2769 770 2824 κεφαλὴ
800 2772 1046 2821 Ammonius,
1073 2775 1179 2825 quod

118 2825 295 2864 Sturzius
315 2834 352 2864 et
372 2825 601 2867 Karstenius
631 2837 829 2868 mutarunt
857 2831 900 2869 in
929 2829 1008 2870 οὔτε
1028 2831 1096 2886 γὰρ
1117 2835 1178 2872 ἀν-

119 2883 248 2937 δρομέῃ
271 2886 428 2938 κεφαλῇ;
447 2887 515 2925 sed
532 2887 566 2924 Τ
569 2896 693 2926 zetzes
712 2901 722 2927 .·
740 2889 778 2926 οὗ
796 2888 859 2940 μὲν
876 2889 945 2942 γὰρ
970 2891 1097 2945 βροτέῃ
1114 2908 1175 2932 κε-

119 2944 229 2997 φαλῇ,
251 2957 365 2996 quem
386 2947 505 2984 secuti
526 2956 616 2985 sunt
645 2949 833 2999 Bergkius
851 2958 889 2988 et
919 2952 1103 2991 Steinius.
1125 2976 1178 2983 —

118 3001 201 3041 Vss.
224 3003 299 3053 393
317 3013 355 3042 et
373 3006 460 3055 394.
480 3006 717 3059 Hippolytus
735 3007 848 3062 αἱρέσ.
872 3007 991 3062 ἔλεγχ.
1007 3024 1047 3062 p.
1071 3012 1147 3058 248
1165 3027 1173 3051 ε

65 3075 68 3083 ·
118 3061 197 3113 περὶ
217 3061 281 3113 μὲν
301 3065 363 3110 τῆς
382 3069 442 3103 τοῦ
461 3063 594 3116 κόσμου
612 3065 706 3110 ἰδέας
724 3066 828 3106 ὁποία
846 3066 899 3112 τίς
918 3069 1012 3108 ἔστιν
1032 3069 1175 3118 ὑπὸτῆς

118 3118 234 3172 φιλίας
263 3121 509 3174 κοσμουμένη,
531 3123 626 3176 λέγει
644 3124 800 3164 τοιοῦτόν
820 3141 899 3165 τινα
921 3127 1065 3180 τρόπον,
1084 3129 1176 3169 sub·

115 3177 262 3274 {unctis
282 3180 344 3219 his
361 3195 497 3222 versus
512 3183 693 3234 reliquiis
716 3198 725 3222 :
750 3183 843 3223 ἀλλὰ
860 3191 1006 3240 σφαῖρος
1030 3187 1092 3235 ἔην
1113 3188 1174 3228 καὶ

132 3237 190 3281 σός
208 3240 302 3278 ἐστιν
329 3241 447 3293 αὐτῷ,
478 3241 582 3281 unde
603 3241 925 3283 Schneidewinus
953 3247 1174 3298 suspicatus

117 3305 176 3334 est
192 3310 328 3338 versus
350 3301 424 3351 393
441 3309 479 3339 et
496 3301 571 3350 394
591 3300 655 3340 bis
671 3301 721 3340 ab
737 3301 970 3355 Empedocle
987 3306 1171 3358 scriptos,

117 3354 237 3393 altero
259 3365 384 3395 autem
414 3359 502 3397 loco
528 3359 629 3399 hanc
654 3361 705 3400 iis
737 3362 949 3402 clausulam
982 3364 1170 3415 adjectam

119 3413 236 3452 fuisse
259 3428 267 3452 :

171 3506 264 3544 ἀλλὰ
285 3508 429 3562 σφαῖρος
445 3509 513 3556 ἕεις
528 3510 588 3551 καὶ
607 3512 775 3552 πάντοθεν
788 3507 863 3558 ’ἶσος
880 3516 1007 3568 ἑαυτῷ.

1251 367 1313 405 Sic
1332 367 1436 405 enim
1458 367 1542 419 ipse
1564 380 1721 406 versum
1746 368 2021 419 corrigendum
2045 384 2129 410 esse
2159 374 2306 415 statuit.

1250 426 1332 476 Ego
1362 426 1590 479 hujusmodi
1624 427 1862 466 versiculum
1893 443 1915 467 a
1946 440 2060 481 poeta
2091 434 2309 483 profectum

1251 486 1410 537 quidem
1439 500 1520 525 non
1549 499 1670 538 neg0,
1699 487 1765 525 sed
1790 501 1996 539 perperam
2024 490 2072 529 ab
2094 492 2310 546 Hippolyto

1249 545 1520 597 superioribus
1551 559 1747 584 annexum
1766 547 1965 586 existimo.
1990 571 2043 578 —
2062 550 2125 590 Vs.
2158 554 2233 592 393
2271 557 2309 593 οὗ

1251 603 1315 654 μὲν
1336 603 1425 642 ἀπαὶ
1444 603 1623 652 'I'zetzes;
1645 606 1683 644 οὗ
1699 603 1768 656 γὰρ
1789 606 1859 644 ἀπὸ
1878 606 2134 660 Hippolytus;
2154 609 2226 649 οὔτ’
2241 614 2311 652 ἀπό

1250 664 1281 700 οἱ
1302 662 1433 714 posuit
1455 662 1700 705 Karstenius.
1720 664 1872 703 Deinde
1886 664 2005 704 νώτων
2022 682 2061 718 γε
2081 668 2312 710 Ammonius

1249 729 1287 759 et
1303 721 1337 759 Τ
1339 731 1482 771 zetzes3
1501 731 1604 761 recte
1623 723 1859 775 Hippolytus
1876 723 2014 773 νώτοιο,
2039 727 2144 777 quod
2158 729 2312 780 primus

1249 780 1436 832 probavit
1484 782 1821 824 Schneidewinus.
1868 784 2054 836 Sequitur
2105 786 2163 826 δύο
2208 790 2312 841 apud

1249 840 1450 888 Tzetzam,
1473 840 1586 894 cujus
1613 843 1700 882 loco
1730 843 1963 883 Ammonius
1984 844 2053 884 δύω
2081 845 2221 895 habet,
2255 862 2314 887 re-

1249 905 1405 952 ceptum
1419 913 1442 939 a
1458 900 1678 940 Karstenio.
1696 901 1821 942 κλάδοι
1842 903 1970 943 intell.
1987 903 2163 944 brachia.
2187 907 2245 947 Cf.
2263 909 2312 947 ad

1249 972 1311 1000 vs.
1337 961 1426 1010 370.
1446 957 1630 1000 ἀΐσσονται
1649 962 1907 1014 Hippolytus,
1929 959 2311 1008 ἀίσσουσινᾉῐηηιοη.

1247 1027 1285 1056 et
1307 1018 1340 1056 T
1343 1028 1480 1059 zetzes.
1500 1020 1566 1060 Vs.
1588 1021 1663 1071 394
1682 1025 1790 1073 γοῦνα
1810 1021 1870 1060 καὶ
1891 1022 2065 1072 Tzetzes,
2090 1026 2197 1077 quod
2227 1028 2311 1067 Ste-

1250 1078 1403 1129 phanus
1434 1089 1472 1118 et
1508 1080 1682 1131 Scaliger
1713 1081 1755 1120 in
1788 1083 1898 1132 γοῧν’,
1933 1084 1971 1120 οὗ
2013 1095 2312 1137 converterunt,

1247 1137 1387 1189 γούνατ’
1409 1140 1447 1178 οὐ
1471 1140 1720 1192 Hippolytus.
1745 1141 1862 1193 μήδεα
1892 1142 2092 1196 λαχνήεντα
2125 1145 2159 1183 T
2162 1156 2309 1198 zetzes;

1247 1196 1362 1247 μήδεα
1381 1198 1552 1250 γενήεντα
1568 1199 1819 1252 Hippolytus.

1301 1257 1384 1298 Vss.
1410 1259 1486 1309 395
1509 1268 1546 1297 et
1567 1260 1644 1310 396
1672 1263 1868 1311 egregiam
1891 1262 1939 1300 de
1963 1263 2045 1301 Deo
2078 1268 2309 1306 sententiam

1247 1317 1449 1356 continent
1463 1331 1484 1356 e
1499 1318 1615 1357 tertio
1636 1318 1897 1370 physicorum
1912 1320 2018 1360 libro
2031 1333 2197 1363 sumtam
2217 1335 2312 1365 teste

1246 1375 1386 1415 Tzetze
1413 1376 1583 1417 Chiliad.
1616 1377 1704 1426 Vll,
1737 1379 1812 1417 522
1839 1393 1937 1431 seq.:
1975 1380 2223 1432 Ἐμπεδοκλῆς
2260 1389 2310 1438 τῷ

1245 1435 1352 1488 τρίτῳ
1371 1451 1408 1474 τε
1428 1438 1497 1475 τῶν
1525 1438 1683 1490 φυσικῶν
1718 1438 1883 1477 δεικνύων
1905 1439 1957 1484 τίς
1975 1443 1997 1487 ἡ
2020 1440 2122 1479 οὐσία
2144 1447 2204 1482 τοῦ
2234 1448 2311 1484 θεοῦ

1245 1495 1324 1533 κατ’
1348 1493 1431 1539 ἔπος
1449 1494 1540 1534 οὕτω
1559 1496 1683 1548 λέγων·
1712 1497 1803 1535 ἀλλὰ
1827 1497 1916 1552 φρὴν
1937 1501 2018 1540 κτλ.
2045 1500 2152 1539 Idem
2177 1503 2225 1542 de
2244 1518 2307 1543 ea-

1245 1553 1332 1592 dem
1354 1568 1396 1592 re
1413 1568 1531 1606 agens
1557 1569 1617 1607 ap.
1645 1556 1836 1608 Matrang.
1855 1559 2002 1597 Anecd.
2024 1559 2057 1598 T
2060 1574 2138 1601 om.
2169 1562 2185 1600 l
2215 1577 2310 1615 pag.

1247 1615 1323 1651 230
1347 1613 1619 1666 Empedoclem
1632 1645 1643 1667 ‚
1660 1615 1862 1655 Platonem
1879 1626 1917 1656 et
1935 1618 2209 1671 Anaxagoram
2235 1625 2310 1663 hoc

1246 1673 1366 1711 modo
1383 1672 1519 1724 jungit
1540 1688 1549 1712 z

1299 1763 1550 1814 Ἐμπεδοκλῆς
1569 1765 1637 1818 γὰρ
1659 1765 1814 1805 Πλάτων
1834 1783 1871 1806 τε
1892 1766 1953 1807 καὶ
1973 1771 1991 1808 ὁ
2012 1769 2244 1825 Ἀναξαγόρας
2257 1804 2268 1825 ⁷

1299 1823 1399 1861 ἄλλοι
1416 1839 1454 1861 τε
1473 1824 1576 1863 πόσοι
1596 1827 1664 1863 τῶν
1683 1826 1800 1877 ἐκτός,
1822 1829 1900 1866 νοῦν
1919 1827 1979 1866 τὸν
2001 1828 2076 1868 θεὸν
2093 1831 2276 1872 καλοῦσιν.

1297 1918 1381 1959 Vss.
1417 1921 1617 1971 397-408.
1642 1914 1671 1959 ὦ
1697 1920 1976 1976 φίλοι-εὐηκέα
2006 1924 2122 1981 βάξιν]
2155 1937 2309 1969 exstant

1244 1978 1348 2029 apud
1364 1979 1579 2029 Diogenem
1598 1980 1793 2020 Laertium
1806 1982 1915 2031 vlu,
1935 1985 1984 2022 62
2003 1984 2062 2023 his
2080 1987 2198 2037 paulo
2219 1999 2308 2039 post

1243 2036 1464 2088 subjunctis
1477 2053 1487 2077 t
1502 2038 1625 2084 αὐτοὺς
1633 2040 1668 2078 δὲ
1679 2041 1821 2085 τούτους
1832 2040 1911 2086 τοὺς
1921 2044 2126 2097 καθαρμοὺς
2135 2047 2168 2084 ἐν
2179 2045 2309 2098 Ὀλυμ-

1244 2097 1308 2150 πίᾳ
1330 2098 1625 2152 διαῤῥαψῳδῆσαι
1650 2099 1791 2151 λέγεται
1817 2101 2021 2152 Κλεομένην
2044 2103 2103 2143 τὸν
2126 2107 2306 2160 ῥαψῳδόν,

1243 2158 1334 2194 item
1351 2157 1392 2195 in
1414 2158 1575 2198 Anthol.
1595 2172 1653 2209 gr.
1671 2159 1808 2200 Bosch.
1827 2161 1894 2199 lib.
1912 2161 1928 2199 1
1944 2162 2002 2201 tit.
2019 2164 2068 2201 86
2081 2163 2156 2204 Τ.Ι
2172 2179 2211 2217 p.
2229 2168 2305 2205 338

1244 2217 1418 2268 exceptis
1434 2230 1514 2256 vss.
1528 2219 1605 2269 399
1622 2227 1659 2257 et
1675 2225 1766 2268 407.
1781 2220 1893 2260 Adde
1907 2222 2065 2263 Anthol.
2079 2237 2135 2274 gr.
2150 2224 2304 2266 Jacobs.

1243 2275 1310 2324 lx,
1330 2276 1422 2327 569.

1295 2335 1377 2375 Vss.
1404 2337 1479 2387 397
1501 2350 1558 2388 sq.
1584 2329 1613 2376 ὦ
1630 2336 1925 2392 φίλοι-πόλεος,
1942 2350 2131 2392 praeterea
2150 2357 2208 2383 vs.
2231 2351 2304 2389 400

1241 2395 1620 2448 χαίρετ’-πωλεῦμαι
1635 2407 1901 2436 memorantur
1914 2412 1936 2437 a
1950 2399 2108 2439 Laertio
2124 2402 2231 2454 vlu,
2254 2404 2302 2451 54

1241 2464 1278 2492 et
1296 2457 1362 2505 66,
1381 2469 1402 2494 e
1420 2455 1533 2507 cujus
1549 2456 1681 2495 verbis
1695 2457 1885 2496 discimus
1902 2458 1973 2497 hos
1986 2472 2124 2499 versus
2143 2462 2304 2503 initium

1241 2514 1463 2553 lustralium
1492 2516 1711 2554 carminum
1743 2517 1875 2558 fuisse.
1899 2519 1965 2556 Ait
1986 2519 2091 2557 enim
2120 2520 2174 2560 ὅτι
2202 2523 2231 2561 δ’
2260 2519 2304 2572 ἦν

1242 2573 1510 2626 Ἀκραγαντῖνος
1546 2575 1585 2613 ἐκ
1624 2575 1811 2624 Σικελίας,
1835 2576 1938 2622 αὐτὸς
1967 2578 2201 2631 ἐναρχόμενος
2232 2586 2302 2623 τῶν

1241 2634 1447 2687 Καθαρμῶν
1480 2649 1579 2685 φησι.
1614 2633 1677 2674 Vs.
1706 2640 1782 2679 400
1820 2636 1989 2676 afferunt
2019 2639 2136 2677 etiam
2168 2641 2302 2682 Philo·

1240 2701 1382 2731 stratus
1403 2694 1479 2732 Vit.
1510 2693 1637 2744 Apoll.
1657 2692 1690 2742 Ι,
1717 2709 1752 2743 ¹3
1776 2694 1973 2736 Lucianus
2004 2700 2080 2737 Pro
2100 2699 2211 2752 lapsu
2240 2703 2303 2741 in-

1241 2760 1299 2789 ter
1336 2752 1448 2790 salut.
1489 2752 1538 2792 T.
1576 2751 1594 2790 I
1636 2766 1675 2804 p.
1710 2755 1785 2801 726
1817 2754 1879 2793 ed.
1913 2755 2068 2805 Hemst3
2101 2758 2301 2800 Cedrenus

1240 2809 1385 2850 Chron.
1407 2813 1451 2850 Τ.
1469 2810 1485 2848 Ι
1503 2824 1542 2862 p.
1564 2812 1654 2860 1573
1673 2811 1813 2851 Sextus
1834 2812 2054 2866 Empiricus
2074 2815 2160 2857 adv.
2178 2817 2298 2858 Math.

1238 2868 1272 2916 Ι,
1292 2869 1367 2907 302
1387 2882 1512 2921 usque
1531 2870 1579 2909 ad
1600 2869 1791 2922 τετιμένος.
1805 2871 1869 2912 Vs.
1889 2874 1966 2924 399
1987 2872 2104 2919 ξείνων
2132 2877 2210 2917 κτλ.
2239 2877 2299 2916 in—

1240 2937 1366 2966 sertus
1384 2936 1442 2966 est
1460 2941 1482 2967 e
1497 2928 1674 2969 Diodoro
1689 2930 1823 2970 Siculo
1839 2932 1908 2983 qui
1924 2931 1993 2971 lib.
2018 2932 2126 2982 XIII,
2147 2935 2196 2973 83
2217 2935 2300 2975 haec

1238 2986 1285 3024 de
1297 2987 1566 3037 Agrigentinis
1581 2991 1782 3029 memoriae
1795 2991 1929 3042 prodit
1946 3005 1955 3030 :
1976 2990 2018 3032 ‘O
2033 2991 2068 3031 δὲ
2083 2995 2152 3032 τῶν
2168 2993 2299 3047 Ἀκρα-

1237 3044 1409 3096 γαντίνων
1439 3047 1565 3099 σχεδὸν
1595 3047 1856 3093 πλουσιώτατος
1893 3044 1937 3098 ἦν
1969 3052 2049 3089 κατ’
2083 3052 2213 3091 ἐκεῖνον
2238 3053 2296 3093 τὸν

1236 3103 1359 3157 χρόνον
1368 3107 1398 3145 Γ
1401 3105 1532 3155 ελλίας,
1543 3107 1580 3152 ὃς
1590 3106 1682 3146 κατὰ
1692 3107 1755 3156 τὴν
1766 3108 1878 3148 οἰκίαν
1895 3108 2039 3155 ξενῶνας
2051 3110 2140 3164 ἔχων
2155 3111 2297 3158 πλείους

1236 3164 1319 3214 πρὸς
1339 3170 1415 3209 ταῖς
1442 3165 1570 3211 πύλαις
1586 3167 1729 3206 ἔταττεν
1753 3168 1909 3217 οἰκέτας,
1930 3163 1980 3214 οἷς
2006 3173 2295 3224 παρηγγελμένον

1236 3215 1278 3270 ῆν
1300 3222 1460 3269 ἅπαντας
1479 3225 1558 3270 τοὺς
1581 3225 1692 3272 ξένως
1712 3228 1832 3267 καλεῖν
1849 3229 1906 3267 ἐπὶ
1921 3227 2027 3282 ξενίᾳ.
2046 3230 2170 3270 πολλοὶ
2186 3229 2295 3270 δὲκαὶ

1235 3285 1303 3321 τῶν
1334 3282 1452 3323 ἄλλων
1479 3284 1759 3339 Ἀκραγαντίνων
1788 3287 1927 3327 ἐποίουν
1959 3288 1998 3328 τὸ
2026 3291 2292 3343 παραπλήσιον,

1235 3343 1416 3396 ἀρχαϊκῶς
1446 3345 1507 3384 καὶ
1539 3346 1795 3399 φιλανθρώπως
1829 3350 2051 3399 ὁμιλοῦντες·
2082 3348 2201 3403 διόπερ
2233 3350 2293 3388 καὶ

1236 3401 1485 3453 Ἐμπεδοκλῆς
1499 3404 1594 3458 λέγει
1609 3406 1689 3459 περὶ
1703 3407 1818 3446 αὐτῶν
1836 3424 1851 3441 «
1870 3406 1985 3452 ξείνων
2000 3409 2123 3446 αἰδοῖοι
2138 3409 2289 3459 λιμένες,

1232 3461 1427 3510 κακότητος
1443 3462 1595 3517 ἄπειροι.
1606 3483 1622 3499 u
1633 3465 1716 3504 Hoc
1730 3467 1954 3506 testimonio
1965 3468 2081 3506 simul
2100 3468 2290 3506 refutatur

1233 3522 1387 3572 Bergkii
1422 3525 1644 3573 conjectura
1679 3523 1796 3570 ξείνων
1827 3525 1966 3564 αἰδοίων
2005 3525 2155 3577 λιμένες.
2201 3526 2287 3566 Νοη
