2612 3814
716 298 770 337 IN
801 296 1133 337 EMPEDOCLIS
1162 295 1450 336 CARMINUM
1484 297 1779 346 RELlQUIAS.
2292 306 2345 340 69

158 398 280 435 Juvat
296 403 423 434 autem
441 392 569 445 ipsius
597 389 821 429 Aristotelis
853 388 1216 440 interpretationem

161 466 378 494 memorare
389 468 397 491 ε
408 451 573 492 Γίνεσθαι
583 448 621 488 δέ
631 464 716 502 φησι
729 447 794 494 τὴν
809 447 988 495 ἀναπνοὴν
998 446 1058 486 καὶ
1070 445 1221 494 ἐκπνοὴν

162 514 222 554 διὰ
245 514 284 553 τὸ
303 513 434 567 φλέὸας
451 504 541 550 εἶναί
560 525 676 558 τινας,
700 509 735 547 ἕν
753 502 807 552 αἶς
827 508 941 546 ἔνεστι
963 507 1026 559 μὲν
1047 500 1162 559 αἷμα,
1182 509 1220 546 οὐ

162 574 283 626 μέντοι
299 572 447 626 πλήρεις
466 569 551 609 εἰσὶν
570 568 739 620 αἵματος,
763 567 883 620 ἔχουσι
904 566 939 606 δὲ
957 566 1083 621 πόρους
1100 567 1149 611 εἷς
1164 566 1222 605 τὸν

162 634 231 679 ἔξω
253 633 340 686 ἀέρα
354 662 365 684 ,
387 633 456 670 τῶν
484 629 547 682 μὲν
568 634 629 668 τοῦ
651 627 815 679 σώματος
836 628 929 680 (leg.
960 626 1108 678 αἵματος
1133 640 1221 666 cum

163 695 313 744 Karst.)
342 691 472 745 μορίων
498 689 681 738 ἐλάττους,
697 689 767 727 τῶν
797 687 832 725 δὲ
853 690 915 725 τοῦ
937 685 1036 739 ἀέρος
1062 686 1234 737 μείζουςΥ

163 754 218 794 διὸ
236 757 298 793 τοῦ
324 752 473 803 αἵματος
498 748 693 804 πεφυκότος
719 750 888 787 κινεῖσθαι
910 746 983 785 ἄνω
1012 747 1072 785 καὶ
1097 747 1195 785 κάτω
1210 775 1220 794 ,

163 814 263 854 κάτω
296 812 357 864 μὲν
388 809 593 865 φερομένου,
613 810 739 862 εἰσρεῖν
768 807 826 846 τὸν
861 805 948 860 ἀέρα
978 805 1039 845 καὶ
1067 804 1223 858 γίνεσθαι

162 873 362 921 ἀναπνοήν,
382 872 454 911 ἀνω
467 871 496 909 δ’
513 869 638 919 ἰόντος,
654 868 834 909 ἐκπίπτειν
846 866 972 920 θύραζε
988 865 1048 905 καὶ
1066 865 1223 918 γίνεσθαι

163 934 228 981 τὴν
249 931 412 979 ἐκπνοήν,
439 929 663 983 παρεικάζων
690 927 731 967 τὸ
761 926 959 978 συμὸαῒνον
989 930 1068 969 ταῖς
1096 924 1224 978 κλεψύ·

165 994 279 1048 δραις.
299 991 491 1031 Similiter
509 988 742 1029 Plutarchus
760 987 807 1025 de
827 987 933 1025 Plac.
960 985 1059 1038 phil.
1080 984 1146 1033 lV,
1173 999 1221 1023 22

165 1052 414 1105 Empedoclis
434 1058 670 1102 praeceptum
692 1047 879 1100 proponit
898 1061 906 1085 ε
930 1046 1136 1099 Φερομένου
1163 1050 1224 1085 τοῦ

165 1111 315 1163 αἵματος
335 1113 380 1155 ὡς
401 1109 487 1162 πρὸς
509 1107 571 1156 τὴν
595 1108 800 1161 ἐπιφάνειαν
830 1105 891 1145 καὶ
918 1105 958 1145 τὸ
987 1107 1139 1158 ἀερῶδες
1167 1106 1226 1146 διὰ
1248 1153 1249 1156 ¹

165 1174 234 1211 τῶν
257 1173 357 1225 ῥινῶν
387 1172 465 1215 ταῖς
497 1171 622 1207 ἑαυτοῦ
652 1165 846 1221 ἐπιρῤοίαις
869 1165 1135 1214 ἀναθλίὸοντος,
1164 1165 1224 1204 καὶ

165 1231 230 1280 τὴν
250 1229 449 1282 ἐκχώρησιν
474 1228 562 1278 (leg.
585 1229 628 1279 τῇ
653 1224 852 1279 ἐκχωρήσει
872 1224 999 1263 deleto
1020 1224 1093 1277 καὶ)
1117 1226 1225 1263 αὐτοῦ

169 1288 246 1344 [τοῦ
265 1285 380 1342 ἀέρος]
397 1286 557 1339 γίνεσθαι
573 1284 637 1332 τὴν
662 1284 827 1331 ἐκπνοήν·
847 1284 1170 1336 ’παλινδρομοῦντος
1190 1283 1225 1323 δὲ

168 1352 242 1398 (τοῦ
273 1346 433 1399 αἵματος)
456 1345 517 1384 καὶ
545 1348 606 1384 τοῦ
629 1343 727 1397 ἀέρος
748 1342 1084 1396 ἀντεπεισαχθέντος
1115 1345 1162 1388 εἷς
1182 1343 1225 1383 τὰ

167 1407 225 1446 διὰ
244 1412 305 1446 τοῦ
331 1406 478 1457 αἵματος
496 1403 709 1457 ἀραιώματα
721 1434 732 1453 ,
749 1403 814 1452 τὴν
829 1403 1003 1451 εἰσπνοήν
1028 1404 1227 1456 ὑπομιμνή-

164 1482 242 1506 σκει
261 1465 296 1505 δὲ
313 1465 398 1505 αὐτὸ
419 1464 478 1503 ἐπὶ
497 1467 559 1511 τῆς
578 1463 791 1517 κλεψύδρας.

220 1526 285 1564 Vs.
308 1527 501 1570 343-344.
520 1518 588 1562 ὧδε
609 1523 639 1563 δ’
659 1521 1043 1575 ἀναπνεῖ-τέτανται]
1059 1522 1227 1577 σύριγγας

166 1585 353 1636 intelligit
371 1585 520 1624 fistulas
537 1584 622 1623 sive
641 1583 800 1623 tubulos
818 1584 861 1622 in
877 1596 1031 1622 summo
1045 1597 1225 1636 corpore,

167 1658 247 1696 quo
268 1644 429 1683 nomine
450 1642 680 1681 Aristoteles
701 1651 738 1681 et
767 1642 854 1694 ipse
873 1643 997 1681 utitur
1017 1642 1064 1681 de
1086 1642 1226 1696 Respi—

168 1713 240 1743 rat.
268 1718 302 1742 c.
342 1703 387 1741 15
425 1717 434 1740 ς
467 1701 588 1741 Αἴτιον
619 1704 680 1740 τοῦ
711 1699 774 1752 μὲν
813 1703 980 1740 ἀναπνεῖν
1014 1705 1032 1741 ὁ
1060 1701 1227 1754 πνεύμων

168 1762 301 1814 σομφὸς
325 1760 372 1801 ὢν
395 1760 456 1800 καὶ
490 1760 664 1814 συρίγγων
698 1760 850 1814 πλήρης.
874 1761 947 1800 Hic
967 1760 1099 1815 φλέὸας
1131 1761 1229 1807 τινὰς

168 1825 461 1874 interpretatur,
483 1829 527 1859 ut
547 1821 720 1860 vidimus
733 1850 744 1869 ,
765 1821 832 1860 sed
859 1834 1076 1872 exsangues
1108 1836 1228 1863 venas

167 1881 230 1920 vel
251 1881 384 1932 potius
408 1893 488 1918 non
507 1880 644 1932 plenas
660 1880 876 1930 sanguinis.

222 1940 306 1980 Vss.
331 1940 486 1985 345-34
496 1954 532 1988 7.
552 1939 613 1978 καί
626 1955 705 1992 σφιν
727 1939 784 1978 ἐπὶ
800 1940 956 1990 στομίοις
970 1945 1118 1985 πυκναῖς
1134 1941 1226 1994 κτλ]

169 2000 228 2038 lta
244 2008 350 2038 recte
369 1999 451 2037 haec
469 1998 590 2038 verba
606 1999 731 2038 edidit
744 1999 962 2047 Bekkerus,
978 2013 1099 2051 quum
1117 2011 1228 2040 antea

166 2059 362 2109 legeretur
381 2057 599 2110 ἐπιστομίοις
618 2063 775 2102 πυκνοῖς.
799 2058 993 2097 Praeterea
1008 2073 1082 2110 pro
1100 2059 1228 2112 τέρθρα

167 2118 320 2170 aliquot
339 2116 436 2156 libri
458 2117 643 2156 mendose
669 2116 794 2169 τέθρα,
818 2132 893 2169 pro
914 2117 1018 2170 φόνου
1049 2118 1229 2171 plerique

168 2177 291 2230 φανόν,
320 2190 408 2228 quae
440 2177 538 2215 vitia
567 2176 651 2228 jam
680 2177 898 2229 Stephanus
933 2177 1103 2217 sustulit.
1147 2193 1227 2232 σφιν

167 2237 339 2290 perti-net
357 2235 406 2275 ad
425 2235 611 2275 animalia
622 2265 634 2284 ,
651 2235 806 2286 στομίοις
820 2236 868 2274 ad
885 2238 1026 2288 σαρκῶν
1044 2236 1226 2290 σύριγγας.

168 2297 273 2348 ῥινῶν
285 2293 420 2347 ἔσχατα
435 2293 564 2347 τέρθρα
578 2294 808 2333 Karstenius
819 2308 906 2333 cum
916 2294 1228 2335 Lommatzschio

166 2360 262 2393 cutt's
280 2356 516 2406 superficiem
534 2354 830 2406 interpretatur,
852 2367 990 2407 parum
1010 2355 1229 2407 probabili-

168 2423 240 2454 ter.
260 2413 419 2452 Rectius
450 2413 532 2452 haec
553 2427 640 2452 cum
663 2414 834 2465 antiquis
849 2414 1143 2453 enarratoribus
1158 2430 1228 2453 ηα-

166 2478 265 2511 rium
285 2478 560 2524 prominentem
580 2478 857 2511 extremitatem
887 2487 971 2512 esse
990 2474 1113 2522 dicas,
1133 2476 1160 2513 i.
1190 2488 1226 2515 e.

1282 396 1346 426 tur
1376 386 1588 440 κλεψύδρῃς.
1627 387 1788 426 Praestat
1823 402 1918 427 vero
1951 390 2098 442 παίζῃσι
2133 391 2345 443 participio

1282 446 1458 492 παίζουσα
1479 447 1574 499 quia
1599 447 1721 485 verbo
1754 448 1867 486 [inito
1894 449 2156 487 anacoluthon
2180 451 2343 490 vitatur.

1282 506 1397 553 Quod
1428 506 1507 544 duo
1540 506 1636 545 libri
1656 506 1841 556 ambigue
1861 507 2023 552 παίζουσι
2053 508 2242 547 exhibent
2275 513 2343 548 vix

1284 566 1580 604 memorandum
1605 575 1675 606 est.
1697 566 1775 604 Pro
1796 567 1943 605 vitioso
1961 567 2005 604 δι’
2020 566 2181 611 εὐπετέος
2197 570 2346 620 optime

1284 626 1440 665 codices
1474 626 1652 679 praebent
1684 627 1726 665 id
1755 627 1861 678 quod
1890 627 2079 676 Bergkius
2110 628 2345 679 conjecerat,

1284 685 1470 730 διιπετέος.
1490 686 1728 738 Reciprocus
1743 687 1810 724 ille
1825 687 1926 725 aeris
1943 695 1981 724 et
1998 689 2201 736 sanguinis
2219 698 2347 727 motus

1284 746 1504 786 declaratur
1537 747 1799 785 similitudine
1842 746 2057 798 clepsydrae
2104 759 2181 797 qua
2217 749 2349 799 puella

1286 806 1403 845 ludit.
1426 807 1570 853 Quales
1593 806 1740 846 suerint
1759 815 1934 844 veterum
1955 806 2170 858 clepsydrae
2191 820 2278 845 cum
2301 821 2348 846 ex

1286 867 1360 905 hoc
1390 867 1477 906 loco
1507 875 1634 919 patet,
1657 876 1740 906 tum
1766 880 1816 905 ex
1839 866 1927 904 aliis
1958 867 2212 917 antiquorum
2242 869 2348 906 testi-

1287 927 1443 966 moniis.
1467 927 1564 966 Vide
1594 927 1843 979 Simplicium
1872 927 1915 964 in
1943 926 2106 965 Aristot.
2131 925 2253 977 Phys.
2282 926 2346 974 lv,

1286 987 1309 1023 6
1333 986 1357 1024 f.
1389 986 1478 1038 151,
1504 986 1531 1025 b
1557 995 1595 1026 et
1614 986 1662 1026 de
1685 986 1784 1026 Coel.
1811 986 1849 1024 ll
1874 986 1901 1027 f.
1934 1000 2023 1034 127,
2048 985 2075 1025 b
2095 985 2155 1024 ed.
2178 986 2269 1027 Ald.
2295 987 2345 1025 cs.

1286 1045 1417 1084 Schol.
1435 1047 1598 1086 Aristot.
1614 1046 1678 1086 ed.
1696 1046 1873 1085 Brandis.
1895 1060 1935 1098 p.
1952 1045 2027 1084 506
2046 1045 2085 1084 b.
2103 1045 2212 1083 Adde
2227 1046 2347 1084 Hero-

1286 1105 1348 1143 nis
1357 1105 1615 1144 Alexandrini
1626 1105 1878 1144 Pneumatica
1890 1106 1933 1143 in
1942 1103 2042 1142 Vett.
2059 1104 2350 1144 Mathematico-

1287 1177 1374 1201 rum
1393 1164 1580 1217 operibus
1596 1165 1763 1204 Parisiis
1783 1165 1881 1216 1693
1905 1164 1971 1203 fol.
1994 1177 2036 1216 p.
2058 1164 2130 1211 145
2151 1173 2189 1203 et
2210 1165 2345 1205 Petav.

1287 1223 1328 1261 in
1345 1225 1500 1275 Synesii
1521 1225 1687 1264 Dionem
1706 1239 1747 1278 p.
1768 1239 1833 1265 21.

1340 1283 1406 1322 Vs.
1425 1285 1515 1325 353.
1530 1286 1578 1329 εἷς
1591 1283 1716 1329 ὕδατος
1730 1283 1830 1340 κτλ.]
1842 1283 1966 1329 ὕδατος
1980 1283 2090 1337 δέμας
2106 1284 2351 1337 periphrasis

1286 1351 1343 1380 est
1361 1352 1404 1381 ut
1422 1357 1482 1383 vs.
1505 1346 1576 1394 173
1597 1345 1675 1393 αἴης
1693 1344 1820 1384 λάσιον
1841 1344 1962 1394 δέμας.

1341 1401 1404 1441 Vs.
1429 1402 1521 1448 354.
1540 1404 1579 1441 οὗ
1608 1402 1680 1442 τότ’
1703 1405 1737 1448 ἐς
1758 1402 1903 1455 ἀγγοσδ’
1925 1402 2057 1457 ὅμὸρος
2075 1401 2172 1458 κτλ.]
2193 1404 2310 1455 posui
2330 1417 2351 1442 e

1286 1459 1426 1499 Steinii
1443 1463 1694 1512 conjectura3
1718 1467 1839 1516 quum
1864 1465 1905 1503 in
1932 1464 2135 1516 plerisque
2159 1464 2271 1503 libris
2295 1466 2350 1503 le·

1287 1529 1399 1570 gatur
1416 1521 1527 1561 οὖδετ’
1544 1531 1583 1561 et
1602 1523 1764 1575 ἄγγοσδ’,
1785 1525 1901 1577 pauci
1930 1523 2099 1563 habeant
2118 1525 2189 1563 οὐδ’
2210 1522 2262 1563 ὅτ’
2286 1526 2348 1563 vel

1986 1585 2160 1601 ‚‚‚‚‚

1287 1640 1431 1694 ὄμὸρος.
1448 1644 1572 1681 Antea
1586 1643 1822 1695 vulgabatur
1835 1644 1913 1683 οὐδέ
1928 1645 1961 1696 γ’
1977 1646 2011 1688 ἐς
2025 1643 2130 1697 ἄγγος
2144 1642 2192 1682 ἔτ’
2206 1643 2349 1697 ὄμὸρος.

1289 1700 1519 1741 Kal-Stenius
1539 1702 1663 1742 edidit
1679 1703 1757 1743 οὐδέ
1772 1706 1803 1742 τ’
1819 1706 1852 1748 ἐς
1871 1703 2017 1756 ἄγγοσδ’
2038 1703 2185 1756 ὄμὸρος.

1341 1763 1412 1802 Vs.
1441 1763 1531 1811 357.
1559 1762 1758 1815 πνεύματος
1780 1763 2002 1809 ἐλλείποντος
2021 1761 2122 1818 κτλ]
2143 1762 2286 1814 αἴσιμον
2305 1764 2345 1802 h.

1288 1821 1316 1858 l.
1339 1821 1444 1860 idem
1468 1823 1572 1862 valet
1594 1824 1703 1875 quod
1724 1823 1917 1877 χρήσιμον.
1943 1823 2163 1875 Hesychius
2184 1822 2326 1874 αἴσιμον
2341 1840 2349 1848 ·

1290 1880 1434 1932 ἀγαθόν,
1464 1882 1655 1935 συμφέρον,
1685 1883 1746 1922 καὶ
1783 1882 1828 1923 τὰ
1863 1882 1983 1933 ὅμοια.
2016 1883 2189 1923 Vocatur
2221 1892 2350 1922 autem

1287 1954 1389 1992 aqua
1407 1945 1508 1980 utih‘s
1524 1953 1733 1995 propterea
1756 1944 1862 1995 quod
1883 1945 1924 1983 in
1944 1944 2028 1983 vita
2047 1943 2247 1982 communi
2275 1944 2350 1982 fre-

1290 2014 1415 2052 quens
1436 2011 1519 2040 erat
1539 2004 1834 2055 clepsydrarum
1852 2018 1968 2054 usus,
1987 2004 2030 2042 in
2050 2017 2147 2054 quas
2173 2004 2351 2055 quotidie

1288 2061 1587 2101 infundebatur.
1625 2063 1735 2102 Licet
1767 2065 1882 2103 etiam
1915 2077 2146 2116 comparare
2186 2063 2349 2103 Pindari

1290 2121 1462 2174 (Olymp.
1485 2122 1518 2170 I,
1545 2124 1578 2175 1)
1601 2123 1701 2162 illud
1721 2136 1730 2163 :
1755 2122 1897 2175 ἄριστον
1918 2122 1981 2173 μὲν
2003 2121 2120 2176 ὕδωρ,
2141 2121 2212 2161 ubi
2229 2122 2348 2162 Scho-

1288 2181 1419 2220 liastes
1443 2196 1451 2220 :
1474 2181 1514 2220 τὸ
1540 2182 1604 2233 μὲν
1625 2181 1720 2237 ὕδωρ
1751 2183 1929 2236 [ἄριστον]
1959 2184 2006 2227 εἰς
2031 2181 2071 2221 τὸ
2093 2183 2171 2235 ζῇν,
2199 2176 2238 2221 οἷ
2264 2181 2346 2221 ἄνευ

1290 2242 1385 2292 βιοῦν
1404 2240 1587 2280 ἀδύνατον.
1606 2242 1720 2288 Quod
1730 2243 1926 2294 reliquum
1941 2251 2000 2280 est
2011 2254 2247 2293 quamquam
2264 2241 2347 2281 ὕδα-

1287 2315 1342 2344 τος
1363 2292 1447 2338 αἶσα
1463 2314 1520 2340 vs.
1538 2302 1613 2339 322
1633 2301 1684 2340 de
1703 2311 1808 2340 certa
1824 2315 1935 2353 aquae
1952 2303 2169 2353 quantitate
2183 2301 2343 2350 dicitur,

1288 2368 1415 2398 tamen
1435 2359 1500 2398 hic
1515 2360 1655 2412 αἴσιμον
1673 2360 1768 2415 ὕδωρ
1780 2361 1828 2399 ad
1842 2370 1986 2400 certam
1999 2374 2111 2413 aquae
2123 2361 2346 2413 portionem

1287 2428 1470 2470 quantam
1492 2433 1559 2458 vas
1578 2421 1706 2472 capiat
1726 2434 1805 2459 non
1822 2421 1951 2473 possis
1964 2422 2111 2460 referre
2124 2450 2135 2468 ,
2151 2421 2347 2472 siquidem

1287 2480 1527 2530 optimorum
1548 2481 1784 2532 scriptorum
1810 2494 1904 2520 usus
1937 2480 2079 2520 obstat.
2099 2480 2233 2532 Neque
2253 2494 2348 2521 vero

167 2546 281 2571 nares
310 2537 350 2570 in
366 2541 535 2571 extremo
562 2546 716 2583 corpore
738 2537 1008 2583 prominentes.
1034 2533 1229 2579 Quocirca
1251 2542 1256 2588 Ι
1287 2552 1333 2577 eo
1356 2552 1473 2578 sensu
1493 2542 1641 2591 accepit
1665 2540 1895 2592 Simplicius
1922 2542 1963 2579 in
1993 2541 2114 2593 Phys,
2141 2541 2300 2590 lib‚1V‚
2323 2544 2348 2580 6

170 2590 363 2630 Leonicus
380 2591 613 2642 simpliciter
631 2601 824 2630 extremas
839 2607 951 2630 nares
966 2594 1095 2631 vertit.

226 2649 312 2689 Vss.
332 2650 520 2696 348-350.
542 2650 635 2690 ἔνθεν
650 2649 925 2691 ἔπειθ’-πάλιν
947 2650 1083 2707 ε’κπνεῗ]
1099 2650 1229 2706 ἀπαΐξῃ

170 2723 192 2748 e
213 2709 453 2749 membranis
474 2710 711 2762 quibusdam
731 2712 912 2762 vulgavit
931 2713 1128 2751 Bekkerus
1157 2726 1230 2764 pro

169 2771 294 2810 veteri
318 2771 515 2822 scriptura
534 2769 661 2823 ἐπαΐξῃ
681 2785 765 2822 quae
783 2785 863 2810 non
880 2781 983 2810 recte
1003 2772 1229 2823 opponeba-

168 2839 234 2869 tur
257 2831 436 2882 sequenti
460 2828 683 2883 ἀναθρώσκῃ.
716 2830 970 2871 κατανίσσεται
1000 2831 1230 2871 Karstenius

170 2889 328 2942 scripsit
347 2903 420 2941 pro
439 2890 599 2939 vulgato
620 2889 866 2937 καταδήσεται
879 2921 890 2942 ,
911 2891 1017 2942 quod
1035 2893 1129 2930 ferri
1150 2906 1230 2930 non

169 2957 311 3000 potest.
332 2948 466 3000 Neque
482 2949 588 2988 enim
608 2949 657 2988 de
672 2963 714 2988 re
732 2950 862 2989 futura
881 2951 1023 3000 agitur.
1040 2950 1230 2990 Nonnulli

170 3007 325 3047 codices
357 3007 502 3046 habent
522 3006 773 3058 καταΐσσεται,
795 3010 1031 3049 vocabulum
1053 3024 1230 3049 commo-

170 3066 377 3106 dissimum
398 3068 475 3106 nisi
495 3077 660 3107 metrum
682 3069 870 3109 obstaret.
894 3070 1045 3108 Deinde
1067 3083 1126 3109 vs.
1154 3071 1230 3109 350

171 3123 291 3181 vulgo
307 3131 451 3181 legitur
471 3125 547 3170 εῧτε
576 3132 606 3170 δ’
625 3133 844 3186 ἀναθρώσκει
873 3133 986 3186 cujus
1018 3134 1104 3172 loco
1134 3135 1230 3172 Kar-

171 3191 322 3229 stenius
356 3191 496 3229 melius
528 3193 661 3243 posuit
699 3193 924 3247 ἀναθρώσκῃ.
955 3193 1012 3233 Cf.
1047 3194 1150 3232 infra
1173 3208 1229 3233 vs.

173 3249 263 3297 367.
692 3282 693 3286 ,

223 3307 290 3349 Vs.
315 3309 408 3350 351.
431 3310 630 3366 κλεψύδρῃς
647 3311 795 3365 παίζῃσι
816 3312 985 3358 διιπετέος
1003 3311 1102 3367 κτλ]
1124 3314 1228 3352 Olim

172 3366 418 3407 scribebatur
433 3370 643 3424 κλεψύδραις
656 3371 829 3417 παίζουσα
844 3373 889 3411 δι’
906 3372 1065 3416 εὖπετέος
1082 3373 1231 3425 χαλκοῖο

176 3435 365 3465 mutatum
398 3441 420 3465 a
449 3428 622 3468 Bekkero
654 3431 834 3470 codicum
866 3445 940 3484 ope
965 3432 1005 3469 in
1034 3430 1229 3484 κλεψύδρην

173 3484 323 3538 παίζῃσι
339 3487 384 3525 δι’
402 3487 563 3532 εὐπετέος
593 3490 755 3541 χαλκοῖο.
786 3483 862 3528 εῧτε
883 3490 947 3541 μὲν
972 3492 1048 3529 κτλ,
1066 3490 1229 3530 Codices

176 3545 321 3595 partim
341 3545 722 3600 κλεψύδραις,ρειι·ῑίιῃ
743 3549 957 3603 κλεψύδρην,
977 3550 1042 3588 sed
1061 3551 1230 3602 requiri-

1290 2599 1314 2637 f.
1345 2599 1432 2646 151,
1452 2599 1478 2637 b
1499 2599 1641 2650 (Schol.
1665 2601 1830 2640 Aristot.
1854 2601 1914 2640 ed.
1936 2601 2116 2640 Brandis.
2147 2614 2185 2653 p.
2218 2600 2308 2654 380)
2335 2616 2343 2639 :

1288 2658 1363 2702 Τὰς
1379 2658 1577 2711 κλεψύδρας
1597 2659 1864 2708 ἐπιδεικνύντες,
1886 2659 2046 2699 τουτέστι
2065 2658 2144 2703 τοὺς
2164 2658 2343 2714 ἅρπαγας,

1287 2716 1370 2756 ὅταν
1401 2717 1463 2769 μὲν
1488 2717 1618 2771 ἔχωσιν
1652 2718 1763 2772 ἀέρα,
1793 2717 1842 2770 μὴ
1877 2717 2072 2772 δεχομένας
2099 2719 2213 2771 ὕδωρ,
2235 2720 2348 2771 ἐκμυ-

1288 2774 1448 2823 ζηθέντος
1476 2777 1511 2815 δὲ
1532 2779 1637 2817 αὐτοῦ
1670 2777 1743 2834 (τοῦ
1774 2779 1905 2832 ἀέρος),
1930 2780 2055 2824 εὐθέως
2088 2779 2283 2832 ἁρπάζουσι
2311 2781 2350 2819 τὸ

1288 2835 1402 2889 ὕδωρ,
1423 2836 1483 2876 καὶ
1510 2838 1549 2876 οὖ
1574 2837 1743 2892 πρότερον
1767 2841 1910 2893 ἀφιᾶσι,
1932 2838 2013 2892 πρὶν
2033 2839 2092 2879 τὸν
2119 2840 2349 2890 ἐπιπωματί-

1288 2899 1391 2940 ζοντα
1413 2895 1476 2943 τὴν
1493 2896 1582 2945 ὀπὴν
1604 2897 1775 2937 δάκτυλον
1797 2893 1936 2952 ἀφελών
1957 2915 2025 2946 τις,
2043 2900 2092 2950 τῷ
2111 2897 2234 2943 ἐξιόντι
2248 2898 2348 2936 ὕδατι

1290 2955 1460 3008 ἀνάλογον
1483 2957 1650 2997 εἰσελθεῖν
1678 2957 1767 3011 ἀέρα
1793 2957 2034 3011 συγχωρήσει.
2065 2957 2229 2996 Fallitur
2253 2957 2350 2995 Kar-

1288 3017 1436 3055 stenius
1456 3030 1504 3055 ex
1525 3017 1601 3056 hoc
1617 3018 1812 3070 Simplicii
1834 3019 1921 3057 loco
1944 3018 2132 3068 colligens
2149 3031 2236 3056 eum
2261 3017 2349 3056 ἀνά-

1288 3075 1390 3127 λογον
1415 3074 1508 3128 ὕδωρ
1536 3074 1602 3115 hic
1633 3090 1717 3116 esse
1743 3078 1844 3116 velle
1875 3077 2173 3129 Empedocleum
2206 3075 2348 3127 αἴσιμον

1289 3132 1399 3186 ὕδωρ.
1425 3135 1530 3174 lnest
1560 3136 1634 3175 hoc
1662 3138 1785 3187 magis
1815 3138 1856 3175 in
1878 3138 1964 3189 ipsa
1993 3137 2050 3175 rei
2072 3146 2211 3180 natura
2232 3150 2349 3188 quam

1289 3194 1330 3232 in
1350 3194 1612 3247 Empedocleo
1634 3195 1839 3236 vocabulo.
1857 3197 1980 3235 Multo
1997 3197 2128 3235 minus
2144 3205 2277 3248 aptum
2294 3206 2351 3235 est

1289 3255 1395 3306 quod
1421 3269 1470 3294 ex
1501 3256 1588 3294 aliis
1618 3256 1736 3296 libris
1769 3258 1933 3309 petitum
1977 3258 2126 3309 recepit
2155 3257 2349 3295 Bekkerus

1289 3313 1433 3365 αὔξιμον
1452 3315 1556 3368 ὕδωρ.

1342 3374 1408 3414 Vs.
1436 3375 1630 3413 358-360.
1648 3374 1694 3420 ὣς
1718 3376 1747 3413 δ’
1769 3373 2067 3430 αὔτως-ἐρύκει]
2087 3375 2246 3413 Priores
2267 3375 2349 3413 edi-

1290 3433 1415 3472 tiones
1437 3434 1502 3487 ἔχῃ
1533 3435 1637 3485 quod
1658 3448 1707 3474 ex
1734 3436 1935 3487 epicorum
1958 3444 2158 3487 poetarum
2181 3448 2254 3473 usu
2283 3449 2346 3472 re-

1290 3493 1416 3530 stituit
1447 3493 1529 3544 jam
1566 3493 1809 3532 Karstenius.
1844 3495 2039 3533 Bekkerus
2073 3495 2251 3544 vulgavit
2272 3493 2345 3546 ἔχει

1291 3552 1399 3591 nulla
1419 3553 1598 3591 lectionis
1630 3554 1816 3592 varietate
1843 3562 2069 3592 memorata.
2100 3552 2226 3590 Porro
2255 3554 2347 3590 κάτα
