2612 3814
313 385 1091 478 ΞΕΝΟΦΑΝΟΥΣ
1457 396 2178 485 XENOPHANIS

171 562 419 615 ΕΠΕΩΝ
450 563 578 614 ΚΑΙ
607 562 1224 616 ΑΠΟΦΘΕΓΜΑΤΩΝ
1338 569 1730 625 CARMINUM
1776 573 1871 624 ET
1910 574 2299 629 DlCTORUM

483 706 903 771 ΛΕΙΨΑΝΑ.
1617 711 2010 782 RELIQUIAE.

581 846 801 862 -,....-.
1251 799 1255 920 1
1705 850 1928 866 4,,-

1308 932 1335 962 1.

194 943 219 969 1.
251 922 314 973 Εἷς
337 927 411 974 θεὸς
431 927 467 968 ἔν
483 944 522 968 τε
543 931 651 968 θεοῖσι
667 929 729 969 καὶ
749 928 965 982 ἀνθρώποισι
981 928 1164 981 μέγιστος,
1367 931 1458 962 Unus
1477 933 1526 962 est
1544 929 1626 963 deus
1642 930 1778 963 deorum
1796 931 2033 973 hominumque
2051 941 2196 965 summus
2208 958 2218 974 ,

242 987 320 1028 οὔτε
341 988 447 1040 δέμας
461 989 635 1035 Θνητοῒσιν
658 988 790 1041 ὁμοίῖος
804 988 883 1028 οὔτε
901 988 1031 1039 νόημα.
1367 998 1426 1022 nec
1440 998 1572 1031 corpore
1589 990 1780 1023 mortalibus
1797 991 1909 1024 similis
1924 1000 1986 1025 nec
2000 995 2122 1026 mente.

191 1063 220 1088 2.
243 1043 357 1094 Οῧλος
376 1050 458 1102 ὁρᾷ,
483 1042 581 1093 οῧλος
599 1047 635 1088 δὲ
647 1049 740 1096 νοεῖ,
761 1042 861 1093 οῧλος
881 1047 918 1087 δέ
931 1048 962 1087 τ’
980 1047 1112 1088 ἀκούει.
1305 1055 1335 1083 2.
1366 1053 1469 1084 Totus
1490 1051 1580 1084 videt
1602 1053 1757 1093 totusque
1777 1052 1926 1094 intelligit
1946 1054 2104 1095 totusque
2127 1053 2229 1087 audit.

189 1122 218 1148 a.
250 1108 342 1147 Ἀλλ’
361 1107 533 1148 ἀπάνευθε
548 1104 669 1146 πόνοιο
685 1107 764 1147 νόου
779 1107 875 1161 φρενὶ
893 1107 1012 1148 πάντα
1029 1107 1220 1160 κραδαίνει.
1303 1115 1334 1144 3.
1368 1111 1431 1144 Sed
1449 1111 1518 1144 sine
1536 1112 1666 1152 negotio
1683 1112 1803 1145 mentis
1826 1112 1858 1144 vi
1881 1114 1998 1145 cuncta
2015 1116 2193 1155 permovet.

186 1182 215 1207 4.
246 1167 323 1208 Atel
341 1168 371 1206 δ’
391 1168 426 1206 ἐν
439 1168 557 1219 ταύτῷ
574 1182 611 1205 τε
634 1165 749 1218 μένειν
770 1165 972 1218 κινούμενον
992 1166 1112 1215 οὐδέν,
1302 1174 1333 1204 4.
1364 1174 1498 1214 50111ρο1·
1517 1172 1604 1205 enim
1624 1173 1797 1206 immotum
1817 1173 1932 1206 eodem
1951 1175 2038 1207 statu
2064 1183 2215 1217 manere,

239 1226 316 1267 οὐδὲ
337 1225 573 1279 μετ-ἔρχεσθαί
597 1241 656 1277 μιν
677 1225 863 1279 ἐπιπρέπέι
884 1225 1010 1265 ἄλλοτε
1031 1226 1137 1279 ἄλλῃ.
1365 1240 1469 1272 neque
1482 1231 1562 1264 alias
1578 1231 1641 1265 alio
1661 1232 1796 1273 migrare
1814 1233 2019 1274 perspicuum
2037 1238 2097 1266 est.

185 1299 214 1324 ⁵.
244 1285 357 1325 Ἀλλὰι
369 1285 488 1340 βροτοὶ
506 1284 665 1324 δοκέουσι
681 1284 779 1329 θεοὺς
799 1288 988 1337 γεννᾶσθαι
1005 1284 1164 1338 [ὁμοίως]
1303 1295 1332 1324 5.
1365 1293 1405 1324 At
1416 1291 2339 1336 mortalosopinanturdeosgenerari[paz-iteratqueipsosj

1528 1391 1630 1397 ——
1637 1392 1805 1397 --—-.-....-
1811 1393 1886 1398 ..--
1893 1393 2318 1400 ——·—.--.-—-—-——--—-

214 1462 247 1488 1.
277 1448 427 1486 Profert
440 1448 511 1485 hos
530 1460 662 1485 versus
682 1447 855 1485 Clemens
882 1448 991 1486 Alex.
1014 1448 1160 1485 strom.
1186 1449 1215 1486 V
1281 1450 1426 1500 Evang.
1451 1450 1566 1501 XIII,
1598 1451 1644 1488 13
1680 1465 1721 1500 p.
1754 1452 1847 1498 678,
1881 1454 1931 1498 D,
1965 1460 2054 1501 post
2080 1465 2208 1490 versus
2240 1447 2338 1503 quos

154 1522 193 1559 p.
217 1508 307 1555 601,
325 1509 367 1554 C,
385 1520 432 1544 ex
449 1506 556 1555 cujus
576 1518 694 1555 opere
715 1518 781 1543 eos
799 1513 995 1543 mutuatus
1016 1513 1070 1543 est
1090 1508 1213 1543 Euse-
1275 1510 1401 1558 primo
1418 1510 1505 1547 loco
1524 1511 1719 1560 posuimus
1737 1511 1971 1560 interpositis
1990 1512 2116 1549 verbis
2136 1512 2196 1550 καὶ
2211 1513 2333 1552 πάλιν.

154 1569 240 1605 bius
259 1569 383 1617 Praep.
402 1569 549 1616 Evang.
571 1564 689 1612 XIII,
713 1565 758 1603 13
774 1579 814 1615 p.
834 1565 926 1613 678,
945 1567 991 1603 D.
1012 1566 1136 1606 Versu
1157 1579 1215 1613 se-
1244 1566 1246 1603 l
1275 1570 1448 1618 Uterque
1463 1570 1629 1620 scriptor
1645 1570 1717 1607 hos
1733 1582 1861 1607 versus
1879 1571 1932 1607 sic
1956 1571 2113 1607 exhibet
2133 1584 2143 1607 ε

156 1628 283 1666 01111ᾶο
298 1627 506 1665 lectionem
523 1623 737 1663 οὕτε-οὔτε
752 1625 870 1663 codd.
883 1638 971 1664 11155.
992 1627 1215 1664 auctoritate
1243 1646 1246 1762 Ι

1329 1658 1436 1698 Ἀλλὰ
1459 1659 1576 1713 βροτοὶ
1591 1659 1748 1700 δοκέουσι
1765 1660 1860 1705 θεοὺς
1875 1664 2128 1713 γεννᾶσθαι....

156 1687 340 1725 firmatam
363 1687 523 1736 vulgatae
542 1686 738 1735 scripturae
757 1682 966 1723 οὔτι-οῦδὲ
983 1687 1211 1734 praeoptavi.
1327 1717 1390 1765 τὴν
1421 1718 1591 1772 σφετέρην
1619 1719 1649 1758 δ,
1669 1721 1800 1768 ἐσθῆτα
1835 1718 1930 1773 ἔχειν
1952 1720 2070 1774 φωνήν
2095 1736 2134 1759 τε
2155 1720 2264 1772 δέμας
2283 1737 2320 1760 ‘te

156 1748 305 1784 Horum
323 1758 501 1782 versuum
520 1757 670 1781 sensum
688 1757 765 1781 esse
790 1745 874 1781 vult
905 1745 1077 1781 Clemens
1093 1741 1146 1782 ὅτι
1166 1738 1213 1788 εἷς

153 1803 213 1843 καὶ
234 1802 424 1856 ἀσώματος
442 1805 460 1841 ὁ
477 1801 550 1846 θεός
562 1832 572 1850 ,
586 1816 701 1852 quam
716 1803 972 1853 Xenophanis
987 1805 1212 1841 sententiam

153 1877 230 1902 esse
250 1877 271 1901 e
289 1864 534 1914 sequentihus
554 1864 643 1901 satis
660 1870 779 1913 patet.

207 1937 244 1962 2.
271 1924 420 1960 Citatur
443 1923 506 1959 hic
531 1935 662 1959 versus
680 1935 759 1959 non
784 1923 983 1959 nominato
1010 1930 1166 1960 auctore
1191 1936 1212 1960 a

151 1984 265 2020 Sexto
280 1983 424 2032 Empir.
447 1982 535 2021 adv.
554 1983 692 2019 Matth.
710 1982 782 2029 IX,
810 1986 899 2027 144,
917 1981 1211 2031 vindicaturque

150 2042 382 2092 Xenophani
402 2054 424 2078 a
440 2039 622 2078 Fabricio
652 2041 702 2078 ad
719 2041 760 2077 11.
783 2042 808 2079 1.
839 2042 955 2091 Diog.
985 2042 1107 2080 Laert.
1130 2043 1206 2088 IX,

155 2115 202 2152 19
220 2101 503 2150 Xenophanem
523 2101 575 2137 ait
593 2101 796 2147 censuisse,
817 2099 934 2136 deum
951 2098 1030 2137 ὅλον
1050 2101 1134 2152 ὁρᾷν
1151 2098 1211 2138 καὶ

1273 1807 1331 1846 Ita
1352 1815 1455 1845 certe
1480 1809 1634 1858 vulgata
1654 1808 1882 1857 exemplaria
1899 1807 2042 1844 habent
2056 1836 2066 1855 ‚
2085 1808 2151 1844 sed
2170 1809 2212 1844 in
2242 1809 2334 1845 Flo—

1272 1869 1422 1905 rentina
1442 1867 1613 1905 editione
1631 1868 1742 1916 prior
1763 1879 1894 1904 versus
1914 1868 1955 1903 in
1976 1867 2185 1904 iambicum
2203 1875 2332 1905 muta—

1273 1935 1331 1964 tus
1345 1928 1419 1964 hoc
1438 1927 1558 1964 modo
1580 1933 1756 1963 exaratur
1779 1939 1788 1963 :

1327 2015 1420 2055 Ἀλλ’
1440 2016 1470 2054 οἱ
1492 2013 1610 2068 βροτοὶ
1632 2014 1773 2052 δοκοῦσι
1793 2015 1983 2065 γεννᾶσθαι
2000 2012 2106 2062 θεούς,

1271 2120 1356 2158 quae
1372 2115 1411 2145 et
1425 2107 1572 2144 codicis
1587 2105 1808 2143 Parisiensis
1829 2106 2021 2154 scriptura
2037 2112 2093 2142 est
2103 2132 2113 2151 ,
2132 2105 2203 2141 nisi
2221 2105 2331 2154 quod

151 2160 231 2199 ὅλον
252 2157 639 2207 &nodam—&mand
659 2174 697 2197 τε
726 2151 815 2196 εἶναι
835 2161 913 2197 νοῦν
933 2157 994 2197 καὶ
1022 2157 1207 2212 φρόνησιν.
1270 2170 1310 2205 in
1328 2170 1403 2206 hoc
1421 2181 1495 2219 pro
1516 2167 1658 2206 δοκοῦσι
1674 2167 1866 2217 reperitur
1885 2164 2053 2202 δοκέουσι.
2071 2165 2187 2214 Apud
2203 2165 2329 2202 Theo-

149 2219 259 2259 Idem
290 2226 449 2257 teStatm'
487 2219 711 2256 Plumoehus
748 2218 852 2268 apud
894 2219 1035 2258 Euseb·
1083 2221 1205 2269 PraeP·
1270 2229 1448 2266 doretum
1468 2229 1589 2267 Graec.
1609 2226 1736 2264 affect.
1756 2233 1876 2264 curat.
1909 2224 2031 2264 Serm.
2052 2225 2113 2263 III
2129 2238 2166 2274 p.
2186 2230 2236 2274 49
2263 2225 2327 2262 ed.

149 2280 291 2330 Evang·
307 2278 327 2318 Ῑ
343 2292 382 2328 Ρ·
403 2278 452 2316 23
472 2277 636 2316 ἷάκούεῑν
655 2275 690 2315 δὲ
705 2276 766 2314 καὶ
783 2278 868 2328 δρᾷ*
882 2275 1054 2327 καθόλου,
1073 2276 1134 2316 καὶ
1154 2277 1205 2329 μὴ
1269 2289 1376 2338 sylb.
1406 2288 1509 2325 idern
1529 2286 1638 2324 locus
1670 2285 1843 2335 quamvis
1869 2297 1916 2322 ex
1944 2284 2139 2322 Clemente
2163 2285 2326 2333 petitus,

149 2336 242 2377 κατὰ
276 2336 391 2390 μέρος·
428 2337 576 2374 Similia
603 2344 777 2374 veterum
809 2336 911 2373 dicta
935 2337 1088 2373 nmiom
1120 2345 1209 2375 sunt
1269 2357 1396 2385 tamen
1430 2349 1469 2383 in
1501 2347 1603 2383 1111110
1637 2346 1797 2382 modum
1835 2357 1858 2380 a
1885 2345 2050 2381 librariis
2078 2344 2329 2392 interpolatus

149 2410 265 2448 quam
282 2410 366 2447 quae
389 2397 755 2434 commemoratione
773 2395 980 2445 indigeant.
1947 2409 1949 2412 ·

203 2457 240 2497 3.
263 2458 435 2495 Servavit
452 2457 555 2493 hunc
577 2468 728 2492 versum
748 2455 965 2504 Simplicius
985 2456 1025 2491 in
1047 2457 1202 2494 Aristot.

146 2515 262 2566 Phys.
294 2515 322 2553 f.
358 2515 397 2552 6.
431 2517 551 2552 Recte
587 2514 745 2565 quidem
773 2514 950 2551 observat
981 2515 1206 2552 Karstenius

147 2575 256 2628 φρένα
279 2587 356 2613 0550
376 2587 523 2612 omnem
544 2577 681 2610 mentis
716 2574 906 2621 animique
924 2576 1022 2617 m'm,
1059 2574 1099 2610 in
1122 2587 1198 2623 qua

145 2636 269 2685 posita
286 2636 333 2672 sit
348 2638 526 2683 cogitatio
541 2634 618 2670 sive
638 2633 655 2669 ὁ
674 2636 750 2676 νοῦς
762 2661 773 2682 ,
789 2632 856 2669 5οᾱ
870 2631 973 2669 idem
989 2632 1083 2669 falso
1099 2633 1202 2670 hunc

144 2695 372 2732 V⁰r⁵i⁰¹²lum
406 2695 460 2730 Sic
481 2693 659 2754 exprimi}
682 2705 691 2729 ³
723 2695 806 2728 ³²7²&
833 2695 981 2740 '2330250
1009 2701 1133 2729 meme
1165 2702 1205 2730 ⁶¹⁸
1264 2707 1309 2741 tis
1334 2705 1557 2750 lectionem,
1574 2715 1658 2739 eam
1677 2700 1785 2750 quod
1804 2712 1916 2737 versu
1935 2699 2104 2737 secundo
2135 2698 2164 2736 δ’
2191 2699 2322 2744 ἐσθῆτα

143 2757 370 2802 cognatione
394 2761 528 2789 cuncta
544 2753 746 2800 gubernat,
766 2751 872 2800 quasi
890 2748 968 2788 νόου
995 2748 1091 2803 φρενὶ
1119 2757 1199 2787 tan*
1263 2764 1355 2815 ἔχειν
1376 2771 1501 2800 metro
1523 2768 1713 2812 repugnet
1726 2767 1763 2797 et
1776 2757 1895 2812 φωνὴν
1914 2771 2052 2808 parum
2073 2758 2322 2795 commodum

144 2813 316 2850 tamdem
333 2812 459 2850 valeat
478 2819 663 2861 quantum
679 2807 776 2863 φρενὶ
795 2807 855 2847 καὶ
871 2807 954 2861 νόῳ·
976 2809 1024 2847 1¹¹
1043 2822 1118 2859 ‘1¹¹³
1137 2810 1200 2846 in*
1261 2835 1411 2860 sensum
1428 2822 1598 2872 praebeat
1617 2820 1688 2858 hac
1706 2820 1857 2856 ratione
1874 2818 2072 2856 emendari
2090 2817 2172 2856 vult
2195 2831 2204 2854 :

143 2871 418 2920 terpretatione
438 2877 598 2919 apparet
626 2882 711 2906 eum
743 2869 857 2906 etiam
882 2865 1082 2918 κραδαίνειν
1101 2868 1200 2904 male

142 2931 344 2980 accepisse.
381 2930 476 2967 Cum
507 2936 640 2966 nostro
667 2929 754 2966 loco
788 2927 953 2964 contulit
983 2926 1200 2964 Brandisius

143 2988 288 3026 dictum
310 2989 611 3039 Empedocleum
638 3001 676 3025 v.
706 2986 888 3037 395-396
914 2999 923 3022 ε
947 2983 1036 3038 φρὴν
1062 2982 1196 3037 ἱερὴ-

142 3046 297 3100 φροντίσι
313 3046 443 3099 κόσμον
463 3045 603 3086 ἅπαντα
623 3043 866 3084 καταΐσσουσαι
885 3047 1003 3096 θοῇσι,
1020 3044 1128 3094 quod
1145 3052 1197 3081 ta·
1259 3063 1309 3098 At
1322 3067 1461 3109 praeter
1475 3058 1734 3095 necessitatem
1751 3053 1869 3108 φωνήν
1887 3055 1927 3091 in
1948 3051 2086 3106 μορφήν
2105 3053 2316 3100 convertit3

115 3157 119 3159 .
142 3116 228 3145 ¹¹¹⁰st
244 3120 324 3144 ”⁰¹²
342 3108 446 3144 idem
461 3115 584 3146 ⁵⁰nat·
1040 3126 1044 3129 “
1258 3131 1378 3169 quare
1397 3118 1494 3155 illud
1511 3116 1747 3166 Xenophani
1765 3113 2056 3151 restituendum.
2079 3110 2172 3148 Post
2193 3117 2315 3160 γεννᾶ-

196 3173 234 3213 4·
255 3169 369 3205 Hunc
388 3167 518 3204 1⁰⁰¹²m
549 3165 768 3215 SimPlieius
792 3165 923 3202 landat
952 3163 1001 3200 ad
1033 3163 1194 3201 Arismt·
1258 3181 1338 3216 σθαι
1360 3178 1502 3216 excidit
1520 3177 1680 3214 fortasse
1701 3174 1757 3212 ἐπ’
1787 3171 1886 3219 ἴσης,
1908 3185 1985 3221 quo
2015 3170 2239 3208 Herodotus
2258 3171 2313 3206 uti

143 3225 251 3276 Phys.
274 3226 342 3264 fol.
364 3226 403 3272 6,
427 3237 462 3263 a.
485 3225 560 3262 Sed
577 3225 632 3262 ibi
655 3225 770 3275 vulgo
787 3224 968 3261 scribitur
988 3234 997 3260 :
1023 3219 1091 3258 αἰεὶ
1111 3219 1140 3258 δ’
1159 3221 1194 3258 ἐν
1256 3238 1371 3284 solet,
1398 3237 1456 3274 vel
1476 3236 1581 3286 quod
1596 3234 1762 3284 praefero
1783 3231 1925 3282 ὁμοίως.
1948 3230 1993 3267 Id
2011 3231 2111 3281 enim
2130 3229 2313 3278 frequen-

146 3283 258 3337 ῗαῦτῷ
276 3283 372 3336 μένε*
392 3282 592 3335 κινούμενον
615 3283 712 3323 οὐδέν
725 3312 736 3332 ²
756 3280 834 3322 οὐδὲ
850 3280 1083 3333 μετέρχεσθαι
1103 3278 1195 3331 μήν’
1258 3307 1314 3336 ter
1335 3298 1506 3335 absolute
1526 3297 1602 3334 dici
1625 3307 1705 3332 non
1731 3301 1786 3331 est
1806 3291 1914 3342 quod
1934 3290 2116 3339 exemplis
2136 3289 2309 3325 doceam.

142 3342 218 3382 ἐπεὶ
236 3342 364 3396 πρέπει
382 3342 507 3383 ἄλλοτε
529 3343 636 3396 ἄλλῃ.
654 3346 915 3393 Depravatam
938 3342 1192 3390 scripturam,
1256 3359 1441 3396 Caeterum
1471 3368 1544 3405 pro
1571 3356 1702 3399 &soffia
1728 3354 1848 3402 magis
1867 3362 2082 3400 congruum
2111 3355 2165 3384 est
2186 3345 2312 3391 αἴσοη-

141 3410 183 3440 111
194 3401 277 3440 fieri
288 3404 507 3454 oportebat,
526 3403 693 3440 correxit
705 3402 941 3451 Karstenius,
953 3399 1058 3448 cujus
1074 3407 1193 3436 trans·
1255 3432 1330 3467 mv,
1347 3417 1513 3464 denique
1531 3427 1602 3464 pro
1619 3413 1648 3450 δ’
1664 3420 1753 3463 post
1770 3409 1940 3463 σφετέρην
1955 3408 2179 3458 ponendum
2196 3413 2247 3442 est
2267 3405 2310 3441 τ’,

139 3463 321 3500 lationem
337 3470 462 3500 tamen
479 3463 720 3500 mntavimus·
1253 3478 1380 3526 Quare
1403 3476 1508 3512 locus
1523 3475 1565 3510 in
1589 3473 1687 3509 hanc
1707 3471 1870 3508 formam
1889 3466 2120 3517 redigendus
2140 3471 2196 3501 est
2216 3474 2226 3500 :

194 3520 230 3561 5.
253 3523 340 3559 Hoc
371 3521 626 3571 fragmentum
659 3522 798 3571 legitur
823 3519 928 3570 apud
961 3519 1194 3556 Clementem
1221 3506 1225 3569 1

141 3581 247 3618 Alex.
272 3579 413 3620 Strom.
436 3581 473 3620 V
496 3593 539 3630 p.
564 3582 656 3630 601,
687 3581 730 3626 C,
764 3587 802 3616 ct
838 3578 1042 3615 Eusebium
1067 3577 1187 3625 Praep.
1221 3571 1225 3621 j

1268 2416 1322 2445 cst
1344 2421 1352 2444 z

1321 2494 1414 2534 Ἀλλ’
1434 2494 1465 2533 οἱ
1485 2491 1603 2546 βροτοὶ
1620 2492 1762 2530 δοκοῦσι
1777 2494 1965 2543 γεννᾶσθαι
1984 2489 2100 2538 θεούς,

1319 2553 1379 2593 καὶ
1404 2553 1483 2602 ἴσην
1510 2554 1542 2590 τ’
1564 2550 1725 2599 αἴσθησιν
1749 2549 1841 2604 ἔχειν
1861 2549 1980 2604 φωνήν
2000 2566 2037 2589 τε
2056 2549 2164 2602 δέμας
2180 2566 2232 2589 τε.

1265 2645 1488 2682 Karstenius
1507 2643 1701 2679 veriorem
1721 2653 1797 2678 0550
1817 2648 1920 2678 ratus
1934 2641 2131 2690 vulgatam
2150 2641 2323 2677 Clemen-

1316 2908 1422 2949 Ἀλλὰ
1448 2907 1566 2962 βροτοὶ
1588 2906 1746 2947 δοκέουσι
1768 2904 1866 2950 θεοὺς
1879 2908 2126 2958 γεννᾶσθαι,...

1313 2968 1375 3017 τὴν
1399 2967 1569 3023 σφετέρην
1591 2967 1723 3014 ἐσθῆτά
1740 2968 1773 3005 τ’
1794 2965 1887 3018 ἔχειν
1917 2964 2055 3019 μορφήν
2076 2979 2114 3003 τε
2135 2962 2244 3016 δέμας
2263 2979 2315 3001 τε.

1307 3563 1414 3605 Ἀλλὰ
1437 3562 1554 3616 βροτοὶ
1571 3560 1729 3600 δοκέουσι
1746 3557 1842 3602 Ozola<
1860 3559 2045 3609 γεννᾶσθαι
2066 3553 2192 3604 ὁμοίως
