2612 3814
247 272 323 306 508

247 547 297 573 57.

247 726 295 751 58.

247 1022 294 1047 59.

243 1853 292 1879 ⁶0.

246 2626 294 2651 61.

328 355 482 402 narius,
513 353 619 406 quod
639 353 765 392 dividi
799 366 878 392 non
914 363 1064 405 posset,
1094 351 1306 404 perfectior

329 414 496 466 ideoque
514 413 679 452 deorum
699 413 915 452 coelestium
937 412 1127 464 majestati
1159 423 1306 449 conve-

329 474 499 512 nientior
517 472 774 524 Pythagoreis
792 472 901 512 visus
922 473 1006 525 est.)

330 531 392 580 Μὴ
415 532 575 571 σπένδειν
596 535 683 576 θεοῖς
702 531 737 577 ἐξ
756 531 927 582 ἀμπέλων
947 530 1130 582 ἀτμήτων.

383 592 628 645 (Plutarchus
641 592 756 631 Num.
770 604 856 643 cap.
880 597 943 639 14,
958 591 1039 631 vol.
1060 589 1133 642 lp.
1155 602 1227 638 ¹72
1245 587 1306 626 ed.

330 652 506 704 llutten.)

326 709 430 763 Ἄτερ
448 710 604 765 ἀλφίτων
628 710 677 762 μὴ
702 709 807 749 θύειν.

384 771 629 823 (Plutarchus
649 770 763 810 Num.
787 783 870 822 cap.
902 775 946 815 14
962 799 972 818 ,
1005 768 1073 820 qui
1093 767 1141 805 de
1166 766 1241 804 hoc
1271 774 1308 803 et

329 829 563 882 praecedenti
583 828 766 880 symbolo
786 828 840 866 ait
863 842 872 865 z
895 830 1009 866 ταῦτα
1034 826 1099 874 τὴν
1131 827 1195 878 γῆς
1226 823 1308 871 ἐξη-

329 890 482 941 μέρωσιν
522 889 613 927 ἔοικε
654 887 843 936 διδάσκειν,
874 888 920 931 ὥς
965 886 1087 940 μόριον
1130 884 1307 928 εὐσεὸείας

330 943 466 998 οὖσαν.)

328 1006 544 1060 Προσκυνεῖν
565 1005 914 1059 περιστρεφομένους.

383 1065 629 1118 (Plutarchus
651 1065 768 1105 Num.
788 1078 875 1117 cap.
900 1069 944 1108 14
974 1063 1056 1102 haec
1080 1062 1303 1114 adjiciens:

326 1127 348 1172 ἡ
371 1125 407 1163 δὲ
435 1124 651 1178 περιστροφὴ
671 1139 742 1163 των
772 1122 1062 1175 προσκυνούντων
1083 1122 1222 1174 λέγεται
1244 1121 1308 1172 μὲν

327 1184 549 1236 ἀπομίμησις
566 1177 654 1222 εἶναι
670 1199 733 1231 της
747 1188 808 1223 τοῦ
823 1182 956 1234 κόσμου
972 1188 1184 1236 περιφορᾶς·
1199 1182 1273 1228 δόξε
1260 1199 1308 1222 ειε

325 1243 394 1282 δ”λ
377 1260 418 1282 αν
440 1244 575 1294 μᾶλλον
597 1245 614 1281 δ
634 1258 859 1296 προσκυνων,
879 1242 956 1282 ἐπεὶ
984 1242 1070 1295 πρὸς
1099 1241 1146 1280 ἕω
1164 1244 1233 1280 τῶν
1254 1244 1305 1281 ἱε-

328 1304 396 1354 ρῶν
427 1301 628 1355 βλεπόντων
658 1301 907 1355 ἀπέστραπται
927 1300 1015 1354 πρὸς
1031 1301 1093 1345 τὰς
1114 1300 1305 1349 ἀνατολάς,

328 1361 565 1414 μεταὸάλλειν
605 1361 727 1401 ἑαυτὸν
759 1362 931 1409 ἐνταῦθα,
971 1360 1033 1400 καὶ
1064 1360 1306 1414 περιστρέφειν

327 1421 385 1460 ἐπὶ
404 1421 462 1460 τὸν
482 1421 570 1469 θεόν,
591 1420 717 1460 κύκλον
733 1423 842 1459 ποιῶν
860 1420 920 1460 καὶ
938 1419 1123 1459 συνάπτων
1147 1418 1208 1467 τὴν
1230 1422 1308 1459 ἐπι-

325 1479 505 1520 τελείωσιν
537 1484 600 1528 τῆς
622 1482 727 1533 εὗχῆς
754 1480 802 1518 δι’
831 1482 974 1533 ἀμφοῖν.
1010 1480 1053 1518 Εἰ
1082 1478 1131 1530 μὴ
1164 1477 1207 1526 νὴ
1238 1479 1307 1519 Δία

326 1546 399 1584 τοῖς
421 1539 625 1590 Αἰγυπτίοις
641 1539 780 1592 τροχοῖς
801 1537 994 1578 αἷνίττεταί
1012 1554 1045 1576 τι
1065 1538 1125 1576 καὶ
1148 1538 1307 1577 διδάσκει

326 1599 578 1653 παραπλήσιον
598 1602 621 1647 ἡ
640 1597 823 1651 μεταὸολὴ
843 1602 904 1638 τοῦ
923 1597 1129 1650 σχήματος,
1149 1599 1194 1642 ὡς
1214 1598 1307 1637 οὔδε-

324 1660 381 1702 νὸς
403 1661 552 1703 ἑστῶτος
567 1660 636 1697 τῶν
651 1657 892 1711 ἀνθρωπίνων,
911 1659 989 1697 ἀλλ’
1008 1656 1101 1701 ὅπως
1118 1655 1160 1695 ἂν
1174 1656 1305 1710 στρέφῃ

324 1718 385 1758 καὶ
407 1718 569 1771 ἀνελίττῃ
599 1717 657 1757 τὸν
690 1717 763 1770 βίον
786 1721 888 1769 ἡμῶν
910 1719 928 1756 ὁ
958 1717 1052 1767 θεός,
1081 1718 1223 1770 ἀγαπᾶν
1246 1717 1307 1756 καὶ

326 1779 490 1832 δέχεσθαι
510 1779 720 1831 προσῆκον.)

325 1841 516 1885 Καθῆσθαι
535 1837 866 1891 προσκυνήσαντας.

381 1898 628 1949 (Plutarchus
647 1897 773 1936 Numa
789 1911 875 1950 cap.
897 1903 942 1943 14
961 1910 970 1934 t
992 1895 1032 1935 τὸ
1049 1895 1085 1935 δὲ
1104 1897 1308 1942 καθέζεσθαι

325 1957 644 2010 προσκυνήσαντας
672 1957 857 2008 οἷωνισμὸν
888 1950 977 1995 εἶναι
998 1955 1139 2008 λέγουσι
1158 1959 1219 1994 τοῦ
1242 1959 1304 2009 βε-

327 2014 499 2064 ὃαιότητα
527 2017 603 2060 ταῖς
629 2017 752 2069 εὐχαῖς
775 2031 835 2054 και
869 2013 1037 2067 διαμονὴν
1069 2015 1141 2059 τοῖς
1168 2016 1309 2065 ἀγαθοῖς

326 2074 555 2128 ἐπιγίνεσθαι.
592 2075 745 2129 Λέγουσι
778 2075 814 2114 δὲ
847 2074 908 2114 καὶ
938 2074 1099 2128 πράξεων
1127 2074 1308 2126 διορισμὸν

325 2129 414 2174 εἶναι
445 2134 510 2183 τὴν
543 2135 755 2175 ἀνάπαυσιν·
774 2136 820 2180 ὡς
841 2138 901 2173 οὖν
930 2137 974 2188 τῇ
995 2134 1149 2189 προτέρα
1182 2134 1307 2187 πράξει

324 2194 434 2247 πέρας
453 2193 670 2240 ἐπιτιθέντας
690 2194 897 2241 καθέζεσθαι
917 2178 1016 2248 παρὰ
1032 2199 1105 2239 τοῖς
1124 2197 1212 2237 θεοῖς
1225 2224 1235 2242 ,
1250 2193 1307 2233 ἵνα

327 2254 449 2307 ἑτέρας
468 2253 576 2294 πάλιν
594 2253 709 2308 ἀρχὴν
729 2255 815 2308 παρ’
834 2253 974 2293 ἐκείνων
995 2253 1167 2293 λοίὸωσιν.
1190 2253 1308 2293 Δύνα-

325 2330 385 2353 ται
407 2312 443 2353 δὲ
471 2313 532 2353 και
560 2331 664 2355 τουτο
683 2315 755 2359 τοῖς
783 2314 980 2369 εἰρημένοις
1007 2315 1174 2367 ὃμολογεῗ
1165 2331 1205 2362 .ν,
1241 2314 1309 2352 ἐθί-

326 2375 441 2418 ζοντος
459 2375 555 2425 ἡμᾶς
574 2377 635 2414 τοῦ
654 2375 844 2426 νομοθέτου
865 2373 915 2425 μὴ
945 2377 1121 2413 ποιεῖσθαι
1139 2373 1203 2418 τὰς
1221 2373 1308 2426 πρὸς

325 2433 366 2472 τὸ
390 2437 480 2472 θεῖον
501 2433 667 2480 ἐντεύξεις
685 2437 721 2474 ἐν
746 2435 900 2487 ἀσχολία
923 2450 984 2474 και
1009 2433 1216 2507 παρέργως,
1236 2437 1307 2473 οἷον

326 2492 557 2545 σπεύδοντας,
573 2495 651 2534 ἀλλ’
669 2493 752 2534 ὅταν
772 2493 897 2548 χρόνον
921 2493 1060 2548 ἔχωμεν
1085 2509 1146 2533 και
1174 2493 1307 2547 σχολὴν

327 2551 497 2606 ἄγωμεν.)

325 2611 447 2651 ‘’Orav
469 2616 620 2668 βροντᾷ,
642 2617 707 2666 γῆν
725 2614 847 2666 θιγεῖν.

384 2670 640 2724 (Jamblichus
661 2676 731 2714 vit.
751 2658 866 2749 Pyth.
889 2687 974 2726 cap.
999 2674 1065 2713 28.
1069 2675 1080 2725 )

272 2744 295 2768 2.
327 2729 411 2777 Ἓν,
432 2730 508 2771 δύο.

386 2790 643 2843 (lamblichus
677 2792 704 2831 1.
739 2806 773 2830 c.
807 2792 1041 2832 Plutarchus
1070 2792 1118 2831 de
1149 2790 1253 2831 Iside
1272 2800 1309 2830 et

331 2851 436 2890 Osir.
459 2864 547 2903 pag.
573 2866 586 2889 1
601 2866 660 2899 12,
683 2852 750 2903 qui
771 2853 958 2891 unitatem
980 2852 1229 2904 Apollinem,
1245 2852 1304 2890 bi-

293 3087 344 3116 57.
370 3086 393 3116 E
410 3083 535 3116 vitibus
549 3093 611 3116 non
631 3084 754 3126 putatis
769 3085 833 3116 noli
851 3084 910 3118 diis
925 3086 1041 3119 libare.

293 3149 350 3176 58.
375 3143 447 3177 Noli
460 3143 528 3176 sine
544 3143 646 3176 farina
662 3143 856 3176 sacrificare.

293 3205 341 3236 59.
370 3202 589 3235 circumactos
607 3202 743 3235 adorare
761 3206 900 3244 oportet.

292 3266 342 3295 60.
369 3261 523 3295 Precibus
538 3262 694 3295 absolutis
709 3262 887 3296 sedendum
908 3263 971 3296 est.

292 3326 344 3353 61.
370 3322 452 3354 Cum
469 3322 577 3361 tonat,
594 3323 714 3354 terram
730 3322 864 3363 tangito.

291 3385 343 3414 62.
370 3384 478 3414 Unum
492 3405 501 3420 ,
519 3381 596 3413 duo.

292 3444 343 3474 63.
366 3444 404 3475 In
421 3451 517 3474 curru
539 3450 578 3473 ne
598 3440 770 3474 comedito.

291 3502 344 3535 61.
366 3501 512 3534 Palmam
532 3509 571 3533 118
587 3501 746 3541 plantato.

1368 603 1418 629 63.

1368 782 1417 809 6⁴.

1368 962 1417 989 65.

1367 1082 1415 1108 (36.

1367 1259 1418 1285 67.

1368 1438 1416 1464 68.

1368 1857 1417 1883 69.

1368 2093 1419 2119 70.

1334 2859 1341 2897 l

916 262 1205 303 PYTHAGOR
1214 261 1309 301 EOR
1319 260 1391 300 ΠΜ
1426 261 1490 299 ΕΤ
1520 259 1763 300 ALIORUM

1448 350 1603 388 narium
1627 363 1831 389 numerum
1850 351 2014 390 Dianam
2035 363 2057 390 a
2073 351 2333 404 Pythagoreis
2352 366 2427 392 vo-

1449 409 1529 446 cari
1556 407 1688 449 tradit.
1709 407 1791 447 ,Sed
1821 423 1899 448 non
1929 411 2028 449 :nale
2057 411 2245 450 Dacerius
2272 411 2355 451 haec
2379 412 2429 452 de

1449 467 1605 506 duobus
1624 467 1855 521 principiis,
1870 470 1951 509 Deo
1971 479 2010 509 et
2024 471 2210 519 materia,
2226 471 2330 510 dicta
2343 485 2428 512 esse

1449 528 1660 567 existimat.
1679 527 1742 568 Cf.
1765 528 1878 580 Diog.
1901 529 2029 570 Laert.
2047 529 2137 568 vni
2153 560 2164 579 ,
2185 532 2265 584 25.)

1451 588 1514 635 Μὴ
1535 587 1662 627 ἐσθίειν
1679 586 1739 626 ἐπὶ
1757 587 1894 641 δίφρου.

1504 646 1757 701 (Plutarchus
1778 647 1828 687 de
1847 647 1951 688 Iside
1969 658 2007 689 et
2019 649 2124 689 Osir.
2143 663 2230 703 cap.
2255 663 2317 702 10,
2332 659 2428 692 tom.

1449 707 1516 749 lx,
1533 721 1624 761 pag.
1651 722 1666 746 1
1679 722 1724 746 12
1742 708 1803 748 ed.
1826 708 2004 763 Hutten.)

1450 767 1607 808 Φοίνικα
1629 766 1680 818 μὴ
1703 767 1879 821 φυτεύειν.

1504 827 1757 881 (Plutarchus
1781 827 1829 866 de
1847 826 1951 867 Iside
1969 837 2007 867 et
2025 827 2132 867 Osxr.
2147 842 2232 882 cap.
2257 844 2317 879 ro,
2332 838 2426 870 tom.

1449 888 1501 926 IX
1521 902 1561 940 p.
1590 901 1663 925 112
1685 886 1745 926 ed.
1765 887 1942 939 Hutten.)

1449 948 1570 987 Φυτον
1591 945 1723 998 ἥμερον
1745 945 1835 995 μήτε
1857 945 1988 999 φθίνειν
2013 944 2103 996 μήτε
2123 946 2291 989 σίνεσθαι.

1505 1007 1711 1061 (Diogenes
1731 1006 1910 1046 Laertius
1928 1006 2001 1046 lib.
2023 1005 2134 1056 vni,
2153 1007 2215 1046 23.
2220 1009 2247 1058 ),

1447 1066 1667 1120 Ἐχεμυθίαν
1689 1066 1823 1105 ἀσκεῖν.

1506 1125 1702 1179 (Clemens
1733 1125 2027 1165 Alexandrinus
2059 1125 2203 1167 Strom.
2232 1126 2263 1164 V
2288 1141 2330 1220 p.
2351 1127 2430 1180 559

1450 1186 1509 1225 811.
1533 1184 1660 1237 Sylb.)

1450 1244 1599 1297 Ἰχθύων
1623 1243 1672 1293 μὴ
1694 1243 1871 1296 γεύεσθαι.

1506 1304 1699 1355 (Clemens
1730 1303 2022 1344 Alexandrinus
2053 1303 2198 1344 Strom.
2219 1303 2252 1342 V
2278 1308 2322 1358 p.
2352 1305 2430 1357 559

1504 1364 1568 1403 ed.
1590 1362 1720 1415 Sylb.)

1449 1422 1534 1463 Ἐπὶ
1551 1425 1614 1474 γ’ῆς
1636 1422 1685 1473 μὴ
1706 1423 1823 1461 πλεῖν.

1504 1483 1696 1531 (Clemens
1725 1481 2018 1520 Alexandrinus
2048 1480 2193 1521 Strom.
2227 1481 2259 1519 V
2286 1496 2326 1534 p.
2351 1482 2430 1534 559

1450 1543 1511 1582 ed.
1535 1542 1648 1593 Sylb.
1681 1541 1770 1580 Ἐπὶ
1800 1543 1864 1592 γῆς
1883 1540 1934 1589 μὴ
1955 1541 2057 1579 πλεῖν
2085 1539 2325 1594 Πυθαγόρειόν
2356 1543 2431 1581 ἐστι

1450 1602 1644 1654 σύμὸολοψ
1665 1602 1766 1649 δηλοῖ
1785 1600 1822 1639 δὲ
1841 1599 1886 1639 τὰ
1905 1599 1991 1648 τέλη
2010 1600 2072 1640 καὶ
2090 1599 2136 1639 τὰ
2155 1601 2262 1652 ὅμοια
2284 1602 2353 1640 τῶν
2373 1617 2432 1653 μι-

1450 1662 1660 1713 σθωμάτων,
1679 1659 1874 1715 ταραχώδη
1891 1659 1952 1700 καὶ
1970 1661 2109 1700 ἄστατα
2128 1661 2233 1709 ὅντα,
2252 1664 2432 1715 παραιτεῖ-

1449 1727 1530 1763 σθαι
1550 1723 1634 1761 δεῖν.
1649 1718 1717 1762 Διὰ
1733 1720 1836 1760 τοῦτό
1852 1735 1906 1760 τοι
1925 1724 1943 1761 ὁ
1961 1719 2062 1774 λόγος
2078 1721 2156 1767 τοὺς
2169 1720 2324 1767 τελώνας
2335 1720 2432 1774 λέγει

1450 1782 1624 1826 δυσκόλως
1641 1780 1888 1832 σωθήσεσθαι.)

1449 1841 1541 1881 Οὐδὲ
1564 1843 1611 1885 εἷς
1633 1839 1922 1895 περιρραντήριον
1940 1839 2153 1893 ε’μὸάπτειν,
2172 1839 2251 1880 οὖδὲ
2269 1841 2305 1880 ἐν
2323 1841 2435 1894 βαλα-

1448 1900 1529 1953 νείῳ
1547 1899 1725 1938 λούεσθαι.

1504 1958 1764 2012 (Jamblichus
1793 1958 1867 1997 vit.
1895 1958 2013 2010 Pyth.
2037 1972 2122 2011 cap.
2147 1960 2194 1998 18
2211 1973 2252 2012 p.
2277 1960 2351 2009 178
2365 1959 2430 2000 ed.

1452 2019 1596 2059 Kiessl.
1602 2020 1613 2069 )

1452 2078 1554 2118 Μετὰ
1572 2094 1687 2132 φωνης
1707 2077 1888 2131 εὔχεσθαι.

1503 2138 1699 2190 (Clemens
1726 2136 2018 2176 Alexandrinus
2051 2135 2195 2177 Strom.
2217 2135 2269 2183 IV
2287 2151 2328 2189 p.
2353 2137 2430 2182 543

1449 2198 1509 2236 ed.
1534 2196 1644 2249 Sylb.
1677 2196 1724 2236 Τί
1745 2196 1859 2235 τοίνυν
1892 2197 1923 2234 οἳ
1960 2195 2193 2249 Πυθαγόρειοι
2227 2195 2432 2247 βουλόμενοι

1451 2272 1493 2307 με
1480 2254 1541 2295 ετὰ
1565 2259 1682 2309 φωνῆς
1702 2255 1867 2308 εὔχεσθαι
1887 2253 2102 2303 κελεύουσιν;
2105 2254 2204 2327 niuei.
2226 2255 2344 2304 δοκεῖ,
2366 2257 2433 2308 οὐχ

1454 2315 1508 2353 ότι
1528 2315 1568 2353 τὸ
1586 2315 1675 2353 θεῖον
1696 2314 1803 2354 ὤοντο
1823 2313 1873 2365 μὴ
1897 2313 2065 2354 δύνασθαι
2080 2317 2150 2354 τῶν
2177 2316 2296 2368 ἡσυχῃ
2323 2318 2432 2369 φθεγ-

1451 2391 1540 2428 γομε
1526 2374 1611 2414 ’νων
1632 2374 1784 2424 ἐπαιειν,
1803 2373 1879 2413 ἀλλ’
1895 2372 1948 2413 ὅτι
1975 2373 2112 2420 δικαίας
2143 2373 2328 2413 ἔδούλοντο
2344 2367 2432 2413 εἶναι

1449 2434 1510 2479 τὰς
1524 2451 1560 2473 ευ
1563 2450 1644 2487 Αας,
1657 2434 1696 2479 ἃς
1709 2436 1772 2474 οὐκ
1787 2434 1827 2474 ἄν
1843 2450 1894 2479 τις
1910 2433 2085 2482 αἰδεσθείη
2099 2436 2275 2473 ποιεῖσθαι
2291 2434 2431 2473 πολλων

1452 2494 1685 2547 συνειδότων.)

1446 2553 1542 2594 ἽΞνα
1563 2553 1726 2607 γενέσθαι
1758 2553 1819 2593 καὶ
1838 2553 1898 2592 τὸν
1921 2553 2103 2606 ἄνθρωπον
2125 2553 2188 2592 δεῖ.

1508 2613 1703 2665 (Clemens
1747 2612 2041 2651 Alexandrinus
2087 2611 2230 2651 Strom.
2279 2611 2350 2653 lib.
2383 2612 2433 2650 lv

1451 2688 1491 2726 p.
1515 2673 1590 2712 535
1617 2686 1626 2712 ι
1652 2674 1830 2724 μυστικῶς
1849 2671 1909 2711 καὶ
1940 2671 1981 2710 τὸ
2001 2672 2241 2725 Πυθαγόρειον
2268 2671 2433 2724 ἐλέγετο,

1445 2733 1504 2773 ἕνα
1528 2732 1689 2785 γενέσθαι
1709 2731 1769 2771 καὶ
1786 2732 1845 2771 τὸν
1865 2731 2048 2785 ἄνθρωπον
2069 2731 2156 2771 δεῖν.
2179 2731 2342 2772 Videtur
2363 2745 2432 2770 au·

1452 2801 1526 2831 tem
1559 2806 1681 2831 unum
1727 2792 1925 2844 appellare
1957 2792 2080 2830 Deum
2114 2799 2153 2829 et
2184 2799 2368 2831 mentem.
2386 2790 2433 2829 In

1451 2852 1553 2890 hanc
1574 2854 1802 2890 sententiam
1825 2852 2021 2901 Diogenes
2038 2850 2222 2888 Laertius
2247 2848 2319 2888 lib.
2334 2847 2426 2887 VIII

1414 3090 1465 3118 65.
1492 3086 1639 3118 Plantam
1659 3085 1795 3117 sativam
1813 3093 1917 3125 neque
1924 3082 2141 3116 excidendam
2155 3090 2226 3115 esse
2239 3090 2345 3124 neque
2359 3089 2431 3114 cor-

1372 3146 1598 3185 rumpendam.

1414 3210 1471 3239 66.
1498 3205 1667 3239 Silentium
1681 3204 1802 3236 obtine.

1414 3267 1466 3296 67.
1494 3263 1600 3296 Pisces
1616 3271 1656 3295 118
1668 3263 1810 3303 gustato.

1414 3327 1467 3357 68.
1490 3325 1528 3356 In
1549 3324 1634 3355 terra
1653 3330 1694 3354 ne
1716 3321 1858 3360 naviges

1414 3385 1467 3416 69.
1493 3384 1559 3416 Nec
1571 3382 1604 3414 in
1619 3381 1726 3422 aquali
1738 3378 1973 3420 inungendum,
1987 3387 2048 3411 nec
2068 3378 2098 3411 in
2119 3377 2232 3411 balneo
2242 3376 2428 3411 lavandum.

1414 3444 1467 3475 70.
1493 3441 1587 3475 Clara
1605 3448 1684 3474 voce
1697 3438 1906 3481 precandum.

1412 3504 1466 3535 7¹.
1488 3502 1596 3535 Unum
1615 3499 1744 3541 oportet
1763 3497 1928 3531 homiuem
1948 3506 2077 3539 quoque
2099 3497 2186 3531 fieri.
