2612 3814
735 284 1023 326 CARMINUM
1053 286 1121 326 ET
1154 285 1425 326 choRUM
1447 286 1731 335 RELIQUIAE.

284 374 424 428 ῥώμης,
445 373 520 413 ὅσσ’
536 373 671 426 ἀνδρῶν
693 371 766 425 ἔργ’
786 374 820 412 ἐν
845 374 954 425 ἀγῶνι
974 374 1092 422 πέλει,

229 434 385 473 τοῦνεκεν
404 432 446 472 ἂν
469 432 510 479 δὴ
532 433 666 483 μᾶλλον
687 433 721 470 ἐν
742 431 886 484 εὐνομίῃ
904 432 1003 477 πόλις
1026 432 1092 480 εἴη.

284 492 441 545 Σμικρὸν
460 491 491 529 δ’
507 490 549 530 ἄν
569 506 601 528 τι
623 490 723 529 πόλει
741 490 865 543 χάρμα
879 489 1005 543 γένοιτ’
1021 491 1078 530 ἐπὶ
1098 493 1148 545 τῷ

232 550 263 589 εἴ
290 567 341 595 τις
361 549 533 590 ἀεθλεύων
562 551 647 602 νικῷ
669 548 787 589 Πίσαο
807 550 891 602 παρ’
911 549 1037 604 ὄχθας·
1072 575 1075 580 ι

284 610 322 648 οὐ
343 608 410 661 γὰρ
428 607 560 647 πιαίνει
576 613 688 648 ταῦτα
710 607 843 661 μυχοὺς
864 607 1001 654 πόλιος.

166 682 212 708 20.
246 668 457 721 Ἀφροσύνας
474 666 511 705 δὲ
529 666 698 718 μαθόντες
715 667 915 722 ἀνωφελέας
941 667 1038 722 παρὰ
1055 668 1180 707 Λυδῶν
1191 698 1202 718 ,

283 725 374 780 ὄφρα
391 725 596 778 τυραννείης
613 720 702 774 ἦσαν
721 726 803 766 ἄνευ
821 729 1010 779 στυγερῆς,

228 784 350 832 ἤιεσαν
366 787 413 829 εἰς
427 784 557 837 ἀγορὴν
574 785 821 838 παναλουργέα
846 785 948 839 φάρε’
966 785 1104 838 ἔχοντες

283 845 320 883 οὐ
346 843 462 896 μείους
481 843 573 898 ἤπερ
592 844 700 897 χίλιοι
720 847 765 889 ὥς
782 844 912 884 ἐπίπαν

231 904 416 957 αὐχαλέοι,
435 903 600 957 χαίτῃσιν
619 903 855 956 ἀγαλλόμενοι
872 902 1075 959 χαριέσσῃς,

285 963 451 1011 ἀσκητοῖς
470 964 582 1014 ὀδμὴν
599 964 749 1017 χρίμασι
769 963 964 1015 δευόμενοι.

163 1034 209 1060 21·
241 1023 314 1062 Νῦν
337 1021 405 1076 γὰρ
425 1021 466 1069 δὴ
487 1021 636 1068 ζάπεδον
653 1022 804 1076 καθαρὸν
822 1022 881 1061 καὶ
900 1026 1014 1076 χεῖρες
1037 1020 1202 1060 ἁπάντων

150 1174 267 1210 Versu
288 1185 312 1222 9
332 1179 370 1210 et
394 1185 442 1209 22
476 1185 496 1210 e
516 1172 798 1210 Schneidewini
819 1173 1060 1210 correctione
1086 1170 1206 1214 πόλιος

124 1238 126 1240 ’
149 1231 345 1278 posuimus
373 1242 446 1279 pro
469 1230 570 1280 vulg.
600 1229 749 1273 πόλεως.
769 1232 888 1271 Versu
919 1243 964 1267 10
982 1230 1207 1268 DIndorfius

151 1289 256 1326 dedit
284 1287 320 1341 χ’
347 1287 509 1337 ἅπαντα,
532 1291 657 1327 caeteri
689 1290 722 1341 γ’
750 1287 891 1328 ἅπαντα
913 1291 974 1328 vel
1002 1305 1042 1328 κε
1069 1290 1204 1328 πάντα.

151 1350 269 1386 Versu
288 1361 331 1385 11
356 1348 538 1398 Bergkius
556 1349 596 1385 in
616 1351 721 1387 Poet.
744 1349 832 1399 Lyr.
855 1364 894 1400 p.
914 1351 990 1398 378
1005 1342 1053 1389 ὧν
1075 1352 1205 1400 conje-

150 1407 204 1443 cit
223 1420 296 1457 pro
324 1408 429 1458 vulg.
462 1404 553 1456 ἐὼν,
576 1407 644 1444 sed
676 1405 741 1446 ἐὼν
779 1410 1030 1447 commodum
1057 1424 1207 1448 sensum

150 1466 307 1515 praebet.
327 1469 445 1506 Versu
470 1467 516 1503 16
534 1467 654 1504 λαοῖσι
672 1466 795 1517 μετείη
812 1468 981 1517 conjecit
995 1471 1209 1520 Stephanus

150 1527 192 1562 in
212 1527 323 1563 Poesi
340 1527 437 1576 phil.
453 1539 494 1576 p.
516 1539 588 1563 221
606 1541 616 1574 ;
632 1540 719 1564 nam
738 1528 846 1578 quod
859 1529 1054 1578 legebatur
1070 1529 1206 1568 λαοῖσιν

149 1580 198 1620 ἔτ’
218 1581 274 1630 εἴη
303 1584 394 1622 ferri
417 1598 496 1621 non
515 1594 657 1635 potest.
689 1587 752 1624 Ad
781 1588 986 1627 πενταθλεῖν
1018 1596 1056 1627 et
1075 1591 1207 1628 παλαι-

150 1641 329 1694 σμοσύνην
349 1645 659 1683 subaudiendum
686 1645 836 1698 ἀγαθός,
854 1654 1044 1698 ιΡιτιεῑιειτθεζ
1064 1649 1115 1685 ad
1140 1665 1208 1687 τα-

149 1704 276 1753 χυτῆτι
297 1703 411 1741 ποδῶν
431 1706 570 1754 supple
589 1703 689 1752 νίκην
704 1703 847 1758 ἄροιτο,
869 1707 977 1756 quod
994 1708 1104 1744 initio
1126 1719 1208 1744 car-

150 1762 263 1798 minis
286 1769 423 1799 auctor
442 1764 589 1811 posuit.
621 1765 808 1802 Caeterum
829 1779 915 1803 cum
940 1767 1015 1803 hoc
1040 1768 1208 1803 carmine

151 1820 283 1873 confer
302 1814 528 1870 Panegyrici
547 1823 733 1860 Isocratei
761 1825 1015 1875 principium.

207 1893 270 1918 20.
302 1880 382 1917 Hos
409 1881 660 1931 Xenophanis
679 1896 825 1932 versus,
844 1884 983 1934 quibus
1012 1885 1208 1935 Colopho-

149 1940 304 1976 niorum
336 1940 527 1990 luxuri-am
562 1954 583 1978 a
633 1941 750 1992 Lydis
795 1951 930 1980 mutuo
977 1947 1207 1982 commercio

150 2006 344 2048 acceptam
359 1999 548 2047 traducit,
563 1995 766 2039 Athenaeus
791 2004 869 2040 XII
890 2017 930 2053 p.
955 2003 1030 2040 526
1055 2017 1207 2042 conser-

149 2059 266 2096 vavit.
289 2059 412 2096 Versu
443 2059 571 2108 primo
603 2071 679 2110 pro*
710 2060 909 2113 ἀφροσύνας
951 2062 1208 2101 Schneiderus

149 2118 247 2156 Saxo
282 2114 479 2169 ἇίῗροσύνας
507 2119 583 2169 legi
625 2121 774 2168 voluit;
802 2135 907 2159 versu
934 2123 1103 2160 secundo
1134 2137 1207 2174 pro

150 2178 252 2227 vulg.
271 2169 359 2222 ἦσαν
378 2175 435 2213 ἐπὶ
461 2179 628 2229 στυγερῆς
648 2181 870 2219 Dindorfius
890 2182 1069 2219 codicum
1086 2185 1208 2220 vesti-

149 2237 209 2288 gia
226 2244 379 2274 secutus
399 2237 519 2273 edidit
536 2230 625 2284 ἦσαν
643 2237 724 2277 ἄνευ
740 2243 908 2294 στυγερῆς
920 2272 932 2291 ,
948 2243 988 2280 id
1006 2243 1113 2292 quod
1129 2256 1209 2281 sen-

152 2297 276 2333 tcntiae
303 2297 501 2336 convenit.
534 2299 599 2334 Ait
618 2300 719 2336 enim
750 2301 1009 2351 Xenophanes
1038 2315 1101 2338 eos
1129 2316 1206 2351 quo

152 2363 325 2404 tempore
353 2356 531 2393 libertate
552 2358 678 2395 adhuc
706 2359 929 2397 fruerentur
943 2360 1022 2409 jam
1049 2363 1208 2399 mollitie

150 2415 390 2452 effeminatos
418 2415 556 2463 fuisse,
592 2430 676 2465 quae
712 2431 826 2456 causa
846 2433 925 2457 esse
955 2421 1209 2457 existimanda

149 2482 226 2521 est,
241 2483 284 2511 ut
301 2488 393 2511 mox
409 2475 630 2512 adventanti
645 2478 844 2515 Persarum
864 2480 1047 2516 exercitui
1072 2493 1208 2529 parum

150 2535 365 2571 resistentes
404 2534 621 2571 libertatem
660 2538 870 2576 amiserint.
900 2538 961 2575 Ab
992 2539 1051 2574 his
1082 2546 1207 2575 autem

150 2594 282 2631 luxum
301 2593 351 2630 ad
373 2594 538 2630 Milesios
563 2607 606 2631 ac
629 2595 770 2633 deinde
799 2597 849 2634 ad
878 2599 1048 2647 reliquas
1067 2601 1207 2636 Ionum

150 2652 323 2688 civitates
333 2652 511 2700 serpsisse
525 2660 662 2690 auctor
679 2662 735 2691 est
754 2656 955 2693 Clearchus
971 2657 1076 2705 apud
1091 2658 1207 2694 Athe·

152 2722 274 2746 naeum
298 2707 371 2746 XII
398 2721 440 2757 p.
471 2709 563 2754 324.
586 2713 704 2749 Versu
733 2721 871 2762 quarto
893 2727 966 2763 pro
1003 2715 1049 2758 εἷς
1077 2714 1206 2754 ἐπίπαν

151 2776 253 2805 recte
286 2769 436 2818 scripsit
466 2770 693 2808 Karstenius
730 2773 777 2815 ὥς
808 2771 960 2820 ἐπίπαν,
992 2774 1100 2822 quod
1127 2774 1206 2822 jam

148 2827 497 2876 Schweighaeusero
530 2829 572 2865 in
604 2838 773 2868 mentem
804 2840 972 2872 venerat.
997 2834 1105 2870 Idem
1133 2834 1207 2871 du-

153 2886 259 2922 bium
278 2898 356 2923 esse
380 2887 452 2932 ait,
474 2895 604 2924 utrum
628 2890 674 2932 ὡς
701 2889 830 2928 ἐπίπαν
853 2905 939 2929 cum
964 2893 1206 2942 praecedente

130 2975 131 2978 ,
150 2942 271 2996 χίλιοι,
286 2947 392 2982 mille
402 2951 566 2996 omnino,
583 2961 631 2984 an
643 2962 729 2986 cum
739 2953 913 3000 sequenti
928 2950 1111 3003 αὐχαλέοι,
1123 2955 1206 3001 ple-

151 3015 304 3053 rumque
324 3006 491 3053 superbi,
517 3008 658 3044 rectius
674 3008 914 3060 jungendum
934 3012 1003 3061 sit,
1026 3014 1208 3060 quoniam

136 3062 348 3111 vutriusque
365 3065 514 3112 generis
532 3068 708 3116 exempla
730 3066 803 3120 (cf.
833 3070 977 3109 Herod.
1001 3070 1068 3116 VI,
1103 3071 1151 3116 46
1171 3079 1208 3108 et

153 3122 236 3168 VII,
258 3120 326 3169 157
343 3121 354 3171 )
372 3135 478 3171 aeque
498 3123 719 3173 frequenter
740 3131 996 3178 reperiantur.
1016 3130 1109 3166 Mihi
1135 3144 1204 3180 po-

136 3181 288 3217 sterior
310 3182 409 3218 ratio
444 3183 678 3231 praeplacet,
702 3188 809 3235 quod
843 3197 968 3226 certus
1000 3189 1039 3235 in
1067 3189 1138 3226 hac
1166 3203 1207 3226 re

152 3236 348 3274 hominum
369 3252 552 3277 numerus
571 3254 651 3278 non
669 3246 894 3293 requiritur.
925 3249 1044 3285 Versu
1071 3248 1206 3296 quinto

152 3308 225 3345 pro
255 3296 424 3348 αὐχαλέοι
455 3299 704 3340 casaubonus
737 3306 959 3354 vulgaverat
987 3304 1206 3355 αὐχμαλέοι,

151 3367 236 3403 quae
255 3357 470 3394 emendatio
490 3359 645 3398 minime
662 3365 868 3400 necessaria
885 3370 951 3400 est.
968 3363 1050 3402 Vid.
1069 3364 1202 3404 adnot.

154 3413 203 3450 ad
223 3415 384 3463 Hesych.
405 3416 444 3454 h.
465 3429 504 3453 v.
528 3418 712 3458 Caeterum
732 3423 850 3460 verba
876 3420 1111 3474 ἀγαλλόμενοι
1143 3423 1206 3460 εὐ·

154 3470 387 3523 πρεπέεσσιν,
411 3487 493 3523 quae
517 3479 618 3515 varie
638 3492 662 3516 a
687 3481 778 3518 viris
797 3481 921 3518 doctis
942 3488 1085 3517 tentata
1100 3489 1202 3528 sunt,

154 3531 247 3567 nihil
279 3534 477 3570 continere
511 3543 621 3583 putat
656 3540 898 3585 Karstenius‚
934 3540 1040 3590 quod
1079 3547 1203 3577 metro

2237 296 2312 330 105

1391 373 1494 416 (quae
1516 376 1594 406 sunt
1611 374 1754 406 virorum
1772 375 1803 407 in
1821 374 1903 407 ludis
1927 376 2142 419 certamina,)

1346 434 1419 467 ideo
1432 434 1619 467 melioribus
1635 438 1810 476 temperata
1827 437 1951 478 legibus
1966 437 2062 470 ruerit
2079 437 2272 478 respublica.

1392 496 1532 526 Parvum
1552 494 1650 527 modo
1670 495 1823 535 gaudium
1840 496 1953 528 civitas
1968 496 2041 529 inde
2061 497 2170 538 capit,

1347 552 1372 584 si
1390 553 1463 594 quis
1479 553 1656 586 certamine
1673 553 1785 587 vicerit
1802 554 1843 586 ad
1861 554 1942 587 Pisae
1960 554 2051 596 ripas
2067 564 2075 586 :

1389 621 1455 644 non
1472 613 1556 645 enim
1572 612 1693 646 talibus
1710 613 1806 646 rebus
1824 614 1997 654 penetralia
2021 613 2109 646 urbis
2129 613 2286 646 ditantur.

1265 677 1317 705 20.
1345 673 1479 705 Insanas
1502 672 1739 714 damnosasque
1761 673 1910 706 libidines
1933 682 1951 706 a
1971 673 2068 714 Lydis
2083 672 2212 714 edocti,

1388 732 1468 765 dum
1485 735 1633 775 expertes
1652 733 1759 766 adhuc
1774 735 1865 767 erant
1889 733 2003 766 invisae
2020 733 2211 775 tyrannidis,

1349 793 1519 835 prodibant
1539 793 1571 826 in
1589 793 1695 826 forum
1711 794 1879 836 purpureis
1895 793 2004 826 amicti
2022 793 2125 835 palliis

1391 862 1455 885 non
1483 853 1650 895 pauciores
1671 861 1770 895 quam
1791 852 1877 886 mille
1894 853 2086 894 plerumque

1349 911 1461 943 babitu
1480 911 1609 953 superbi
1620 936 1632 953 ,
1653 912 1775 953 capillis
1794 911 1910 945 decore
1924 911 2111 953 compositis
2128 911 2271 952 insignes
2285 935 2294 950 ‚

1391 973 1563 1011 unguentis
1582 971 1673 1004 suavi
1689 972 1786 1004 odore
1806 971 1974 1005 instructis
1997 971 2146 1004 delibuti.

1265 1037 1317 1065 21.
1342 1034 1416 1065 Jam
1425 1033 1510 1065 enim
1520 1033 1644 1066 lautum
1651 1034 1699 1066 est
1708 1033 1943 1075 pavimentum,
1952 1033 2048 1065 lautae
2058 1042 2172 1065 manus
2179 1033 2326 1066 omnium

1268 1180 1476 1222 repugnet,
1492 1173 1611 1210 modo
1624 1173 1783 1222 synizesi
1799 1172 2011 1222 jungantur
2025 1186 2045 1209 a
2062 1175 2325 1222 pronuncian-

1269 1232 1372 1268 tibus
1395 1232 1549 1280 syllabae
1570 1245 1603 1269 οι
1621 1241 1658 1269 et
1681 1247 1735 1271 ευ,
1757 1234 1807 1269 At
1828 1232 1924 1268 mihi
1946 1231 2198 1284 εὐπρεπέεσσιν
2221 1234 2326 1283 glos-

1268 1304 1372 1327 sema
1388 1291 1539 1328 videtur
1552 1292 1594 1327 in
1613 1292 1790 1341 legitimae
1803 1292 1907 1328 vocis
1920 1292 2047 1328 locum
2063 1293 2324 1331 substitutum.

1269 1352 1440 1387 Fortasse
1470 1351 1673 1400 scripserat
1698 1359 1814 1401 poeta
1852 1349 2085 1400 ἀγαλλόμενοι
2115 1350 2324 1402 χαριέσσῃς.

1270 1410 1453 1459 Bcrgkius
1482 1410 1588 1448 Poet.
1619 1412 1711 1459 Lyr.
1743 1423 1784 1460 p.
1818 1409 1894 1459 379
1925 1410 2092 1458 conjecit
2116 1424 2124 1447 :
2157 1410 2326 1463 αὐχαλέοι

1267 1467 1458 1520 χαίτῃσιν,
1478 1466 1609 1518 ἄγαλμ’
1625 1466 1689 1515 ὥς,
1702 1467 1968 1520 εὐπρεπέεσσιν.

1325 1542 1388 1568 21.
1408 1530 1578 1566 Servavit
1607 1529 1681 1565 hoc
1703 1529 1878 1565 carminis
1904 1530 2110 1566 convivalis
2129 1529 2323 1580 fragmen-

1271 1595 1351 1624 tum
1372 1589 1575 1625 Athenaeus
1602 1589 1661 1625 XI
1680 1601 1720 1637 p.
1751 1587 1844 1632 462.
1872 1590 1992 1626 Versu
2020 1590 2148 1639 primo
2176 1587 2326 1633 ζάπεδον

1269 1661 1343 1696 pro
1386 1646 1537 1685 δάπεδον
1575 1654 1715 1683 notum
1744 1659 1792 1683 ex
1829 1647 2008 1695 Hesychii
2052 1649 2320 1698 explicatione.

1271 1709 1391 1744 Versu
1411 1706 1580 1744 secundo
1596 1707 1637 1742 in
1650 1706 1777 1743 verbis
1790 1703 1961 1748 πλεκτοὺς
1980 1704 2009 1743 δ’
2025 1706 2223 1759 ἀμφιτιθείς
2243 1721 2329 1758 par-

1270 1767 1447 1815 ticipium
1468 1766 1579 1803 verbi
1598 1764 1698 1802 finiti
1719 1766 1840 1802 vicem
1859 1766 1978 1815 gerit,
1998 1773 2041 1802 ut
2060 1766 2163 1815 apud
2186 1769 2327 1804 Hesio-

1269 1825 1361 1862 dum
1380 1822 1489 1877 Ἔργ.
1511 1839 1547 1864 v.
1568 1839 1631 1863 21.
1654 1825 1712 1864 Cf.
1735 1826 1907 1874 Thucyd.
1936 1826 2004 1862 lib.
2030 1826 2059 1872 Ι,
2081 1825 2130 1863 25
2164 1836 2201 1864 et
2230 1842 2328 1877 quos

1269 1886 1360 1922 citat
1380 1886 1487 1922 locos
1506 1884 1750 1922 Bernhardus
1771 1886 1926 1934 Syntax.
1956 1886 2050 1936 ling.
2082 1899 2140 1937 gr.
2173 1900 2212 1936 p.
2233 1893 2324 1934 470,

1270 1944 1466 1991 Quocirca
1479 1945 1500 1981 J
1503 1944 1649 1981 acobsii
1662 1973 1675 1993 ,
1688 1943 1879 1998 Dindorfii
1894 1945 2138 1995 aliorumque
2154 1947 2326 1984 virorum

1270 2005 1477 2042 doctorum
1501 2004 1764 2053 conjecturas,
1788 2005 1928 2055 quibus
1946 2005 2050 2042 hunc
2076 2006 2208 2043 locum
2237 2015 2326 2044 tan-

1269 2076 1382 2111 quam
1416 2071 1642 2113 corruptum
1675 2076 1809 2100 sanare
1837 2064 2066 2112 voluerunt,
2101 2067 2324 2104 omittimus.

1270 2121 1348 2158 Pro
1371 2121 1475 2165 ἄλλος
1500 2121 1529 2159 δ’
1554 2122 1680 2166 εὐῶδες
1705 2124 1946 2160 Hermannus
1968 2124 2009 2160 in
2035 2137 2194 2162 censura
2211 2126 2322 2162 Dele-

1269 2189 1350 2218 ctus
1364 2189 1467 2231 poet.
1482 2195 1501 2218 a
1520 2181 1818 2219 Schneidewino
1837 2183 1931 2220 editi
1946 2183 2102 2232 conjicit
2119 2183 2237 2231 ἄλλος,
2251 2186 2269 2221 ὁ
2285 2184 2326 2222 δ’.

1268 2242 1392 2278 Verba
1414 2232 1503 2284 οἶνος
1518 2239 1553 2284 ὃς
1573 2240 1701 2279 οὔποτέ
1715 2256 1801 2295 φησι
1816 2241 2012 2293 προδώσειν
2028 2256 2048 2280 e
2069 2244 2203 2280 codice
2221 2243 2327 2284 Mar-

1269 2303 1380 2339 ciano
1400 2302 1520 2351 petita
1535 2301 1604 2352 (cf.
1622 2302 1784 2341 Ritschl.
1801 2303 1841 2338 in
1855 2303 1953 2339 Mus.
1974 2302 2049 2340 Rh.
2076 2301 2169 2345 1841
2186 2315 2227 2351 p.
2253 2317 2265 2339 1
2277 2308 2326 2347 [¹0

1268 2364 1381 2410 seq),
1404 2365 1535 2397 vinum
1556 2364 1744 2410 copiosum
1761 2362 1862 2410 quod
1876 2365 1995 2410 ipsum
2009 2363 2167 2410 spondet
2186 2375 2226 2399 se
2242 2376 2326 2400 con-

1269 2424 1368 2456 vivas
1388 2434 1459 2456 non
1479 2420 1710 2467 defecturum
1722 2448 1731 2466 ,
1749 2421 1845 2456 nihil
1863 2420 2079 2470 significant
2104 2422 2176 2458 nisi
2195 2423 2325 2458 vinum

1269 2479 1377 2528 quod
1408 2481 1589 2516 convivas
1617 2492 1698 2516 non
1725 2478 1889 2517 deficiet.
1917 2481 1992 2516 Pro
2023 2478 2210 2530 ὀσδόμενος
2240 2495 2325 2518 cuni

1270 2539 1491 2576 Hermanno
1516 2539 1652 2587 scripsi
1677 2536 1851 2588 ὀζόμενος.
1880 2541 1996 2577 Versu
2018 2539 2225 2577 undecimo
2253 2554 2326 2590 pro

1270 2596 1352 2634 αὐτὸ
1381 2594 1485 2646 μέσον
1500 2598 1527 2636 i.
1548 2610 1582 2635 e.
1602 2597 1637 2634 ἐν
1656 2598 1704 2649 τῷ
1723 2596 1821 2649 μέσῳ
1837 2597 1996 2635 forsitan
2014 2611 2092 2635 una
2108 2612 2204 2636 voce
2225 2599 2326 2637 αὐτό-

1270 2670 1375 2705 μεσον
1397 2655 1643 2693 scribendum
1661 2669 1707 2694 ex
1727 2657 2000 2695 adverbiorum
2021 2658 2249 2710 αὐτόχρημα,
2265 2660 2325 2696 αὐ-

1269 2717 1387 2766 τῆμαρ
1431 2717 1672 2765 aliorumque
1712 2718 1911 2767 analogia,
1958 2730 2197 2767 quamquam
2243 2719 2326 2755 aliis

1269 2777 1452 2825 exemplis
1488 2777 1592 2814 hunc
1624 2790 1737 2813 usum
1769 2778 1982 2815 verborum
2013 2776 2098 2815 αὐτὸ
2133 2777 2239 2829 μέσον
2264 2782 2326 2816 vix

1269 2836 1357 2872 licet
1380 2835 1549 2875 firmare.
1574 2837 1837 2885 Quamobrem
1857 2839 2080 2876 Karstenius
2097 2838 2139 2876 ἀν
2162 2837 2201 2876 τὸ
2219 2838 2325 2889 μέσον

1268 2896 1404 2943 reponi
1416 2894 1539 2943 jussit.
1559 2897 1605 2932 In
1621 2897 1868 2945 sequentibus
1883 2895 2150 2949 προχειρότερον
2165 2901 2328 2936 mutavit

1269 2955 1580 2992 Schneidewinus
1600 2956 1641 2992 in
1660 2955 1883 3009 προαιρετέον
1898 2985 1907 3003 ,
1931 2970 2002 2994 nos
2029 2959 2114 2995 coll.
2135 2960 2231 2996 XIX
2245 2988 2255 3007 ,
2279 2973 2323 3006 17-

1268 3015 1485 3063 scripsimus
1505 3013 1650 3067 πρότιμ’
1671 3012 1806 3067 ἕταροι.
1833 3016 2017 3054 Praeterea
2043 3015 2220 3068 πρόπολον
2252 3019 2328 3056 Xe-

1267 3074 1464 3122 nophanes
1483 3081 1595 3111 vocat
1613 3074 1725 3112 παῖδα
1743 3072 1949 3127 δαδοφόρον.
1968 3077 2106 3113 Versus
2125 3077 2326 3114 vicesimus

1268 3132 1306 3168 in
1327 3133 1445 3171 codd.
1469 3134 1521 3170 sic
1538 3134 1704 3184 legitur:

1321 3216 1387 3261 Ὡς
1404 3220 1424 3265 ἡ
1442 3217 1652 3270 μνημοσύνη
1667 3218 1728 3258 καὶ
1748 3219 1805 3259 τὸν
1817 3218 1853 3265 ὃς
1873 3220 1964 3274 ἀμφ’
1979 3223 2107 3274 ἀρετῆς
2122 3251 2133 3270 ,

1275 3319 1390 3355 quem
1417 3309 1617 3357 quomodo
1640 3311 1705 3346 alii
1725 3312 1964 3348 correxerint
1983 3319 2048 3348 aut
2067 3313 2321 3362 explicuerint

1267 3366 1425 3416 longum
1442 3375 1496 3405 est
1512 3382 1830 3416 commemorare,
1846 3371 1941 3407 mihi
1955 3372 2118 3408 maxime
2134 3372 2324 3421 probatur

1268 3427 1374 3474 quod
1392 3441 1472 3464 non
1487 3429 1649 3465 multum
1666 3441 1688 3466 a
1708 3430 1860 3480 vulgata
1881 3430 1994 3467 distat
2007 3427 2053 3473 ὥς
2066 3432 2096 3468 οἱ
2111 3429 2319 3480 μνημοσύνη

1266 3483 1327 3522 καὶ
1352 3483 1454 3535 μένος
1467 3516 1477 3535 ‚
1495 3487 1585 3538 ἀμφ’
1607 3487 1734 3538 ἀρετῆς
1747 3488 1819 3525 hac
1837 3489 2124 3525 constructione
2146 3500 2155 3526 ε
2178 3485 2214 3531 ὃς
2228 3486 2318 3525 πιὼν

1269 3541 1452 3594 ἀναφαίνει
1481 3544 1587 3583 ἐσθλὰ
1618 3544 1704 3598 ἀμφ’
1724 3547 1870 3598 ἀρετῆς,
1901 3548 1946 3589 ὡς
1966 3547 1998 3584 οἱ
2030 3546 2238 3597 μνημοσύνη
2263 3547 2323 3586 καὶ
