2612 3814
1070 287 1210 326 FRAG
1218 288 1257 327 M
1265 288 1418 328 ENTA.
2252 295 2327 329 555

147 373 208 413 καὶ
227 375 380 418 πλοῦτος
397 376 501 425 σῶμα
515 372 575 412 καὶ
597 371 715 427 ψυχάν
729 402 738 420 ,
760 372 872 423 ὑγίεια
891 373 927 413 δὲ
947 375 1007 414 καὶ
1028 374 1128 428 ἰσχὺς
1148 375 1210 415 καὶ

149 432 356 472 εὖαισθασία
370 432 509 486 ψυχάν,
525 430 705 485 φρόνασις
713 432 749 470 δὲ
770 448 831 471 και
853 434 976 486 ἀνδρία
996 434 1054 472 καὶ
1071 449 1210 489 σωφρο-

149 491 236 530 σύνα
259 491 320 531 καὶ
348 491 371 530 ὁ.
399 491 605 530 δικαιοσύνα
626 490 683 529 τὸν
708 491 786 530 νόον
807 498 868 536 τᾶς
886 495 1020 546 ψυχας,
1041 497 1059 533 ὁ
1085 494 1120 532 δὲ
1138 493 1211 539 νόος

147 551 206 590 τὸν
228 549 316 590 θεόν.
370 544 483 593 Οὗτος
512 549 580 603 γὰρ
609 553 628 589 ὃ
647 550 835 602 κράτιστός
864 568 935 591 εντι
960 553 1021 591 καὶ
1040 553 1095 591 ὁε
1078 569 1210 605 αγεμο-

149 610 258 650 νεύων
273 626 280 634 ·
299 610 359 650 καὶ
378 610 525 649 τούτω““·
545 610 647 649 ἕνεκα
661 611 721 649 καὶ
741 612 787 650 τὰ
808 612 899 651 ἄλλα
914 615 983 650 τῶν
1004 614 1143 665 ἀγαθῶν
1161 614 1213 652 δεῖ

158 673 340 724 παρῆμεν.
399 671 674 723 Στρατεύματος
700 671 763 723 μὲν
797 672 865 724 γὰρ
890 670 1030 726 ἇγεῖται
1059 689 1212 726 στρατα-

150 729 226 780 γός,
246 729 443 783 πλωτάρων
466 729 500 768 δὲ
518 730 755 782 κυὸερνάτας,
772 734 822 769 τῶ
841 731 876 770 δὲ
897 732 1022 784 κόσμω
1043 732 1135 781 θεός,
1151 738 1211 777 τᾶς

150 789 187 828 δὲ
208 790 326 843 ψυχᾶς
344 788 420 832 νόος
432 819 442 837 ,
460 795 523 834 τᾶς
537 788 573 828 δὲ
587 789 667 842 περὶ
683 789 742 829 τὸν
762 791 835 843 βίον
851 792 1108 843 εὖδαιμοσύνας
1125 792 1212 845 φρό-

149 864 262 892 νασις.
322 847 435 888 Οὐδὲν
457 848 526 902 γὰρ
547 848 671 901 ἅτερόν
693 851 764 888 ε’ντι
786 850 970 904 φρόνασις,
995 852 1031 890 αἷ
1065 850 1113 902 μὴ
1135 853 1212 888 ἐπι-

150 907 272 959 στάμα
299 914 361 952 τᾶς
388 908 469 960 περὶ
490 909 546 947 τὸν
580 909 654 961 βίον
684 910 942 960 εὖδαιμοσύνας
973 910 996 954 ἢ
1029 910 1210 962 ἐπιστάμα

148 969 218 1006 τῶν
233 966 325 1007 κατὰ
342 966 444 1020 φύσιν
460 968 634 1020 ἀνθρώπω
650 970 806 1019 ἀγαθῶν.

205 1028 244 1079 (²¹
273 1032 346 1071 τοῖς
368 1027 519 1066 inserui
552 1041 639 1066 cum
670 1028 911 1078 Hir-schigio.
937 1026 954 1051 b
975 1029 1155 1082 δορυφορεῖ
1176 1028 1212 1067 δὲ

150 1100 237 1125 cum
264 1087 420 1125 Halmio
447 1087 589 1139 scripsi
612 1101 687 1139 pro
706 1087 899 1126 librorum
920 1088 1088 1127 lectione
1108 1089 1212 1140 δορυ-

150 1148 322 1199 φορεῖται.
343 1152 358 1171 c
377 1145 490 1186 τούτω
510 1147 649 1197 posui3
672 1146 768 1185 libri
789 1146 935 1186 τούτων.
955 1147 966 1198 )

212 1204 261 1249 ς’.
294 1205 368 1245 Καὶ
389 1207 456 1244 θεῶ
482 1203 544 1255 μὲν
569 1206 804 1256 εὖδαιμοσύνα
822 1206 882 1245 καὶ
901 1206 972 1259 βίος
990 1205 1148 1258 ἄριστος,
1162 1210 1213 1245 τῶ

153 1265 185 1303 δ’
206 1265 380 1317 ἀνθρώπω
401 1264 436 1309 ἐξ
459 1264 659 1313 ἐπιστάμας
679 1265 740 1303 καὶ
761 1268 888 1318 ἀρετᾶς
907 1265 967 1304 καὶ
988 1265 1096 1318 τρίτω
1117 1267 1214 1304 εὐτυ·

152 1324 233 1376 χίας
265 1324 528 1375 σωματουμένα
571 1323 818 1377 παραγίνεται.
876 1325 982 1377 Λέγω
1012 1325 1048 1366 δὲ
1089 1326 1212 1378 σοφίαν

154 1383 217 1434 μὲν
239 1382 441 1433 ἐπιστάμαν
459 1386 528 1422 τῶν
547 1382 648 1422 θείων
666 1384 726 1422 καὶ
751 1385 944 1436 δαιμονίων
962 1416 973 1434 ,
991 1385 1157 1439 φρόνασιν
1178 1386 1213 1425 δὲ

151 1444 220 1480 τῶν
261 1441 491 1494 ἀνθρωπίνων
524 1442 585 1481 καὶ
615 1446 684 1481 τῶν
708 1442 789 1496 περὶ
816 1442 875 1483 τὸν
899 1444 986 1497 βίον.
1044 1444 1118 1489 Τὰς
1146 1445 1213 1498 γὰρ

150 1499 265 1551 λόγοις
285 1499 346 1540 καὶ
370 1500 586 1546 ἀποδείξεσιν
604 1501 870 1554 ποτιχρωμένας
891 1503 1018 1556 ἀρετὰς
1038 1503 1111 1544 δέον
1130 1506 1215 1543 ἐπι-

152 1559 291 1610 στάμας
311 1559 566 1611 ποταγορεύεν·
586 1560 714 1634 ἀρετὰν
731 1559 767 1599 δὲ
786 1560 851 1600 τὰν
872 1563 999 1608 ἠθικὰν
1017 1579 1076 1602 και
1099 1563 1214 1614 βελτί-

154 1634 241 1657 σταν
262 1617 332 1662 ἕξιν
353 1620 403 1657 τῶ
438 1619 557 1671 ἀλόγω
581 1620 704 1672 μέρεος
733 1626 796 1665 τᾶς
818 1622 958 1674 ψυχᾶς,
988 1624 1066 1661 καθ’
1090 1622 1131 1660 ἃν
1156 1623 1215 1661 καὶ

153 1676 247 1716 ποιοί
267 1693 358 1721 τινες
379 1694 469 1728 ημεν
486 1680 661 1730 λεγόμεθα
690 1678 782 1718 κατὰ
806 1680 846 1719 τὸ
866 1684 968 1730 ἠθος,
987 1684 1058 1720 οἱον
1080 1682 1196 1721 ἐλευθέ
1198 1705 1213 1711 -

156 1753 243 1787 ριοι,
266 1736 396 1776 δίκαιοι
421 1753 482 1776 και
504 1738 696 1792 σώφρονες·
716 1739 880 1792 εὐτυγίαν
904 1740 939 1778 δὲ
961 1740 1023 1778 τὰν
1044 1741 1140 1793 παρὰ
1156 1741 1213 1780 τὸν

153 1796 256 1846 λόγον
277 1799 346 1835 τῶν
369 1798 510 1848 ἀγαθῶν
530 1797 749 1849 παρουσίαν,
772 1814 833 1837 και
856 1799 905 1848 μὴ
927 1800 969 1838 δι’
993 1800 1095 1839 αὐτὸν
1122 1817 1213 1871 γινο·

155 1871 198 1906 με
190 1855 276 1895 ’.ναν
335 1856 478 1896 Ἐπεὶ
457 1873 505 1895 ων
525 1857 547 1895 ἆ
566 1856 637 1932 ub..
643 1857 751 1910 ἀρετὰ
771 1858 830 1897 καὶ
846 1858 1024 1910 ἐπιστάμα
1047 1858 1100 1912 ἐφ’
1117 1861 1214 1911 ἁμῖν,

159 1915 181 1953 ἆ
201 1915 230 1953 δ’
246 1915 391 1968 εὖτυχία
414 1918 477 1955 οὐκ
494 1916 548 1969 ἐφ’
569 1917 673 1966 ἁμῖν·
689 1919 723 1956 ἐν
745 1917 781 1957 δὲ
805 1917 963 1970 θεωρίαις
980 1917 1040 1957 και
1065 1918 1214 1970 πράξεσι

156 1976 227 2013 τῶν
246 1976 364 2014 καλῶν
394 1975 433 2014 τὸ
455 1976 657 2026 εὖδαιμονέν
674 2007 684 2028 ,
707 1978 743 2015 αἱ
763 1977 798 2015 δὲ
820 1977 961 2030 θεωρίαι
980 1977 1040 2016 καὶ
1062 1980 1102 2016 ἀἱ
1122 1981 1211 2031 πρά-

159 2106 291 2146 quidem
309 2109 342 2139 et
363 2108 459 2148 gloria
483 2111 515 2140 et
540 2107 662 2140 divitiae
692 2109 816 2150 corpori
833 2111 932 2150 atquc
951 2110 1080 2149 animo,
1095 2110 1216 2142 sanitas

160 2175 237 2199 vero
261 2169 293 2199 et
315 2156 414 2199 robur
439 2170 471 2199 et
500 2176 656 2199 sensuum
686 2168 852 2208 integritas
880 2168 1016 2200 animo:
1047 2169 1214 2210 prudentia

160 2227 271 2258 autem
295 2228 329 2259 et
351 2226 506 2259 fortitudo
535 2229 567 2260 et
588 2222 799 2268 temperantia
820 2231 852 2259 et
875 2228 998 2268 justitia
1022 2228 1217 2269 intellectui,

162 2285 344 2318 intellectus
375 2287 486 2318 autem
506 2286 567 2318 deo
598 2286 674 2327 ipsi.
720 2287 779 2319 Hic
798 2286 884 2319 enim
910 2296 1081 2328 supremus
1109 2290 1157 2320 est
1187 2291 1218 2320 et

163 2344 372 2385 gubernator,
388 2345 521 2387 ejusque
536 2354 633 2378 causa
657 2348 772 2379 coetera
788 2346 872 2378 bona
896 2350 1013 2388 praesto
1033 2356 1104 2379 esse
1117 2356 1216 2388 opor-

165 2406 222 2436 tet.
268 2404 437 2436 Exere-itui
459 2405 544 2436 enim
572 2407 691 2446 praeest
719 2405 904 2447 imperator,
924 2406 1031 2438 nautis
1065 2406 1218 2447 guberna-

164 2466 227 2504 tor,
243 2463 368 2496 mundo
387 2468 496 2496 autem
515 2464 596 2497 deus
610 2488 620 2505 ,
637 2465 757 2497 animae
771 2474 846 2498 vero
861 2475 952 2498 mens
972 2466 1061 2507 ipsa,
1077 2466 1152 2499 vitae
1164 2466 1219 2498 de-

161 2522 261 2564 nique
287 2522 431 2555 felicitati
462 2523 646 2564 prudentia.
691 2523 819 2565 Quippe
844 2524 922 2556 nibil
942 2524 1028 2557 aliud
1051 2525 1220 2566 prudentia

164 2583 233 2622 est,
265 2590 364 2623 quam
397 2582 530 2614 scientia
558 2581 708 2623 quaedam
739 2583 814 2615 vitae
843 2583 977 2616 feliciter
1007 2583 1138 2625 agendae
1164 2585 1220 2616 aut

164 2641 323 2674 bonorum
347 2641 468 2675 homini
487 2642 653 2674 insitorum
671 2642 821 2683 cognitio.

206 2702 265 2734 VI.
289 2702 335 2733 Ac
358 2700 407 2733 dei
428 2700 558 2743 quidem
574 2701 709 2734 beatitas
724 2705 756 2734 et
772 2701 839 2734 vita
861 2702 982 2743 optima
1000 2706 1066 2744 cst,
1082 2703 1221 2736 bominis

167 2761 277 2793 autem
299 2759 434 2792 felicitas
450 2769 467 2792 e
485 2760 621 2793 scientia
634 2785 643 2801 ‚
667 2760 788 2793 virtute
803 2761 962 2803 tertiaque
984 2771 1137 2803 prospera
1158 2763 1220 2794 sor-

167 2823 248 2853 tuna
276 2820 368 2862 quasi
387 2820 549 2853 coalescit.
593 2821 727 2862 Appello
752 2822 860 2854 autem
877 2822 1063 2863 sapientiam
1090 2823 1220 2864 quidem

167 2879 382 2920 cognitionem
404 2880 585 2912 coelestium
600 2880 849 2922 divinarumque
870 2890 998 2922 rerum,
1017 2881 1220 2922 prudentiam

169 2947 245 2973 vero
263 2939 478 2972 humanarum
498 2948 604 2971 rernm
626 2940 658 2971 et
674 2948 784 2971 earum
802 2948 876 2981 quae
896 2939 935 2971 ad
954 2940 1054 2972 vitam
1074 2942 1222 2982 spectant

169 2998 327 3039 peritiam.
375 3001 437 3031 Eas
449 2998 535 3031 enim
551 3007 626 3039 quae
646 2999 768 3031 ratione
784 3002 816 3031 et
833 2999 1105 3032 demonstratione
1121 3001 1221 3032 utun-

169 3060 217 3089 tm
246 3057 385 3090 virtutes
413 3057 461 3090 fas
488 3060 536 3091 est
559 3058 708 3090 scientias
729 3058 896 3091 nominare
921 3071 929 3090 ι
966 3059 1119 3091 virtutem
1147 3068 1223 3092 vero

168 3115 322 3148 moralem
340 3116 438 3149 etiam
461 3117 619 3156 optimum
635 3117 732 3149 animi
753 3117 850 3159 partis
867 3117 988 3150 ratione
1006 3118 1144 3150 carentis
1165 3117 1224 3150 ba-

148 3174 275 3207 ''bitum
289 3198 298 3214 ‚
310 3174 488 3207 secundum
504 3185 601 3217 quem
616 3176 724 3217 aliquo
744 3176 841 3209 modo
856 3176 971 3208 morati
987 3185 1056 3209 esse
1074 3176 1224 3218 dicimur,

171 3233 261 3266 verbi
278 3242 374 3266 causa
394 3233 540 3267 liberales
553 3259 562 3274 ,
577 3235 657 3276 justi
674 3236 707 3268 et
731 3237 947 3277 temperantes
966 3244 973 3263 :
992 3235 1109 3268 bonam
1133 3235 1225 3268 deni·

171 3302 235 3334 que
256 3292 418 3326 fortunam
440 3293 599 3326 bonorum
609 3319 621 3335 ,
639 3303 713 3336 quae
728 3298 847 3337 praeter
871 3295 1026 3328 rationem
1041 3304 1142 3337 eaque
1162 3304 1226 3328 non

172 3352 321 3386 adbibita
359 3353 570 3394 contingunt,
603 3353 814 3388 affluentiam.
861 3357 968 3394 Quum
999 3354 1095 3395 igitur
1126 3355 1228 3387 virtus

173 3411 303 3452 quidem
328 3413 364 3444 et
385 3412 519 3444 scientia
548 3412 581 3444 in
601 3413 710 3446 nostra
735 3414 893 3455 potestate
910 3413 993 3452 sint,
1017 3412 1099 3445 bona
1119 3414 1227 3446 autem

172 3471 302 3504 fortuna
322 3480 385 3504 non
405 3472 504 3512 item,
529 3472 560 3504 in
582 3472 791 3506 meditatione
821 3482 896 3506 vero
920 3476 949 3506 et
970 3474 1095 3505 actione
1119 3482 1225 3505 rerum

177 3530 383 3564 honestarum
401 3531 461 3564 sita
481 3530 521 3564 sit
540 3531 694 3573 felicitas,
717 3533 947 3574 contemplatio
965 3541 1061 3574 porro
1074 3533 1105 3565 et
1126 3531 1227 3564 actio·
1251 3554 1253 3557 -

1270 376 1337 421 ξεις
1368 375 1552 421 ποτάντεις
1586 375 1650 427 μὲν
1686 370 1790 416 oliam
1836 377 2053 429 λειτουργίαν
2084 377 2144 416 καὶ
2170 378 2328 430 ἀνάγκαν

1272 433 1495 487 ἐπιφέροντι,
1519 435 1700 473 εὐοδοῧσαι
1722 435 1757 473 δὲ
1780 434 1956 486 διαγωγὰν
1973 435 2033 473 καὶ
2054 437 2327 487 εὖδαιμοσύναν·

1269 493 1404 545 γίνεται
1427 492 1462 531 δὲ
1484 496 1597 532 ταῦτα
1618 495 1652 532 ἐν
1681 493 1849 547 εὐτυχίᾳ·
1872 493 2019 546 φανερὸν
2042 493 2094 533 ὅτι
2121 494 2218 534 οὐδὲν
2249 495 2330 535 ἅτε·

1271 551 1328 605 ρόν
1351 553 1421 592 ἕντι
1447 551 1704 604 εὖδαιμοσύνα,
1729 554 1764 590 αἷ
1797 558 1811 576 ³
1839 552 1888 603 μὴ
1918 558 2044 605 χρᾶσις
2065 555 2188 607 ἀρετᾶς
2208 555 2242 593 ἐν
2276 556 2332 593 εὖ·

1270 611 1389 664 τυχίᾳ.

1325 671 1366 724 (³
1389 670 1425 707 αἷ
1440 669 1607 722 scripsi3
1630 670 1743 710 codd.
1764 671 1807 710 εἷ.
1828 671 1839 721 )

1325 728 1367 775 ζ’.
1398 727 1486 767 “Ort
1508 731 1526 767 ὁ
1547 728 1675 780 ἀγαθὸς
1703 728 1793 782 ἀνὴρ
1814 728 1904 768 οὕτω
1934 729 2108 768 διάκειται
2132 732 2208 770 ποτ’
2235 731 2332 770 εὐτυ-

1269 787 1374 841 χίαν,
1394 786 1514 841 ὥσπερ
1534 788 1595 827 καὶ
1615 790 1633 826 ὃ
1653 791 1702 827 τῶ
1725 789 1865 837 σώματι
1882 790 1977 827 κα)
1953 806 1998 833 ως
2015 787 2107 841 ἔχων
2128 805 2187 828 και
2207 792 2331 842 ῥωμα-

1272 848 1400 892 λέο)ς,.
1432 847 1506 886 Και
1527 848 1596 900 γὰρ
1619 851 1748 892 ἐκεῖνος
1770 842 1838 892 οἱός
1858 865 1894 887 τε
1915 865 1977 888 και
1997 849 2128 893 θάλπος
2145 849 2206 887 καὶ
2222 851 2335 903 ψυχος

1273 907 1464 960 υπομένεν,
1502 909 1563 947 και
1590 908 1695 961 βάρος
1722 912 1804 960 ἆραι
1826 908 1940 960 μέγα,
1966 925 2025 948 και
2047 908 2224 954 πολλὰςτ
2207 908 2335 962 ατέρας

1273 969 1423 1020 εὗχερως
1444 966 1618 1018 ὑπομένεν
1639 967 1894 1012 κακοπαθείας.

1326 1026 1376 1073 η’.
1406 1025 1553 1067 Ἐπεὶ
1532 1043 1580 1065 ων
1602 1026 1838 1078 εὖδαιμοσύνα
1874 1033 2002 1080 χρᾶσις
2023 1029 2147 1080 ἀρετας
2170 1029 2206 1066 ἒν
2233 1027 2333 1066 εὔτυ-

1270 1085 1356 1140 χία,
1378 1102 1459 1138 περι
1485 1087 1612 1140 ἀρετᾶς
1641 1103 1702 1125 και
1734 1086 1899 1140 εὐτυχίας
1922 1086 2099 1140 λέγωμες,
2121 1087 2180 1126 καὶ
2199 1095 2333 1141 πρᾶτον

1272 1146 1353 1199 περὶ
1374 1146 1550 1199 εὐτυχίας.
1581 1147 1661 1186 Τῶν
1683 1144 1752 1199 γὰρ
1774 1148 1915 1199 ἀγαθῶν
1933 1146 1954 1185 ἃ
1971 1146 2034 1198 μὲν
2053 1149 2115 1186 οὐκ
2133 1148 2335 1200 ἐπιδεχεται

1273 1204 1494 1257 ὑπερὸολάν,
1511 1199 1622 1245 οἶον’
1603 1206 1739 1259 αρετά,
1762 1222 1801 1245 ου
1821 1205 1888 1258 γάρ
1910 1207 1980 1244 ἐντι
2002 1205 2267 1260 ὗπερὸάλλοισά
2283 1223 2334 1250 τις

1276 1266 1406 1318 ἀρετά,
1433 1281 1494 1304 και
1515 1266 1807 1318 ὑπερέαλλόντως
1827 1281 1877 1309 τις
1907 1265 2054 1317 ἀγαθός·
2077 1267 2100 1305 ἆ
2131 1266 2198 1320 γὰρ
2223 1268 2331 1320 ἀρετὰ

1274 1326 1435 1377 στάθμαν
1457 1323 1531 1377 ἔχει
1549 1325 1589 1364 τὸ
1612 1325 1687 1365 δέον
1699 1357 1709 1374 ,
1732 1326 1792 1365 καί
1812 1327 1883 1364 ἐντι
1899 1328 1949 1364 τῶ
1965 1324 2102 1370 δέοντος
2119 1326 2186 1371 ἕξις
2204 1329 2239 1365 ἐν
2264 1332 2335 1370 τοῖς

1273 1390 1459 1438 πρακτοῖς·
1481 1385 1504 1423 ἃ
1529 1385 1557 1424 δ’
1575 1386 1721 1438 εὐτυχία
1743 1385 1804 1424 καὶ
1825 1386 1888 1424 τᾶν
1908 1385 2111 1439 ὖπερὸολὰν
2134 1385 2336 1438 ἐπιδέχεται

1273 1444 1333 1483 καὶ
1353 1443 1416 1482 τὰν
1436 1442 1574 1495 μῇωσιν
1590 1443 1878 1496 ,ὑπερὲάλλοισα
1897 1444 1932 1482 δὲ
1953 1451 2058 1497 γεννᾷ
2079 1461 2175 1489 τινας
2195 1445 2335 1493 κακίας,

1275 1505 1335 1543 καὶ
1362 1503 1518 1550 ἐξίστησι
1538 1503 1598 1542 τὸν
1625 1504 1808 1556 ἄνθρωπον
1829 1506 1869 1542 ἐκ
1898 1510 1959 1549 τᾶς
1993 1504 2086 1543 κατὰ
2107 1504 2209 1558 φύσιν
2232 1503 2338 1553 ἕξιος,

1275 1564 1366 1603 ὥστε
1386 1563 1556 1607 πολλάκις
1579 1563 1792 1602 ἀντιὸαίνειν
1822 1563 1883 1602 καὶ
1915 1570 1960 1617 τᾷ
1982 1564 2153 1604 συστάσει
2175 1570 2238 1609 τᾶς
2259 1568 2338 1616 ἀρε·
2374 1572 2377 1576 ’

1274 1630 1350 1668 τᾶς.
1412 1623 1481 1662 Καὶ
1497 1623 1535 1662 οὗ
1555 1622 1658 1674 μόνον
1675 1623 1697 1662 ἁ
1715 1621 1880 1674 εὐτυχία,
1900 1622 1990 1661 ἀλλὰ
2007 1622 2067 1661 καὶ
2087 1622 2208 1675 ἅτεραι
2225 1622 2337 1662 αἰτίαι

1275 1683 1431 1727 πλέονες.
1489 1681 1680 1721 Οὐδέποκα
1698 1681 1767 1734 γὰρ
1785 1682 1835 1721 δεῖ
1857 1681 2062 1732 θαυμαίνειν
2085 1681 2163 1733 περὶ
2181 1681 2244 1732 μὲν
2265 1683 2337 1720 αὖ-

1274 1741 1423 1781 ὶατικαν
1460 1735 1552 1791 ἠμέν
1574 1757 1669 1786 τινας
1705 1742 1894 1787 ἀλαζόνας,
1931 1739 1964 1779 οἳ
1990 1740 2034 1778 τὰ
2060 1741 2139 1779 ποτ’
2166 1740 2332 1779 ἀλάθειαν

1277 1801 1440 1844 ἐάσαντες
1460 1801 1638 1854 φαντασία
1660 1816 1726 1839 τινι
1740 1800 1860 1861 ψευδεῖ
1881 1798 1948 1844 τὼς
1970 1798 2122 1848 ἀμώσως
2143 1799 2319 1852 αἱρεόντιιί
2324 1830 2334 1847 ,

1274 1876 1355 1913 περι
1384 1859 1419 1898 δὲ
1440 1860 1502 1899 τὰν
1525 1860 1654 1913 ἀρετὰν
1683 1859 1732 1911 μὴ
1765 1862 1854 1909 ἠμεν
1875 1873 1915 1898 το
1932 1861 2088 1898 τοιοῦτον
2108 1858 2205 1911 γένος
2219 1889 2229 1907 ,
2254 1859 2333 1898 ἀλλ

1275 1919 1347 1958 ὅσω
1368 1935 1434 1973 περ
1467 1918 1674 1972 σεμνότερόν
1698 1920 1788 1965 ἐντι,
1807 1916 1962 1971 τοσούτῳ
1986 1916 2047 1957 καὶ
2070 1917 2110 1956 τὸ
2140 1932 2339 1957 ποτιποιου·

1279 1994 1381 2029 μενον
1401 1978 1482 2031 περὶ
1505 1978 1615 2017 αὐτὰν
1636 1977 1742 2018 πλέον
1763 1973 1851 2029 ἦμεν
1872 1977 1982 2030 γένος.
2023 1976 2147 2017 Πολλὰ
2172 1977 2240 2030 γάρ
2261 1978 2330 2015 ἐντι

1276 2119 1351 2150 nes,
1370 2110 1402 2142 in
1426 2110 1653 2152 asperitatibus
1677 2119 1785 2142 rerum
1806 2109 2020 2142 ministerium
2044 2110 2077 2141 et
2093 2109 2333 2147 necessitatem,

1278 2170 1308 2202 in
1331 2178 1484 2202 successu
1511 2169 1755 2202 delectationem
1781 2171 1813 2202 et
1841 2169 2027 2201 felicitatem
2051 2169 2210 2207 asserant,
2234 2176 2337 2209 eaque
2368 2183 2371 2186 ·

1278 2230 1311 2262 in
1328 2238 1479 2271 prospera
1495 2229 1621 2262 t‘ortuna
1638 2229 1717 2262 fiant
1733 2243 1741 2262 ι
1759 2230 1847 2271 patet
1863 2228 1940 2260 nibil
1954 2228 2038 2260 aliud
2050 2237 2117 2261 esse
2135 2227 2333 2267 felicitatem,
2383 2233 2386 2235 ·

1279 2297 1379 2329 quam
1395 2297 1490 2321 usum
1507 2288 1637 2321 virtutis
1655 2289 1686 2320 in
1704 2288 1799 2321 rebus
1813 2287 1975 2320 secundis.

1322 2350 1396 2380 Vll.
1421 2350 1530 2381 Bonus
1555 2348 1605 2380 vir
1634 2348 1681 2380 sic
1709 2348 1844 2380 affectus
1866 2348 1914 2380 est
1936 2355 2011 2387 erga
2031 2346 2191 2379 fortunam
2218 2355 2331 2378 secun-

1279 2408 1353 2439 dam
1366 2431 1375 2447 ,
1393 2408 1429 2439 ut
1443 2406 1470 2439 is
1486 2407 1542 2447 qui
1571 2406 1696 2447 integro
1716 2407 1765 2438 est
1781 2415 1916 2447 corpore
1930 2407 1962 2438 et
1978 2404 2104 2437 viribus
2118 2405 2228 2446 pollet.
2274 2407 2334 2436 Ta-

1280 2466 1317 2498 lis
1334 2466 1420 2498 enim
1438 2465 1471 2498 et
1490 2466 1606 2498 oestum
1630 2467 1662 2498 et
1683 2465 1782 2506 frigus
1807 2466 1913 2506 potest
1934 2465 2069 2497 tolerare
2086 2464 2118 2497 et
2141 2463 2266 2505 pondus
2284 2465 2334 2495 at-

1286 2526 1398 2557 tollere
1419 2525 1531 2565 ingens
1550 2526 1733 2566 multasque
1752 2524 1830 2557 alias
1849 2524 1939 2557 facile
1960 2524 2099 2565 perferre
2114 2532 2289 2555 aerumnas.

1324 2587 1410 2617 Vlll.
1436 2585 1518 2617 Cum
1540 2583 1636 2625 igitur
1666 2584 1801 2616 beatitas
1831 2593 1909 2616 usus
1927 2583 1966 2616 sit
1997 2583 2128 2615 virtutis
2148 2582 2180 2614 in
2210 2582 2335 2614 fortuna

1280 2646 1364 2678 bona
1378 2670 1387 2686 ‚
1411 2646 1451 2679 de
1467 2646 1587 2678 virtute
1603 2646 1635 2678 et
1654 2645 1737 2677 bona
1754 2645 1880 2677 fortuna
1897 2645 2044 2677 dicamus
2056 2669 2065 2683 ‚
2085 2653 2119 2676 ac
2136 2642 2239 2685 primo
2263 2644 2335 2683 qui-

1280 2706 1353 2737 dem
1377 2705 1416 2737 de
1435 2705 1655 2746 prosperitate.
1701 2705 1827 2745 Quippe
1847 2704 2005 2736 bonorum
2031 2703 2181 2744 quaedam
2198 2712 2261 2735 non
2279 2703 2336 2734 ad·

1282 2765 1417 2796 mittunt
1454 2763 1734 2805 exsuperantiam,
1760 2763 1798 2794 ut
1831 2762 1945 2795 virtus.
1990 2763 2062 2794 Non
2088 2761 2173 2793 enirn
2201 2763 2250 2792 est
2272 2760 2336 2792 ulla

1281 2823 1386 2855 virtus
1402 2832 1476 2864 quae
1498 2821 1632 2855 modum
1655 2821 1792 2854 excedat
1807 2823 1864 2854 aut
1879 2821 2052 2863 quisquam
2072 2820 2167 2852 nimis
2192 2819 2295 2851 bonus
2327 2832 2334 2851 ι

1281 2892 1356 2915 nam
1382 2882 1487 2914 virtus
1517 2890 1662 2914 normam
1687 2880 1784 2913 habet
1811 2880 1983 2920 decorum,
2022 2880 2134 2920 estque
2164 2878 2269 2910 decori
2301 2877 2333 2909 in

1284 2943 1380 2975 rebus
1404 2941 1538 2983 agendis
1566 2940 1700 2973 babitus
1723 2950 1731 2972 :
1748 2948 1902 2982 prospera
1922 2940 2033 2971 autem
2048 2939 2174 2970 fortuna
2188 2939 2219 2969 et
2239 2945 2334 2969 exsu-

1284 3001 1462 3043 perantiam
1479 2999 1620 3032 admittit
1638 3004 1670 3032 et
1686 2999 1865 3038 detectum,
1890 2998 2087 3038 modumque
2109 2997 2267 3028 transiens
2293 2995 2335 3035 gi-

1281 3061 1348 3102 gnit
1364 3060 1512 3101 quaedam
1535 3059 1611 3091 vitia
1639 3059 1736 3100 atque
1754 3057 1917 3090 hommem
1937 3066 1955 3089 a
1976 3055 2110 3088 naturali
2128 3054 2238 3087 babitu
2261 3053 2336 3086 abs-

1283 3119 1396 3159 trahit,
1427 3118 1472 3151 ita
1502 3121 1539 3152 ut
1570 3118 1699 3151 virtutis
1734 3126 1863 3159 quoque
1893 3115 2080 3148 substantiae
2115 3121 2337 3154 saepenumero

1283 3179 1490 3212 adversetur.
1539 3180 1604 3212 Nec
1630 3178 1735 3210 solum
1754 3186 1804 3210 res
1826 3176 1990 3214 florentes,
2009 3182 2120 3207 verum
2146 3173 2243 3206 etiam
2267 3171 2339 3205 aliae

1285 3247 1393 3270 causae
1407 3226 1589 3279 complures
1605 3236 1635 3269 id
1660 3236 1792 3269 faciunt.
1838 3237 1950 3275 Neque
1968 3232 2053 3265 euim
2070 3241 2214 3273 unquam
2230 3231 2337 3264 mirari

1284 3298 1412 3339 oportet
1441 3306 1542 3340 quum
1570 3297 1653 3330 inter
1682 3296 1828 3330 tibicines
1854 3294 1984 3336 quidam
2011 3294 2211 3334 reperiantur
2235 3293 2339 3324 osten-

1286 3357 1408 3388 tatores
1432 3356 1488 3397 qui
1510 3364 1586 3388 vera
1607 3357 1676 3389 arte
1695 3355 1840 3395 neglecta
1858 3353 1934 3385 salsa
1950 3352 2088 3394 quadam
2109 3351 2177 3392 ejus
2201 3349 2339 3391 imagine

1287 3415 1451 3456 imperitos
1467 3416 1618 3457 captent,
1643 3414 1720 3447 nihil
1734 3414 1805 3454 ejus
1818 3412 1941 3454 generis
1957 3411 2039 3444 inter
2057 3410 2185 3443 virtutis
2203 3408 2340 3441 cultores

1289 3483 1376 3514 esse,
1402 3473 1456 3506 sed
1477 3483 1542 3515 quo
1563 3482 1613 3506 res
1640 3473 1767 3514 gravior
1793 3472 1834 3504 sit
1855 3471 1972 3511 virtus,
1996 3479 2034 3502 eo
2055 3470 2145 3511 plura
2172 3477 2246 3510 qum
2277 3467 2340 3499 sibi

1287 3532 1451 3565 vindicent
1466 3541 1536 3565 eam
1560 3541 1629 3565 esse
1649 3540 1774 3572 genera.
1823 3530 1927 3564 Multa
1944 3529 2028 3562 enim
2043 3530 2118 3561 sunt
2143 3537 2215 3569 quae
2234 3526 2337 3559 virtu-
