<?xml version="1.0" encoding="UTF-8"?>
<!DOCTYPE html PUBLIC "-//W3C//DTD XHTML 1.0 Transitional//EN"
    "http://www.w3.org/TR/xhtml1/DTD/xhtml1-transitional.dtd">
<html xmlns="http://www.w3.org/1999/xhtml" xml:lang="en" lang="en">
 <head>
  <title>
</title>
<meta http-equiv="Content-Type" content="text/html;charset=utf-8" />
  <meta name='ocr-system' content='tesseract 3.04.00' />
  <meta name='ocr-capabilities' content='ocr_page ocr_carea ocr_par ocr_line ocrx_word'/>
</head>
<body>
  <div class='ocr_page' id='page_1' title='image "./fragmentaphiloso01mulluoft_0543.png"; bbox 0 0 2612 3814; ppageno 0'>
   <div class='ocr_carea' id='block_1_1' title="bbox 0 0 91 3814">
    <p class='ocr_par' dir='ltr' id='par_1_1' title="bbox 0 0 91 3814">
     <span class='ocr_line' id='line_1_1' title="bbox 0 0 91 3814; baseline 0 0"><span class='ocrx_word' id='word_1_1' title='bbox 0 0 91 3814; x_wconf 95' lang='lat' dir='ltr'><strong> </strong></span> 
     </span>
    </p>
   </div>
   <div class='ocr_carea' id='block_1_2' title="bbox 1052 306 1464 349">
    <p class='ocr_par' dir='ltr' id='par_1_2' title="bbox 1052 306 1464 349">
     <span class='ocr_line' id='line_1_2' title="bbox 1052 306 1464 349; baseline 0.002 -4"><span class='ocrx_word' id='word_1_2' title='bbox 1052 306 1464 349; x_wconf 80' lang='lat' dir='ltr'>SIMILI&#39;IUDINES.</span> 
     </span>
    </p>
   </div>
   <div class='ocr_carea' id='block_1_3' title="bbox 245 391 1233 2293">
    <p class='ocr_par' dir='ltr' id='par_1_3' title="bbox 250 391 1229 623">
     <span class='ocr_line' id='line_1_3' title="bbox 250 391 1227 447; baseline 0.001 -15"><span class='ocrx_word' id='word_1_3' title='bbox 250 393 440 447; x_wconf 81' lang='grc' dir='ltr'>γεωργίας·</span> <span class='ocrx_word' id='word_1_4' title='bbox 477 409 496 432; x_wconf 88' lang='grc' dir='ltr'><strong>ο</strong></span> <span class='ocrx_word' id='word_1_5' title='bbox 540 391 603 443; x_wconf 83' lang='grc' dir='ltr'><strong>μὲν</strong></span> <span class='ocrx_word' id='word_1_6' title='bbox 621 392 692 446; x_wconf 79' lang='grc' dir='ltr'><strong>γὰρ</strong></span> <span class='ocrx_word' id='word_1_7' title='bbox 713 399 825 444; x_wconf 81' lang='grc' dir='ltr'>γονεῖς</span> <span class='ocrx_word' id='word_1_8' title='bbox 857 393 918 432; x_wconf 83' lang='grc' dir='ltr'><strong>καὶ</strong></span> <span class='ocrx_word' id='word_1_9' title='bbox 942 394 1092 447; x_wconf 78' lang='grc' dir='ltr'>γεωργοὶ</span> <span class='ocrx_word' id='word_1_10' title='bbox 1121 393 1227 433; x_wconf 87' lang='grc' dir='ltr'>αἴτιοί</span> 
     </span>
     <span class='ocr_line' id='line_1_4' title="bbox 251 451 1229 507; baseline 0 -15"><span class='ocrx_word' id='word_1_11' title='bbox 251 454 319 492; x_wconf 83' lang='grc' dir='ltr'>εἶσι</span> <span class='ocrx_word' id='word_1_12' title='bbox 338 456 398 492; x_wconf 76' lang='grc' dir='ltr'><strong>τοῦ</strong></span> <span class='ocrx_word' id='word_1_13' title='bbox 416 455 477 501; x_wconf 81' lang='grc' dir='ltr'><strong>ζῆν</strong></span> <span class='ocrx_word' id='word_1_14' title='bbox 497 456 610 503; x_wconf 85' lang='grc' dir='ltr'>ἡμᾶς,</span> <span class='ocrx_word' id='word_1_15' title='bbox 630 453 662 491; x_wconf 83' lang='grc' dir='ltr'><strong>οἱ</strong></span> <span class='ocrx_word' id='word_1_16' title='bbox 679 451 716 491; x_wconf 79' lang='grc' dir='ltr'>δὲ</span> <span class='ocrx_word' id='word_1_17' title='bbox 737 452 924 507; x_wconf 83' lang='grc' dir='ltr'>φιλόσοφοι</span> <span class='ocrx_word' id='word_1_18' title='bbox 957 453 1017 492; x_wconf 81' lang='grc' dir='ltr'><strong>καὶ</strong></span> <span class='ocrx_word' id='word_1_19' title='bbox 1041 454 1229 492; x_wconf 78' lang='grc' dir='ltr'>παιδευταὶ</span> 
     </span>
     <span class='ocr_line' id='line_1_5' title="bbox 250 507 1228 566; baseline 0.001 -15"><span class='ocrx_word' id='word_1_20' title='bbox 250 515 311 551; x_wconf 80' lang='grc' dir='ltr'><strong>τοῦ</strong></span> <span class='ocrx_word' id='word_1_21' title='bbox 333 507 370 551; x_wconf 68' lang='grc' dir='ltr'><strong>εὖ</strong></span> <span class='ocrx_word' id='word_1_22' title='bbox 389 514 451 560; x_wconf 81' lang='grc' dir='ltr'><strong>ζῆν</strong></span> <span class='ocrx_word' id='word_1_23' title='bbox 482 511 543 551; x_wconf 85' lang='grc' dir='ltr'><strong>καὶ</strong></span> <span class='ocrx_word' id='word_1_24' title='bbox 574 514 771 565; x_wconf 75' lang='grc' dir='ltr'>φρονῆσαι,</span> <span class='ocrx_word' id='word_1_25' title='bbox 804 512 869 560; x_wconf 77' lang='grc' dir='ltr'><strong>τὴν</strong></span> <span class='ocrx_word' id='word_1_26' title='bbox 889 512 993 566; x_wconf 85' lang='grc' dir='ltr'>ὀρθὴν</span> <span class='ocrx_word' id='word_1_27' title='bbox 1024 512 1228 565; x_wconf 79' lang='grc' dir='ltr'>οἰκονομίαν</span> 
     </span>
     <span class='ocr_line' id='line_1_6' title="bbox 251 570 421 623; baseline 0.012 -14"><span class='ocrx_word' id='word_1_28' title='bbox 251 570 421 623; x_wconf 77' lang='grc' dir='ltr'>εὑρόντες.</span> 
     </span>
    </p>

    <p class='ocr_par' dir='ltr' id='par_1_4' title="bbox 250 630 1230 981">
     <span class='ocr_line' id='line_1_7' title="bbox 309 630 1223 685; baseline 0.001 -16"><span class='ocrx_word' id='word_1_29' title='bbox 309 630 580 682; x_wconf 84' lang='lat' dir='ltr'><strong>(Jamblichus</strong></span> <span class='ocrx_word' id='word_1_30' title='bbox 600 631 649 670; x_wconf 89' lang='lat' dir='ltr'><strong>de</strong></span> <span class='ocrx_word' id='word_1_31' title='bbox 668 632 741 671; x_wconf 87' lang='lat' dir='ltr'><strong>vit.</strong></span> <span class='ocrx_word' id='word_1_32' title='bbox 769 633 935 684; x_wconf 86' lang='lat' dir='ltr'><strong>Pythag.</strong></span> <span class='ocrx_word' id='word_1_33' title='bbox 956 646 1043 685; x_wconf 87' lang='lat' dir='ltr'><strong>cap.</strong></span> <span class='ocrx_word' id='word_1_34' title='bbox 1065 631 1223 672; x_wconf 90' lang='lat' dir='ltr'>XXXIV</span> 
     </span>
     <span class='ocr_line' id='line_1_8' title="bbox 252 691 722 744; baseline 0.009 -16"><span class='ocrx_word' id='word_1_35' title='bbox 252 704 340 742; x_wconf 86' lang='lat' dir='ltr'><strong>pag.</strong></span> <span class='ocrx_word' id='word_1_36' title='bbox 361 692 437 736; x_wconf 85' lang='grc'><strong>480</strong></span> <span class='ocrx_word' id='word_1_37' title='bbox 459 691 523 731; x_wconf 91' lang='lat' dir='ltr'><strong>ed.</strong></span> <span class='ocrx_word' id='word_1_38' title='bbox 548 692 692 732; x_wconf 87' lang='lat' dir='ltr'><strong>Kiessl.</strong></span> <span class='ocrx_word' id='word_1_39' title='bbox 710 691 722 744; x_wconf 94' lang='lat'>)</span> 
     </span>
     <span class='ocr_line' id='line_1_9' title="bbox 250 750 1229 805; baseline 0.001 -15"><span class='ocrx_word' id='word_1_40' title='bbox 250 750 402 801; x_wconf 81' lang='grc' dir='ltr'>Φεύγειν</span> <span class='ocrx_word' id='word_1_41' title='bbox 423 750 488 800; x_wconf 83' lang='grc' dir='ltr'><strong>μὲν</strong></span> <span class='ocrx_word' id='word_1_42' title='bbox 508 751 548 790; x_wconf 86' lang='grc' dir='ltr'>τὸ</span> <span class='ocrx_word' id='word_1_43' title='bbox 567 750 698 800; x_wconf 87' lang='grc' dir='ltr'>κακόν,</span> <span class='ocrx_word' id='word_1_44' title='bbox 726 752 888 805; x_wconf 76' lang='grc' dir='ltr'>ἰχνεῦσαι</span> <span class='ocrx_word' id='word_1_45' title='bbox 923 751 959 790; x_wconf 82' lang='grc' dir='ltr'>δὲ</span> <span class='ocrx_word' id='word_1_46' title='bbox 979 751 1040 791; x_wconf 83' lang='grc' dir='ltr'><strong>καὶ</strong></span> <span class='ocrx_word' id='word_1_47' title='bbox 1070 753 1161 791; x_wconf 82' lang='grc' dir='ltr'>ἑλεῖν</span> <span class='ocrx_word' id='word_1_48' title='bbox 1188 751 1229 791; x_wconf 81' lang='grc' dir='ltr'>τὸ</span> 
     </span>
     <span class='ocr_line' id='line_1_10' title="bbox 250 805 1230 863; baseline 0.002 -15"><span class='ocrx_word' id='word_1_49' title='bbox 250 809 393 849; x_wconf 84' lang='grc' dir='ltr'>πάντων</span> <span class='ocrx_word' id='word_1_50' title='bbox 415 811 573 863; x_wconf 84' lang='grc' dir='ltr'>ἄριστον,</span> <span class='ocrx_word' id='word_1_51' title='bbox 587 811 647 851; x_wconf 72' lang='grc' dir='ltr'><strong>καὶ</strong></span> <span class='ocrx_word' id='word_1_52' title='bbox 662 811 787 851; x_wconf 82' lang='grc' dir='ltr'>ἑλόντα</span> <span class='ocrx_word' id='word_1_53' title='bbox 804 805 848 850; x_wconf 74' lang='grc' dir='ltr'><strong>αῧ</strong></span> <span class='ocrx_word' id='word_1_54' title='bbox 868 814 966 863; x_wconf 78' lang='grc' dir='ltr'>κοινῇ</span> <span class='ocrx_word' id='word_1_55' title='bbox 987 811 1155 856; x_wconf 82' lang='grc' dir='ltr'>ξυνοικεῖν</span> <span class='ocrx_word' id='word_1_56' title='bbox 1170 811 1230 850; x_wconf 83' lang='grc' dir='ltr'><strong>τὸν</strong></span> 
     </span>
     <span class='ocr_line' id='line_1_11' title="bbox 250 868 1230 921; baseline 0.002 -14"><span class='ocrx_word' id='word_1_57' title='bbox 250 868 429 909; x_wconf 80' lang='grc' dir='ltr'>ἐπίλοιπον</span> <span class='ocrx_word' id='word_1_58' title='bbox 447 869 521 921; x_wconf 78' lang='grc' dir='ltr'>βίον</span> <span class='ocrx_word' id='word_1_59' title='bbox 535 881 544 891; x_wconf 93' lang='grc'>·</span> <span class='ocrx_word' id='word_1_60' title='bbox 562 873 665 909; x_wconf 74' lang='grc' dir='ltr'>τοῦτο</span> <span class='ocrx_word' id='word_1_61' title='bbox 683 870 719 909; x_wconf 84' lang='grc' dir='ltr'>δὲ</span> <span class='ocrx_word' id='word_1_62' title='bbox 737 871 834 910; x_wconf 82' lang='grc' dir='ltr'>οὐδὲν</span> <span class='ocrx_word' id='word_1_63' title='bbox 857 871 942 910; x_wconf 87' lang='grc' dir='ltr'>ἄλλο</span> <span class='ocrx_word' id='word_1_64' title='bbox 960 870 1055 911; x_wconf 83' lang='grc' dir='ltr'>ἐστίν</span> <span class='ocrx_word' id='word_1_65' title='bbox 1069 902 1079 920; x_wconf 87' lang='grc'>,</span> <span class='ocrx_word' id='word_1_66' title='bbox 1095 870 1118 918; x_wconf 84' lang='grc' dir='ltr'>ἢ</span> <span class='ocrx_word' id='word_1_67' title='bbox 1136 870 1230 910; x_wconf 88' lang='grc' dir='ltr'>δεόν-</span> 
     </span>
     <span class='ocr_line' id='line_1_12' title="bbox 250 930 558 981; baseline 0 -15"><span class='ocrx_word' id='word_1_68' title='bbox 250 944 318 973; x_wconf 85' lang='grc' dir='ltr'><strong>τως</strong></span> <span class='ocrx_word' id='word_1_69' title='bbox 339 930 558 981; x_wconf 79' lang='grc' dir='ltr'>φιλοσοφεῖν.</span> 
     </span>
    </p>

    <p class='ocr_par' dir='ltr' id='par_1_5' title="bbox 250 988 1231 1338">
     <span class='ocr_line' id='line_1_13' title="bbox 306 988 1231 1042; baseline -0.002 -15"><span class='ocrx_word' id='word_1_70' title='bbox 306 988 576 1042; x_wconf 88' lang='lat' dir='ltr'><strong>(Jamblichus</strong></span> <span class='ocrx_word' id='word_1_71' title='bbox 607 989 779 1029; x_wconf 75' lang='lat' dir='ltr'><strong>Adhort.</strong></span> <span class='ocrx_word' id='word_1_72' title='bbox 811 990 861 1028; x_wconf 86' lang='lat' dir='ltr'><strong>ad</strong></span> <span class='ocrx_word' id='word_1_73' title='bbox 899 990 1044 1042; x_wconf 89' lang='lat' dir='ltr'><strong>philos.</strong></span> <span class='ocrx_word' id='word_1_74' title='bbox 1078 1003 1166 1041; x_wconf 86' lang='lat' dir='ltr'><strong>cap.</strong></span> <span class='ocrx_word' id='word_1_75' title='bbox 1201 988 1231 1025; x_wconf 89' lang='lat' dir='ltr'>V</span> 
     </span>
     <span class='ocr_line' id='line_1_14' title="bbox 252 1048 689 1099; baseline 0.002 -13"><span class='ocrx_word' id='word_1_76' title='bbox 252 1061 339 1099; x_wconf 86' lang='lat' dir='ltr'><strong>pag.</strong></span> <span class='ocrx_word' id='word_1_77' title='bbox 365 1049 415 1087; x_wconf 92' lang='grc'><strong>80</strong></span> <span class='ocrx_word' id='word_1_78' title='bbox 435 1048 497 1090; x_wconf 88' lang='lat' dir='ltr'><strong>ed.</strong></span> <span class='ocrx_word' id='word_1_79' title='bbox 518 1048 689 1099; x_wconf 87' lang='lat' dir='ltr'><strong>Kiessl.)</strong></span> 
     </span>
     <span class='ocr_line' id='line_1_15' title="bbox 250 1107 1231 1160; baseline -0.001 -14"><span class='ocrx_word' id='word_1_80' title='bbox 250 1107 385 1160; x_wconf 80' lang='grc' dir='ltr'>Σχεδὸν</span> <span class='ocrx_word' id='word_1_81' title='bbox 402 1113 478 1152; x_wconf 89' lang='grc' dir='ltr'>ταῖς</span> <span class='ocrx_word' id='word_1_82' title='bbox 499 1110 658 1158; x_wconf 84' lang='grc' dir='ltr'>ἀγωγαῖς</span> <span class='ocrx_word' id='word_1_83' title='bbox 675 1107 900 1160; x_wconf 81' lang='grc' dir='ltr'>διαφέρουσιν</span> <span class='ocrx_word' id='word_1_84' title='bbox 920 1110 951 1147; x_wconf 78' lang='grc' dir='ltr'><strong>οἱ</strong></span> <span class='ocrx_word' id='word_1_85' title='bbox 970 1107 1033 1158; x_wconf 84' lang='grc' dir='ltr'><strong>μὲν</strong></span> <span class='ocrx_word' id='word_1_86' title='bbox 1053 1108 1231 1160; x_wconf 76' lang='grc' dir='ltr'>ἄνθρωποι</span> 
     </span>
     <span class='ocr_line' id='line_1_16' title="bbox 251 1166 1229 1221; baseline -0.001 -16"><span class='ocrx_word' id='word_1_87' title='bbox 251 1170 319 1206; x_wconf 81' lang='grc' dir='ltr'><strong>τῶν</strong></span> <span class='ocrx_word' id='word_1_88' title='bbox 341 1167 469 1219; x_wconf 78' lang='grc' dir='ltr'>θηρίων</span> <span class='ocrx_word' id='word_1_89' title='bbox 483 1197 494 1215; x_wconf 86' lang='grc'>,</span> <span class='ocrx_word' id='word_1_90' title='bbox 513 1169 546 1206; x_wconf 78' lang='grc' dir='ltr'><strong>οἱ</strong></span> <span class='ocrx_word' id='word_1_91' title='bbox 563 1166 600 1205; x_wconf 80' lang='grc' dir='ltr'>δὲ</span> <span class='ocrx_word' id='word_1_92' title='bbox 616 1166 791 1214; x_wconf 67' lang='grc' dir='ltr'>’Έλληνες</span> <span class='ocrx_word' id='word_1_93' title='bbox 811 1170 880 1206; x_wconf 78' lang='grc' dir='ltr'><strong>τῶν</strong></span> <span class='ocrx_word' id='word_1_94' title='bbox 903 1167 1092 1221; x_wconf 74' lang='grc' dir='ltr'>βαρὸάρων</span> <span class='ocrx_word' id='word_1_95' title='bbox 1107 1197 1116 1214; x_wconf 94' lang='grc'>,</span> <span class='ocrx_word' id='word_1_96' title='bbox 1134 1168 1166 1205; x_wconf 78' lang='grc' dir='ltr'><strong>οἱ</strong></span> <span class='ocrx_word' id='word_1_97' title='bbox 1194 1167 1229 1205; x_wconf 83' lang='grc' dir='ltr'>δὲ</span> 
     </span>
     <span class='ocr_line' id='line_1_17' title="bbox 251 1226 1228 1282; baseline 0.002 -19"><span class='ocrx_word' id='word_1_98' title='bbox 251 1226 423 1280; x_wconf 85' lang='grc' dir='ltr'>ἐλεύθεροι</span> <span class='ocrx_word' id='word_1_99' title='bbox 443 1229 510 1265; x_wconf 87' lang='grc' dir='ltr'><strong>τῶν</strong></span> <span class='ocrx_word' id='word_1_100' title='bbox 540 1227 704 1275; x_wconf 77' lang='grc' dir='ltr'>οἰκετῶν,</span> <span class='ocrx_word' id='word_1_101' title='bbox 738 1229 770 1265; x_wconf 82' lang='grc' dir='ltr'><strong>οἱ</strong></span> <span class='ocrx_word' id='word_1_102' title='bbox 808 1227 844 1266; x_wconf 80' lang='grc' dir='ltr'>δὲ</span> <span class='ocrx_word' id='word_1_103' title='bbox 861 1228 1048 1282; x_wconf 70' lang='grc' dir='ltr'>φιλόσοφοι</span> <span class='ocrx_word' id='word_1_104' title='bbox 1073 1229 1143 1266; x_wconf 83' lang='grc' dir='ltr'><strong>τῶν</strong></span> <span class='ocrx_word' id='word_1_105' title='bbox 1164 1243 1228 1265; x_wconf 84' lang='grc' dir='ltr'>τυ·-</span> 
     </span>
     <span class='ocr_line' id='line_1_18' title="bbox 251 1284 401 1338; baseline 0.013 -15"><span class='ocrx_word' id='word_1_106' title='bbox 251 1284 401 1338; x_wconf 82' lang='grc' dir='ltr'>χόντων.</span> 
     </span>
    </p>

    <p class='ocr_par' dir='ltr' id='par_1_6' title="bbox 245 1345 1233 1875">
     <span class='ocr_line' id='line_1_19' title="bbox 309 1345 1224 1398; baseline 0.001 -15"><span class='ocrx_word' id='word_1_107' title='bbox 309 1345 573 1397; x_wconf 85' lang='lat' dir='ltr'><strong>(Jamblichus</strong></span> <span class='ocrx_word' id='word_1_108' title='bbox 607 1346 655 1384; x_wconf 90' lang='lat' dir='ltr'><strong>de</strong></span> <span class='ocrx_word' id='word_1_109' title='bbox 688 1345 770 1384; x_wconf 85' lang='lat' dir='ltr'><strong>vita</strong></span> <span class='ocrx_word' id='word_1_110' title='bbox 806 1345 974 1397; x_wconf 85' lang='lat' dir='ltr'><strong>Pythag.</strong></span> <span class='ocrx_word' id='word_1_111' title='bbox 1009 1360 1094 1398; x_wconf 88' lang='lat' dir='ltr'><strong>cap.</strong></span> <span class='ocrx_word' id='word_1_112' title='bbox 1132 1346 1224 1384; x_wconf 91' lang='lat' dir='ltr'>VIII</span> 
     </span>
     <span class='ocr_line' id='line_1_20' title="bbox 255 1403 687 1457; baseline 0 -14"><span class='ocrx_word' id='word_1_113' title='bbox 255 1418 344 1457; x_wconf 85' lang='lat' dir='ltr'>pag.</span> <span class='ocrx_word' id='word_1_114' title='bbox 361 1418 412 1455; x_wconf 92' lang='lat'><strong>90</strong></span> <span class='ocrx_word' id='word_1_115' title='bbox 428 1404 491 1444; x_wconf 90' lang='lat' dir='ltr'><strong>ed.</strong></span> <span class='ocrx_word' id='word_1_116' title='bbox 515 1405 659 1443; x_wconf 86' lang='lat' dir='ltr'><strong>Kiessl.</strong></span> <span class='ocrx_word' id='word_1_117' title='bbox 678 1403 687 1454; x_wconf 83' lang='lat'>)</span> 
     </span>
     <span class='ocr_line' id='line_1_21' title="bbox 245 1462 1233 1516; baseline 0 -13"><span class='ocrx_word' id='word_1_118' title='bbox 245 1462 452 1515; x_wconf 83' lang='grc' dir='ltr'>Ἀναγκαῖόν</span> <span class='ocrx_word' id='word_1_119' title='bbox 468 1465 543 1502; x_wconf 86' lang='grc' dir='ltr'>ε’στι</span> <span class='ocrx_word' id='word_1_120' title='bbox 563 1466 612 1516; x_wconf 82' lang='grc' dir='ltr'>τῷ</span> <span class='ocrx_word' id='word_1_121' title='bbox 637 1465 700 1515; x_wconf 86' lang='grc' dir='ltr'><strong>μὲν</strong></span> <span class='ocrx_word' id='word_1_122' title='bbox 722 1463 978 1514; x_wconf 80' lang='grc' dir='ltr'>ἀνεπιστήμονι</span> <span class='ocrx_word' id='word_1_123' title='bbox 998 1463 1186 1515; x_wconf 82' lang='grc' dir='ltr'>μανθάνειν</span> <span class='ocrx_word' id='word_1_124' title='bbox 1211 1465 1233 1502; x_wconf 81' lang='grc' dir='ltr'>ἃ</span> 
     </span>
     <span class='ocr_line' id='line_1_22' title="bbox 250 1522 1228 1578; baseline 0.002 -17"><span class='ocrx_word' id='word_1_125' title='bbox 250 1523 418 1576; x_wconf 77' lang='grc' dir='ltr'>τυγχάνει</span> <span class='ocrx_word' id='word_1_126' title='bbox 439 1526 574 1576; x_wconf 84' lang='grc' dir='ltr'>ἀγνοῶν</span> <span class='ocrx_word' id='word_1_127' title='bbox 595 1539 634 1562; x_wconf 90' lang='grc' dir='ltr'><strong>τε</strong></span> <span class='ocrx_word' id='word_1_128' title='bbox 654 1522 716 1563; x_wconf 85' lang='grc' dir='ltr'><strong>καὶ</strong></span> <span class='ocrx_word' id='word_1_129' title='bbox 742 1524 806 1562; x_wconf 80' lang='grc' dir='ltr'><strong>οὐκ</strong></span> <span class='ocrx_word' id='word_1_130' title='bbox 832 1523 1067 1574; x_wconf 82' lang='grc' dir='ltr'>ἐπιστάμενος</span> <span class='ocrx_word' id='word_1_131' title='bbox 1080 1553 1091 1572; x_wconf 89' lang='grc'>,</span> <span class='ocrx_word' id='word_1_132' title='bbox 1121 1527 1172 1578; x_wconf 85' lang='grc' dir='ltr'>τῷ</span> <span class='ocrx_word' id='word_1_133' title='bbox 1193 1524 1228 1563; x_wconf 81' lang='grc' dir='ltr'>δὲ</span> 
     </span>
     <span class='ocr_line' id='line_1_23' title="bbox 254 1583 1230 1637; baseline 0.002 -16"><span class='ocrx_word' id='word_1_134' title='bbox 254 1584 465 1634; x_wconf 86' lang='grc' dir='ltr'>μανθάνοντι</span> <span class='ocrx_word' id='word_1_135' title='bbox 483 1583 671 1637; x_wconf 82' lang='grc' dir='ltr'>προσέχειν</span> <span class='ocrx_word' id='word_1_136' title='bbox 687 1586 731 1636; x_wconf 83' lang='grc' dir='ltr'>τῇ</span> <span class='ocrx_word' id='word_1_137' title='bbox 751 1586 810 1622; x_wconf 77' lang='grc' dir='ltr'><strong>τοῦ</strong></span> <span class='ocrx_word' id='word_1_138' title='bbox 839 1583 1075 1633; x_wconf 79' lang='grc' dir='ltr'>ἐπισταμένου</span> <span class='ocrx_word' id='word_1_139' title='bbox 1106 1600 1144 1622; x_wconf 84' lang='grc' dir='ltr'><strong>τε</strong></span> <span class='ocrx_word' id='word_1_140' title='bbox 1170 1584 1230 1623; x_wconf 76' lang='grc' dir='ltr'><strong>καὶ</strong></span> 
     </span>
     <span class='ocr_line' id='line_1_24' title="bbox 251 1642 1229 1696; baseline 0.001 -16"><span class='ocrx_word' id='word_1_141' title='bbox 251 1642 388 1688; x_wconf 83' lang='grc' dir='ltr'>διδάξαι</span> <span class='ocrx_word' id='word_1_142' title='bbox 409 1642 603 1693; x_wconf 84' lang='grc' dir='ltr'>δυναμένου</span> <span class='ocrx_word' id='word_1_143' title='bbox 618 1642 794 1695; x_wconf 76' lang='grc' dir='ltr'>ὑπολήψει</span> <span class='ocrx_word' id='word_1_144' title='bbox 814 1658 853 1681; x_wconf 82' lang='grc' dir='ltr'><strong>τε</strong></span> <span class='ocrx_word' id='word_1_145' title='bbox 872 1643 933 1681; x_wconf 74' lang='grc' dir='ltr'><strong>καὶ</strong></span> <span class='ocrx_word' id='word_1_146' title='bbox 955 1642 1036 1696; x_wconf 78' lang='grc' dir='ltr'>δόξῃ</span> <span class='ocrx_word' id='word_1_147' title='bbox 1050 1658 1060 1668; x_wconf 86' lang='grc'><em>·</em></span> <span class='ocrx_word' id='word_1_148' title='bbox 1078 1643 1229 1683; x_wconf 84' lang='grc' dir='ltr'>καθόλου</span> 
     </span>
     <span class='ocr_line' id='line_1_25' title="bbox 251 1701 1231 1755; baseline -0.001 -14"><span class='ocrx_word' id='word_1_149' title='bbox 251 1702 288 1741; x_wconf 81' lang='grc' dir='ltr'>δὲ</span> <span class='ocrx_word' id='word_1_150' title='bbox 309 1705 419 1742; x_wconf 79' lang='grc' dir='ltr'>εἰπεῖν</span> <span class='ocrx_word' id='word_1_151' title='bbox 444 1705 639 1755; x_wconf 84' lang='grc' dir='ltr'>ἀναγκαῖον</span> <span class='ocrx_word' id='word_1_152' title='bbox 669 1702 748 1747; x_wconf 77' lang='grc' dir='ltr'>τοὺς</span> <span class='ocrx_word' id='word_1_153' title='bbox 767 1701 1036 1753; x_wconf 80' lang='grc' dir='ltr'>σωθησομένους</span> <span class='ocrx_word' id='word_1_154' title='bbox 1052 1705 1122 1741; x_wconf 84' lang='grc' dir='ltr'><strong>τῶν</strong></span> <span class='ocrx_word' id='word_1_155' title='bbox 1145 1704 1231 1740; x_wconf 87' lang='grc' dir='ltr'>νέων</span> 
     </span>
     <span class='ocr_line' id='line_1_26' title="bbox 253 1761 1231 1815; baseline 0 -15"><span class='ocrx_word' id='word_1_156' title='bbox 253 1761 443 1815; x_wconf 81' lang='grc' dir='ltr'>προσέχειν</span> <span class='ocrx_word' id='word_1_157' title='bbox 474 1765 552 1806; x_wconf 86' lang='grc' dir='ltr'>ταῖς</span> <span class='ocrx_word' id='word_1_158' title='bbox 583 1764 654 1801; x_wconf 79' lang='grc' dir='ltr'><strong>τῶν</strong></span> <span class='ocrx_word' id='word_1_159' title='bbox 682 1761 930 1814; x_wconf 76' lang='grc' dir='ltr'>πρεσὸυτέρων</span> <span class='ocrx_word' id='word_1_160' title='bbox 963 1778 1000 1800; x_wconf 80' lang='grc' dir='ltr'><strong>τε</strong></span> <span class='ocrx_word' id='word_1_161' title='bbox 1021 1761 1082 1800; x_wconf 83' lang='grc' dir='ltr'><strong>καὶ</strong></span> <span class='ocrx_word' id='word_1_162' title='bbox 1114 1763 1231 1805; x_wconf 79' lang='grc' dir='ltr'>καλῶς</span> 
     </span>
     <span class='ocr_line' id='line_1_27' title="bbox 254 1820 986 1875; baseline 0.001 -15"><span class='ocrx_word' id='word_1_163' title='bbox 254 1821 479 1874; x_wconf 74' lang='grc' dir='ltr'>βεὸιωκότων</span> <span class='ocrx_word' id='word_1_164' title='bbox 495 1822 696 1875; x_wconf 76' lang='grc' dir='ltr'>ὕπολήψεσί</span> <span class='ocrx_word' id='word_1_165' title='bbox 715 1837 754 1860; x_wconf 87' lang='grc' dir='ltr'><strong>τε</strong></span> <span class='ocrx_word' id='word_1_166' title='bbox 775 1820 835 1860; x_wconf 79' lang='grc' dir='ltr'><strong>καὶ</strong></span> <span class='ocrx_word' id='word_1_167' title='bbox 858 1820 986 1866; x_wconf 82' lang='grc' dir='ltr'>δόξαις.</span> 
     </span>
    </p>

    <p class='ocr_par' dir='ltr' id='par_1_7' title="bbox 251 1879 1233 2174">
     <span class='ocr_line' id='line_1_28' title="bbox 310 1879 1230 1933; baseline -0.003 -13"><span class='ocrx_word' id='word_1_168' title='bbox 310 1880 580 1933; x_wconf 87' lang='lat' dir='ltr'><strong>(Jamblichus</strong></span> <span class='ocrx_word' id='word_1_169' title='bbox 600 1882 649 1920; x_wconf 87' lang='lat' dir='ltr'><strong>de</strong></span> <span class='ocrx_word' id='word_1_170' title='bbox 682 1881 765 1919; x_wconf 87' lang='lat' dir='ltr'><strong>vita</strong></span> <span class='ocrx_word' id='word_1_171' title='bbox 795 1881 961 1932; x_wconf 85' lang='lat' dir='ltr'><strong>Pythag.</strong></span> <span class='ocrx_word' id='word_1_172' title='bbox 995 1894 1080 1933; x_wconf 84' lang='lat' dir='ltr'><strong>cap.</strong></span> <span class='ocrx_word' id='word_1_173' title='bbox 1106 1879 1230 1918; x_wconf 83' lang='lat' dir='ltr'>XXXI</span> 
     </span>
     <span class='ocr_line' id='line_1_29' title="bbox 253 1942 730 1993; baseline 0 -14"><span class='ocrx_word' id='word_1_174' title='bbox 253 1954 342 1993; x_wconf 85' lang='lat' dir='ltr'><strong>pag.</strong></span> <span class='ocrx_word' id='word_1_175' title='bbox 372 1947 449 1993; x_wconf 83' lang='grc'><strong>409</strong></span> <span class='ocrx_word' id='word_1_176' title='bbox 473 1942 535 1980; x_wconf 87' lang='lat' dir='ltr'><strong>ed.</strong></span> <span class='ocrx_word' id='word_1_177' title='bbox 559 1942 730 1991; x_wconf 89' lang='lat' dir='ltr'><strong>Kiessl.)</strong></span> 
     </span>
     <span class='ocr_line' id='line_1_30' title="bbox 252 1999 1231 2053; baseline -0.004 -13"><span class='ocrx_word' id='word_1_178' title='bbox 252 2000 416 2048; x_wconf 84' lang='grc' dir='ltr'>Ἄνοήτου</span> <span class='ocrx_word' id='word_1_179' title='bbox 438 2001 512 2040; x_wconf 77' lang='grc' dir='ltr'>ἐστὶ</span> <span class='ocrx_word' id='word_1_180' title='bbox 527 2000 588 2039; x_wconf 87' lang='grc' dir='ltr'><strong>καὶ</strong></span> <span class='ocrx_word' id='word_1_181' title='bbox 605 2000 644 2038; x_wconf 83' lang='grc' dir='ltr'>τὸ</span> <span class='ocrx_word' id='word_1_182' title='bbox 661 2000 759 2053; x_wconf 48' lang='grc' dir='ltr'><strong>πάσχιΙ</strong></span> <span class='ocrx_word' id='word_1_183' title='bbox 778 1999 839 2038; x_wconf 71' lang='grc' dir='ltr'><strong>καὶ</strong></span> <span class='ocrx_word' id='word_1_184' title='bbox 855 1999 982 2044; x_wconf 82' lang='grc' dir='ltr'>παντὸς</span> <span class='ocrx_word' id='word_1_185' title='bbox 1002 1999 1084 2051; x_wconf 79' lang='grc' dir='ltr'>δόξῃ</span> <span class='ocrx_word' id='word_1_186' title='bbox 1101 1999 1231 2052; x_wconf 73' lang='grc' dir='ltr'>προσέ-</span> 
     </span>
     <span class='ocr_line' id='line_1_31' title="bbox 251 2058 1233 2112; baseline -0.003 -14"><span class='ocrx_word' id='word_1_187' title='bbox 251 2075 348 2112; x_wconf 82' lang='grc' dir='ltr'>χειν,</span> <span class='ocrx_word' id='word_1_188' title='bbox 372 2060 433 2100; x_wconf 79' lang='grc' dir='ltr'><strong>καὶ</strong></span> <span class='ocrx_word' id='word_1_189' title='bbox 455 2060 612 2112; x_wconf 85' lang='grc' dir='ltr'>μάλιστα</span> <span class='ocrx_word' id='word_1_190' title='bbox 635 2059 674 2099; x_wconf 79' lang='grc' dir='ltr'>τὸ</span> <span class='ocrx_word' id='word_1_191' title='bbox 706 2062 749 2112; x_wconf 84' lang='grc' dir='ltr'>τῇ</span> <span class='ocrx_word' id='word_1_192' title='bbox 787 2058 887 2112; x_wconf 84' lang='grc' dir='ltr'>παρὰ</span> <span class='ocrx_word' id='word_1_193' title='bbox 912 2061 980 2097; x_wconf 83' lang='grc' dir='ltr'><strong>τῶν</strong></span> <span class='ocrx_word' id='word_1_194' title='bbox 1008 2060 1147 2098; x_wconf 83' lang='grc' dir='ltr'>πολλῶν</span> <span class='ocrx_word' id='word_1_195' title='bbox 1179 2075 1233 2109; x_wconf 87' lang='grc' dir='ltr'><strong>γι-</strong></span> 
     </span>
     <span class='ocr_line' id='line_1_32' title="bbox 252 2120 396 2174; baseline 0.007 -16"><span class='ocrx_word' id='word_1_196' title='bbox 252 2120 396 2174; x_wconf 80' lang='grc' dir='ltr'>νομένῃ.</span> 
     </span>
    </p>

    <p class='ocr_par' dir='ltr' id='par_1_8' title="bbox 252 2177 1231 2293">
     <span class='ocr_line' id='line_1_33' title="bbox 308 2177 1231 2233; baseline -0.005 -14"><span class='ocrx_word' id='word_1_197' title='bbox 308 2180 577 2233; x_wconf 86' lang='lat' dir='ltr'><strong>(Jamblichus</strong></span> <span class='ocrx_word' id='word_1_198' title='bbox 597 2181 645 2219; x_wconf 91' lang='lat' dir='ltr'><strong>de</strong></span> <span class='ocrx_word' id='word_1_199' title='bbox 662 2181 746 2219; x_wconf 86' lang='lat' dir='ltr'><strong>vita</strong></span> <span class='ocrx_word' id='word_1_200' title='bbox 772 2179 939 2231; x_wconf 85' lang='lat' dir='ltr'><strong>Pythag.</strong></span> <span class='ocrx_word' id='word_1_201' title='bbox 973 2192 1059 2230; x_wconf 88' lang='lat' dir='ltr'><strong>cap.</strong></span> <span class='ocrx_word' id='word_1_202' title='bbox 1104 2177 1231 2215; x_wconf 83' lang='lat' dir='ltr'>XXXI</span> 
     </span>
     <span class='ocr_line' id='line_1_34' title="bbox 252 2239 634 2293; baseline -0.003 -14"><span class='ocrx_word' id='word_1_203' title='bbox 252 2254 338 2293; x_wconf 84' lang='lat' dir='ltr'><strong>pag.</strong></span> <span class='ocrx_word' id='word_1_204' title='bbox 369 2246 446 2291; x_wconf 86' lang='grc'><strong>409</strong></span> <span class='ocrx_word' id='word_1_205' title='bbox 464 2239 634 2292; x_wconf 87' lang='lat' dir='ltr'><strong>Kiessl.)</strong></span> 
     </span>
    </p>
   </div>
   <div class='ocr_carea' id='block_1_4' title="bbox 170 765 218 790">
    <p class='ocr_par' dir='ltr' id='par_1_9' title="bbox 170 765 218 790">
     <span class='ocr_line' id='line_1_35' title="bbox 170 765 218 790; baseline 0.021 -1"><span class='ocrx_word' id='word_1_206' title='bbox 170 765 218 790; x_wconf 76' lang='lat'><strong>55.</strong></span> 
     </span>
    </p>
   </div>
   <div class='ocr_carea' id='block_1_5' title="bbox 169 1120 216 1145">
    <p class='ocr_par' dir='ltr' id='par_1_10' title="bbox 169 1120 216 1145">
     <span class='ocr_line' id='line_1_36' title="bbox 169 1120 216 1145; baseline 0.021 -1"><span class='ocrx_word' id='word_1_207' title='bbox 169 1120 216 1145; x_wconf 78' lang='lat'><strong>⁶6.</strong></span> 
     </span>
    </p>
   </div>
   <div class='ocr_carea' id='block_1_6' title="bbox 170 1478 220 1504">
    <p class='ocr_par' dir='ltr' id='par_1_11' title="bbox 170 1478 220 1504">
     <span class='ocr_line' id='line_1_37' title="bbox 170 1478 220 1504; baseline 0.02 -1"><span class='ocrx_word' id='word_1_208' title='bbox 170 1478 220 1504; x_wconf 67' lang='lat'><strong>57.</strong></span> 
     </span>
    </p>
   </div>
   <div class='ocr_carea' id='block_1_7' title="bbox 170 2015 218 2040">
    <p class='ocr_par' dir='ltr' id='par_1_12' title="bbox 170 2015 218 2040">
     <span class='ocr_line' id='line_1_38' title="bbox 170 2015 218 2040; baseline 0 -1"><span class='ocrx_word' id='word_1_209' title='bbox 170 2015 218 2040; x_wconf 71' lang='lat'><strong>55.</strong></span> 
     </span>
    </p>
   </div>
   <div class='ocr_carea' id='block_1_8' title="bbox 172 2376 1240 3608">
    <p class='ocr_par' dir='ltr' id='par_1_13' title="bbox 172 2376 1236 2594">
     <span class='ocr_line' id='line_1_39' title="bbox 172 2376 1233 2418; baseline -0.004 -7"><span class='ocrx_word' id='word_1_210' title='bbox 172 2381 278 2411; x_wconf 85' lang='lat' dir='ltr'><strong>rentes</strong></span> <span class='ocrx_word' id='word_1_211' title='bbox 298 2379 331 2410; x_wconf 91' lang='lat' dir='ltr'><strong>et</strong></span> <span class='ocrx_word' id='word_1_212' title='bbox 348 2377 579 2418; x_wconf 71' lang='lat' dir='ltr'><strong>agriculturam</strong></span> <span class='ocrx_word' id='word_1_213' title='bbox 602 2376 775 2418; x_wconf 82' lang='lat' dir='ltr'>complecti</span> <span class='ocrx_word' id='word_1_214' title='bbox 792 2389 799 2408; x_wconf 71' lang='grc' dir='ltr'>τ</span> <span class='ocrx_word' id='word_1_215' title='bbox 826 2378 976 2417; x_wconf 79' lang='lat' dir='ltr'><strong>parentes</strong></span> <span class='ocrx_word' id='word_1_216' title='bbox 994 2376 1080 2408; x_wconf 90' lang='lat' dir='ltr'><strong>enim</strong></span> <span class='ocrx_word' id='word_1_217' title='bbox 1096 2379 1128 2408; x_wconf 88' lang='lat' dir='ltr'><strong>et</strong></span> <span class='ocrx_word' id='word_1_218' title='bbox 1152 2376 1233 2416; x_wconf 74' lang='lat' dir='ltr'><strong>agri-</strong></span> 
     </span>
     <span class='ocr_line' id='line_1_40' title="bbox 172 2435 1234 2476; baseline -0.004 -6"><span class='ocrx_word' id='word_1_219' title='bbox 172 2437 253 2470; x_wconf 80' lang='lat' dir='ltr'><strong>colae</strong></span> <span class='ocrx_word' id='word_1_220' title='bbox 273 2437 306 2469; x_wconf 90' lang='lat' dir='ltr'><strong>id</strong></span> <span class='ocrx_word' id='word_1_221' title='bbox 327 2438 456 2469; x_wconf 88' lang='lat' dir='ltr'><strong>tantum</strong></span> <span class='ocrx_word' id='word_1_222' title='bbox 484 2436 648 2475; x_wconf 81' lang='lat' dir='ltr'><strong>efficiunt,</strong></span> <span class='ocrx_word' id='word_1_223' title='bbox 666 2436 704 2468; x_wconf 85' lang='lat' dir='ltr'><strong>ut</strong></span> <span class='ocrx_word' id='word_1_224' title='bbox 721 2435 892 2476; x_wconf 86' lang='lat' dir='ltr'><strong>vivamus,</strong></span> <span class='ocrx_word' id='word_1_225' title='bbox 915 2435 1096 2476; x_wconf 80' lang='lat' dir='ltr'>philosophi</span> <span class='ocrx_word' id='word_1_226' title='bbox 1125 2436 1234 2467; x_wconf 83' lang='lat' dir='ltr'><strong>autem</strong></span> 
     </span>
     <span class='ocr_line' id='line_1_41' title="bbox 172 2494 1236 2538; baseline -0.003 -9"><span class='ocrx_word' id='word_1_227' title='bbox 172 2498 205 2530; x_wconf 88' lang='lat' dir='ltr'><strong>et</strong></span> <span class='ocrx_word' id='word_1_228' title='bbox 226 2497 445 2538; x_wconf 77' lang='lat' dir='ltr'>praeceptores</span> <span class='ocrx_word' id='word_1_229' title='bbox 467 2496 505 2528; x_wconf 91' lang='lat' dir='ltr'><strong>ut</strong></span> <span class='ocrx_word' id='word_1_230' title='bbox 526 2495 610 2527; x_wconf 90' lang='lat' dir='ltr'><strong>bene</strong></span> <span class='ocrx_word' id='word_1_231' title='bbox 638 2494 790 2527; x_wconf 84' lang='lat' dir='ltr'><strong>vivamus</strong></span> <span class='ocrx_word' id='word_1_232' title='bbox 811 2495 844 2527; x_wconf 87' lang='lat' dir='ltr'><strong>et</strong></span> <span class='ocrx_word' id='word_1_233' title='bbox 873 2494 1057 2535; x_wconf 87' lang='lat' dir='ltr'><strong>sapiamus,</strong></span> <span class='ocrx_word' id='word_1_234' title='bbox 1082 2494 1236 2536; x_wconf 90' lang='lat' dir='ltr'><strong>quoniam</strong></span> 
     </span>
     <span class='ocr_line' id='line_1_42' title="bbox 172 2553 1003 2594; baseline -0.004 -6"><span class='ocrx_word' id='word_1_235' title='bbox 172 2558 294 2588; x_wconf 85' lang='lat' dir='ltr'><strong>rectam</strong></span> <span class='ocrx_word' id='word_1_236' title='bbox 311 2563 422 2588; x_wconf 88' lang='lat' dir='ltr'><strong>rerum</strong></span> <span class='ocrx_word' id='word_1_237' title='bbox 444 2553 755 2586; x_wconf 77' lang='lat' dir='ltr'><strong>administrationem</strong></span> <span class='ocrx_word' id='word_1_238' title='bbox 770 2553 1003 2594; x_wconf 73' lang='lat' dir='ltr'><strong>excogitarunt.</strong></span> 
     </span>
    </p>

    <p class='ocr_par' dir='ltr' id='par_1_14' title="bbox 173 2612 1236 2836">
     <span class='ocr_line' id='line_1_43' title="bbox 217 2612 1230 2655; baseline -0.005 -7"><span class='ocrx_word' id='word_1_239' title='bbox 217 2619 268 2648; x_wconf 86' lang='grc'><strong>55.</strong></span> <span class='ocrx_word' id='word_1_240' title='bbox 291 2614 414 2648; x_wconf 87' lang='lat' dir='ltr'><strong>Malum</strong></span> <span class='ocrx_word' id='word_1_241' title='bbox 434 2614 546 2655; x_wconf 81' lang='lat' dir='ltr'><strong>fugere</strong></span> <span class='ocrx_word' id='word_1_242' title='bbox 564 2613 780 2654; x_wconf 80' lang='lat' dir='ltr'><strong>omniumque</strong></span> <span class='ocrx_word' id='word_1_243' title='bbox 800 2613 961 2653; x_wconf 81' lang='lat' dir='ltr'><strong>optimum</strong></span> <span class='ocrx_word' id='word_1_244' title='bbox 988 2612 1180 2651; x_wconf 78' lang='lat' dir='ltr'><strong>investigare</strong></span> <span class='ocrx_word' id='word_1_245' title='bbox 1195 2613 1230 2644; x_wconf 85' lang='lat' dir='ltr'><strong>et</strong></span> 
     </span>
     <span class='ocr_line' id='line_1_44' title="bbox 180 2669 1236 2716; baseline -0.003 -9"><span class='ocrx_word' id='word_1_246' title='bbox 180 2675 299 2715; x_wconf 76' lang='lat' dir='ltr'><strong>eligere</strong></span> <span class='ocrx_word' id='word_1_247' title='bbox 316 2673 413 2716; x_wconf 89' lang='lat' dir='ltr'><strong>idque</strong></span> <span class='ocrx_word' id='word_1_248' title='bbox 429 2673 570 2707; x_wconf 89' lang='lat' dir='ltr'><strong>electum</strong></span> <span class='ocrx_word' id='word_1_249' title='bbox 585 2682 641 2715; x_wconf 89' lang='lat' dir='ltr'><strong>per</strong></span> <span class='ocrx_word' id='word_1_250' title='bbox 656 2669 811 2714; x_wconf 84' lang='lat' dir='ltr'><strong>reliquam</strong></span> <span class='ocrx_word' id='word_1_251' title='bbox 825 2673 927 2705; x_wconf 89' lang='lat' dir='ltr'><strong>vitam</strong></span> <span class='ocrx_word' id='word_1_252' title='bbox 946 2674 1134 2705; x_wconf 75' lang='lat' dir='ltr'><strong>constanter</strong></span> <span class='ocrx_word' id='word_1_253' title='bbox 1150 2674 1236 2704; x_wconf 80' lang='lat' dir='ltr'><strong>tueri</strong></span> 
     </span>
     <span class='ocr_line' id='line_1_45' title="bbox 173 2727 1230 2776; baseline -0.004 -9"><span class='ocrx_word' id='word_1_254' title='bbox 173 2735 303 2776; x_wconf 88' lang='lat' dir='ltr'><strong>oportet</strong></span> <span class='ocrx_word' id='word_1_255' title='bbox 321 2743 330 2763; x_wconf 90' lang='lat'>=</span> <span class='ocrx_word' id='word_1_256' title='bbox 355 2733 420 2766; x_wconf 90' lang='lat' dir='ltr'><strong>hoc</strong></span> <span class='ocrx_word' id='word_1_257' title='bbox 447 2742 527 2766; x_wconf 84' lang='lat' dir='ltr'><strong>vero</strong></span> <span class='ocrx_word' id='word_1_258' title='bbox 544 2733 624 2766; x_wconf 89' lang='lat' dir='ltr'><strong>nihil</strong></span> <span class='ocrx_word' id='word_1_259' title='bbox 648 2732 738 2765; x_wconf 86' lang='lat' dir='ltr'><strong>aliud</strong></span> <span class='ocrx_word' id='word_1_260' title='bbox 760 2735 827 2773; x_wconf 83' lang='lat' dir='ltr'><strong>est,</strong></span> <span class='ocrx_word' id='word_1_261' title='bbox 844 2741 944 2773; x_wconf 89' lang='lat' dir='ltr'><strong>qnam</strong></span> <span class='ocrx_word' id='word_1_262' title='bbox 970 2732 1037 2772; x_wconf 89' lang='lat' dir='ltr'><strong>ita,</strong></span> <span class='ocrx_word' id='word_1_263' title='bbox 1055 2727 1093 2764; x_wconf 73' lang='lat' dir='ltr'><strong>ut</strong></span> <span class='ocrx_word' id='word_1_264' title='bbox 1114 2730 1230 2773; x_wconf 88' lang='lat' dir='ltr'><strong>decet,</strong></span> 
     </span>
     <span class='ocr_line' id='line_1_46' title="bbox 175 2793 410 2836; baseline 0 -10"><span class='ocrx_word' id='word_1_265' title='bbox 175 2793 410 2836; x_wconf 84' lang='lat' dir='ltr'><strong>philosophari.</strong></span> 
     </span>
    </p>

    <p class='ocr_par' dir='ltr' id='par_1_15' title="bbox 174 2850 1235 2953">
     <span class='ocr_line' id='line_1_47' title="bbox 217 2850 1235 2893; baseline -0.004 -7"><span class='ocrx_word' id='word_1_266' title='bbox 217 2858 268 2887; x_wconf 81' lang='lat'><strong>56.</strong></span> <span class='ocrx_word' id='word_1_267' title='bbox 292 2852 501 2886; x_wconf 74' lang='lat' dir='ltr'><strong>Institutione</strong></span> <span class='ocrx_word' id='word_1_268' title='bbox 533 2852 599 2886; x_wconf 81' lang='lat' dir='ltr'><strong>fere</strong></span> <span class='ocrx_word' id='word_1_269' title='bbox 635 2852 691 2893; x_wconf 79' lang='lat' dir='ltr'><strong>fit,</strong></span> <span class='ocrx_word' id='word_1_270' title='bbox 723 2853 759 2885; x_wconf 83' lang='lat' dir='ltr'><strong>ut</strong></span> <span class='ocrx_word' id='word_1_271' title='bbox 785 2851 935 2884; x_wconf 87' lang='lat' dir='ltr'><strong>homines</strong></span> <span class='ocrx_word' id='word_1_272' title='bbox 957 2850 1087 2891; x_wconf 88' lang='lat' dir='ltr'><strong>bestiis,</strong></span> <span class='ocrx_word' id='word_1_273' title='bbox 1131 2850 1235 2883; x_wconf 83' lang='lat' dir='ltr'><strong>Graeci</strong></span> 
     </span>
     <span class='ocr_line' id='line_1_48' title="bbox 174 2910 1149 2953; baseline -0.003 -8"><span class='ocrx_word' id='word_1_274' title='bbox 174 2912 338 2953; x_wconf 85' lang='lat' dir='ltr'><strong>barbaris,</strong></span> <span class='ocrx_word' id='word_1_275' title='bbox 356 2912 447 2945; x_wconf 86' lang='lat' dir='ltr'><strong>liberi</strong></span> <span class='ocrx_word' id='word_1_276' title='bbox 461 2912 565 2944; x_wconf 80' lang='lat' dir='ltr'><strong>servis</strong></span> <span class='ocrx_word' id='word_1_277' title='bbox 581 2913 614 2945; x_wconf 86' lang='lat' dir='ltr'><strong>et</strong></span> <span class='ocrx_word' id='word_1_278' title='bbox 632 2911 811 2953; x_wconf 82' lang='lat' dir='ltr'><strong>philosophi</strong></span> <span class='ocrx_word' id='word_1_279' title='bbox 831 2910 965 2952; x_wconf 85' lang='lat' dir='ltr'><strong>plebejis</strong></span> <span class='ocrx_word' id='word_1_280' title='bbox 985 2910 1149 2951; x_wconf 82' lang='lat' dir='ltr'><strong>praestent.</strong></span> 
     </span>
    </p>

    <p class='ocr_par' dir='ltr' id='par_1_16' title="bbox 174 2969 1236 3309">
     <span class='ocr_line' id='line_1_49' title="bbox 218 2969 1234 3012; baseline -0.005 -7"><span class='ocrx_word' id='word_1_281' title='bbox 218 2975 270 3006; x_wconf 85' lang='lat'><strong>57.</strong></span> <span class='ocrx_word' id='word_1_282' title='bbox 295 2973 431 3005; x_wconf 79' lang='lat' dir='ltr'><strong>Necesse</strong></span> <span class='ocrx_word' id='word_1_283' title='bbox 445 2974 494 3005; x_wconf 83' lang='lat' dir='ltr'><strong>est</strong></span> <span class='ocrx_word' id='word_1_284' title='bbox 515 2971 665 3012; x_wconf 79' lang='lat' dir='ltr'><strong>ignarum</strong></span> <span class='ocrx_word' id='word_1_285' title='bbox 687 2971 812 3003; x_wconf 86' lang='lat' dir='ltr'><strong>discere</strong></span> <span class='ocrx_word' id='word_1_286' title='bbox 826 2979 901 3011; x_wconf 85' lang='lat' dir='ltr'><strong>quae</strong></span> <span class='ocrx_word' id='word_1_287' title='bbox 925 2970 1102 3011; x_wconf 78' lang='lat' dir='ltr'><strong>ignoratae</strong></span> <span class='ocrx_word' id='word_1_288' title='bbox 1120 2969 1234 3009; x_wconf 87' lang='lat' dir='ltr'><strong>nescit,</strong></span> 
     </span>
     <span class='ocr_line' id='line_1_50' title="bbox 175 3028 1234 3071; baseline -0.005 -7"><span class='ocrx_word' id='word_1_289' title='bbox 175 3031 352 3065; x_wconf 85' lang='lat' dir='ltr'><strong>discentem</strong></span> <span class='ocrx_word' id='word_1_290' title='bbox 366 3033 475 3064; x_wconf 88' lang='lat' dir='ltr'><strong>autem</strong></span> <span class='ocrx_word' id='word_1_291' title='bbox 489 3031 635 3063; x_wconf 89' lang='lat' dir='ltr'><strong>animum</strong></span> <span class='ocrx_word' id='word_1_292' title='bbox 651 3031 823 3063; x_wconf 88' lang='lat' dir='ltr'><strong>advertere</strong></span> <span class='ocrx_word' id='word_1_293' title='bbox 840 3029 881 3062; x_wconf 82' lang='lat' dir='ltr'><strong>ad</strong></span> <span class='ocrx_word' id='word_1_294' title='bbox 901 3028 1086 3071; x_wconf 88' lang='lat' dir='ltr'><strong>opinionem</strong></span> <span class='ocrx_word' id='word_1_295' title='bbox 1104 3031 1234 3060; x_wconf 81' lang='lat' dir='ltr'><strong>senten—</strong></span> 
     </span>
     <span class='ocr_line' id='line_1_51' title="bbox 178 3086 1236 3132; baseline -0.006 -8"><span class='ocrx_word' id='word_1_296' title='bbox 178 3091 322 3132; x_wconf 82' lang='lat' dir='ltr'><strong>tiamque</strong></span> <span class='ocrx_word' id='word_1_297' title='bbox 335 3091 407 3132; x_wconf 82' lang='lat' dir='ltr'><strong>ejus</strong></span> <span class='ocrx_word' id='word_1_298' title='bbox 420 3091 476 3132; x_wconf 88' lang='lat' dir='ltr'><strong>qui</strong></span> <span class='ocrx_word' id='word_1_299' title='bbox 495 3099 616 3132; x_wconf 84' lang='lat' dir='ltr'><strong>gnarus</strong></span> <span class='ocrx_word' id='word_1_300' title='bbox 629 3091 679 3123; x_wconf 88' lang='lat' dir='ltr'><strong>est</strong></span> <span class='ocrx_word' id='word_1_301' title='bbox 691 3092 726 3122; x_wconf 90' lang='lat' dir='ltr'><strong>et</strong></span> <span class='ocrx_word' id='word_1_302' title='bbox 740 3088 879 3122; x_wconf 90' lang='lat' dir='ltr'><strong>docendi</strong></span> <span class='ocrx_word' id='word_1_303' title='bbox 907 3087 1095 3120; x_wconf 74' lang='lat' dir='ltr'><strong>facultatem</strong></span> <span class='ocrx_word' id='word_1_304' title='bbox 1120 3086 1236 3128; x_wconf 87' lang='lat' dir='ltr'><strong>hahet,</strong></span> 
     </span>
     <span class='ocr_line' id='line_1_52' title="bbox 174 3147 1234 3192; baseline -0.004 -10"><span class='ocrx_word' id='word_1_305' title='bbox 174 3150 310 3182; x_wconf 90' lang='lat' dir='ltr'><strong>omnino</strong></span> <span class='ocrx_word' id='word_1_306' title='bbox 325 3159 404 3183; x_wconf 84' lang='lat' dir='ltr'><strong>vero</strong></span> <span class='ocrx_word' id='word_1_307' title='bbox 418 3151 547 3192; x_wconf 83' lang='lat' dir='ltr'><strong>oportet</strong></span> <span class='ocrx_word' id='word_1_308' title='bbox 563 3150 700 3191; x_wconf 82' lang='lat' dir='ltr'><strong>juvenes</strong></span> <span class='ocrx_word' id='word_1_309' title='bbox 713 3174 722 3191; x_wconf 94' lang='lat'>,</span> <span class='ocrx_word' id='word_1_310' title='bbox 736 3148 858 3190; x_wconf 87' lang='lat' dir='ltr'><strong>quibus</strong></span> <span class='ocrx_word' id='word_1_311' title='bbox 874 3147 962 3180; x_wconf 86' lang='lat' dir='ltr'><strong>salus</strong></span> <span class='ocrx_word' id='word_1_312' title='bbox 978 3155 1037 3179; x_wconf 88' lang='lat' dir='ltr'><strong>sua</strong></span> <span class='ocrx_word' id='word_1_313' title='bbox 1053 3155 1141 3178; x_wconf 86' lang='lat' dir='ltr'><strong>curae</strong></span> <span class='ocrx_word' id='word_1_314' title='bbox 1165 3147 1234 3187; x_wconf 88' lang='lat' dir='ltr'><strong>est,</strong></span> 
     </span>
     <span class='ocr_line' id='line_1_53' title="bbox 180 3205 1229 3250; baseline -0.004 -9"><span class='ocrx_word' id='word_1_315' title='bbox 180 3208 350 3242; x_wconf 82' lang='lat' dir='ltr'><strong>attendere</strong></span> <span class='ocrx_word' id='word_1_316' title='bbox 361 3233 371 3248; x_wconf 94' lang='lat'>,</span> <span class='ocrx_word' id='word_1_317' title='bbox 385 3208 464 3250; x_wconf 89' lang='lat' dir='ltr'><strong>quid</strong></span> <span class='ocrx_word' id='word_1_318' title='bbox 482 3209 623 3242; x_wconf 81' lang='lat' dir='ltr'><strong>seniores</strong></span> <span class='ocrx_word' id='word_1_319' title='bbox 639 3208 851 3249; x_wconf 82' lang='lat' dir='ltr'><strong>hominesque</strong></span> <span class='ocrx_word' id='word_1_320' title='bbox 867 3207 934 3239; x_wconf 82' lang='lat' dir='ltr'><strong>vita</strong></span> <span class='ocrx_word' id='word_1_321' title='bbox 951 3207 1038 3239; x_wconf 87' lang='lat' dir='ltr'><strong>recte</strong></span> <span class='ocrx_word' id='word_1_322' title='bbox 1058 3206 1131 3238; x_wconf 90' lang='lat' dir='ltr'><strong>acta</strong></span> <span class='ocrx_word' id='word_1_323' title='bbox 1148 3205 1229 3238; x_wconf 88' lang='lat' dir='ltr'><strong>clari</strong></span> 
     </span>
     <span class='ocr_line' id='line_1_54' title="bbox 174 3267 627 3309; baseline 0 -9"><span class='ocrx_word' id='word_1_324' title='bbox 174 3267 336 3301; x_wconf 82' lang='lat' dir='ltr'><strong>senserint</strong></span> <span class='ocrx_word' id='word_1_325' title='bbox 351 3267 537 3309; x_wconf 87' lang='lat' dir='ltr'><strong>opinatique</strong></span> <span class='ocrx_word' id='word_1_326' title='bbox 552 3268 627 3300; x_wconf 88' lang='lat' dir='ltr'><strong>sint.</strong></span> 
     </span>
    </p>

    <p class='ocr_par' dir='ltr' id='par_1_17' title="bbox 175 3324 1238 3429">
     <span class='ocr_line' id='line_1_55' title="bbox 221 3324 1238 3368; baseline -0.004 -7"><span class='ocrx_word' id='word_1_327' title='bbox 221 3332 275 3361; x_wconf 82' lang='lat'><strong>58.</strong></span> <span class='ocrx_word' id='word_1_328' title='bbox 319 3327 505 3368; x_wconf 83' lang='lat' dir='ltr'><strong>insipientis</strong></span> <span class='ocrx_word' id='word_1_329' title='bbox 530 3329 584 3360; x_wconf 85' lang='lat' dir='ltr'><strong>est</strong></span> <span class='ocrx_word' id='word_1_330' title='bbox 610 3327 698 3360; x_wconf 92' lang='lat' dir='ltr'><strong>omni</strong></span> <span class='ocrx_word' id='word_1_331' title='bbox 725 3325 901 3367; x_wconf 85' lang='lat' dir='ltr'><strong>cujuslibet</strong></span> <span class='ocrx_word' id='word_1_332' title='bbox 930 3324 1069 3356; x_wconf 87' lang='lat' dir='ltr'><strong>hominis</strong></span> <span class='ocrx_word' id='word_1_333' title='bbox 1096 3324 1238 3366; x_wconf 90' lang='lat' dir='ltr'><strong>opinioni</strong></span> 
     </span>
     <span class='ocr_line' id='line_1_56' title="bbox 175 3383 1237 3429; baseline -0.003 -10"><span class='ocrx_word' id='word_1_334' title='bbox 175 3386 326 3419; x_wconf 72' lang='lat' dir='ltr'><strong>animum</strong></span> <span class='ocrx_word' id='word_1_335' title='bbox 349 3386 517 3420; x_wconf 85' lang='lat' dir='ltr'><strong>intendere</strong></span> <span class='ocrx_word' id='word_1_336' title='bbox 533 3395 572 3419; x_wconf 88' lang='lat' dir='ltr'><strong>ac</strong></span> <span class='ocrx_word' id='word_1_337' title='bbox 594 3386 758 3429; x_wconf 85' lang='lat' dir='ltr'><strong>praecipue</strong></span> <span class='ocrx_word' id='word_1_338' title='bbox 776 3385 865 3426; x_wconf 80' lang='lat' dir='ltr'><strong>vulgi</strong></span> <span class='ocrx_word' id='word_1_339' title='bbox 882 3383 1088 3425; x_wconf 88' lang='lat' dir='ltr'><strong>opinionibus</strong></span> <span class='ocrx_word' id='word_1_340' title='bbox 1102 3383 1237 3417; x_wconf 90' lang='lat' dir='ltr'><strong>moveri.</strong></span> 
     </span>
    </p>

    <p class='ocr_par' dir='ltr' id='par_1_18' title="bbox 173 3444 1240 3608">
     <span class='ocr_line' id='line_1_57' title="bbox 224 3444 1239 3487; baseline -0.002 -9"><span class='ocrx_word' id='word_1_341' title='bbox 224 3448 276 3478; x_wconf 85' lang='lat'><strong>59.</strong></span> <span class='ocrx_word' id='word_1_342' title='bbox 310 3445 451 3487; x_wconf 85' lang='lat' dir='ltr'><strong>Stirpem</strong></span> <span class='ocrx_word' id='word_1_343' title='bbox 490 3446 629 3479; x_wconf 84' lang='lat' dir='ltr'><strong>sativam</strong></span> <span class='ocrx_word' id='word_1_344' title='bbox 662 3454 769 3487; x_wconf 86' lang='lat' dir='ltr'><strong>neque</strong></span> <span class='ocrx_word' id='word_1_345' title='bbox 796 3444 960 3485; x_wconf 89' lang='lat' dir='ltr'><strong>corrumpi</strong></span> <span class='ocrx_word' id='word_1_346' title='bbox 996 3452 1103 3485; x_wconf 85' lang='lat' dir='ltr'><strong>neque</strong></span> <span class='ocrx_word' id='word_1_347' title='bbox 1134 3444 1239 3476; x_wconf 83' lang='lat' dir='ltr'><strong>vitiari</strong></span> 
     </span>
     <span class='ocr_line' id='line_1_58' title="bbox 179 3492 1240 3549; baseline -0.002 -10"><span class='ocrx_word' id='word_1_348' title='bbox 179 3507 327 3548; x_wconf 84' lang='lat' dir='ltr'><strong>oportet,</strong></span> <span class='ocrx_word' id='word_1_349' title='bbox 343 3515 382 3539; x_wconf 88' lang='lat' dir='ltr'><strong>ac</strong></span> <span class='ocrx_word' id='word_1_350' title='bbox 397 3516 438 3540; x_wconf 88' lang='lat' dir='ltr'><strong>ne</strong></span> <span class='ocrx_word' id='word_1_351' title='bbox 464 3507 584 3540; x_wconf 84' lang='lat' dir='ltr'><strong>animat</strong></span> <span class='ocrx_word' id='word_1_352' title='bbox 600 3506 731 3549; x_wconf 83' lang='lat' dir='ltr'><strong>quidem</strong></span> <span class='ocrx_word' id='word_1_353' title='bbox 744 3531 752 3547; x_wconf 95' lang='lat'><strong>‚</strong></span> <span class='ocrx_word' id='word_1_354' title='bbox 767 3492 854 3548; x_wconf 90' lang='lat' dir='ltr'><strong>quod</strong></span> <span class='ocrx_word' id='word_1_355' title='bbox 886 3503 1076 3537; x_wconf 88' lang='lat' dir='ltr'><strong>hominibus</strong></span> <span class='ocrx_word' id='word_1_356' title='bbox 1100 3513 1165 3537; x_wconf 92' lang='lat' dir='ltr'><strong>non</strong></span> <span class='ocrx_word' id='word_1_357' title='bbox 1186 3513 1240 3537; x_wconf 88' lang='lat' dir='ltr'><strong>no-</strong></span> 
     </span>
     <span class='ocr_line' id='line_1_59' title="bbox 173 3566 500 3608; baseline 0.006 -10"><span class='ocrx_word' id='word_1_358' title='bbox 173 3569 262 3608; x_wconf 85' lang='lat' dir='ltr'><strong>ceat,</strong></span> <span class='ocrx_word' id='word_1_359' title='bbox 276 3566 350 3599; x_wconf 84' lang='lat' dir='ltr'><strong>laedi</strong></span> <span class='ocrx_word' id='word_1_360' title='bbox 365 3575 421 3608; x_wconf 89' lang='lat' dir='ltr'><strong>par</strong></span> <span class='ocrx_word' id='word_1_361' title='bbox 440 3569 500 3600; x_wconf 86' lang='lat' dir='ltr'><strong>est.</strong></span> 
     </span>
    </p>
   </div>
   <div class='ocr_carea' id='block_1_9' title="bbox 1260 2047 1266 2275">
    <p class='ocr_par' dir='ltr' id='par_1_19' title="bbox 1260 2047 1266 2275">
     <span class='ocr_line' id='line_1_60' title="bbox 1260 2047 1266 2275; baseline 0 1539"><span class='ocrx_word' id='word_1_362' title='bbox 1260 2047 1266 2275; x_wconf 95' lang='lat' dir='ltr'><strong> </strong></span> 
     </span>
    </p>
   </div>
   <div class='ocr_carea' id='block_1_10' title="bbox 2267 313 2344 347">
    <p class='ocr_par' dir='ltr' id='par_1_20' title="bbox 2267 313 2344 347">
     <span class='ocr_line' id='line_1_61' title="bbox 2267 313 2344 347; baseline 0 0"><span class='ocrx_word' id='word_1_363' title='bbox 2267 313 2344 347; x_wconf 77' lang='lat'><strong>⁵03</strong></span> 
     </span>
    </p>
   </div>
   <div class='ocr_carea' id='block_1_11' title="bbox 1290 394 2357 2218">
    <p class='ocr_par' dir='ltr' id='par_1_21' title="bbox 1290 394 2349 685">
     <span class='ocr_line' id='line_1_62' title="bbox 1291 394 2346 448; baseline -0.001 -14"><span class='ocrx_word' id='word_1_364' title='bbox 1291 409 1336 434; x_wconf 79' lang='lat'><strong>59.</strong></span> <span class='ocrx_word' id='word_1_365' title='bbox 1368 395 1432 434; x_wconf 79' lang='grc' dir='ltr'><strong>Δεῖ</strong></span> <span class='ocrx_word' id='word_1_366' title='bbox 1463 396 1568 444; x_wconf 72' lang='grc' dir='ltr'>φυτὸν</span> <span class='ocrx_word' id='word_1_367' title='bbox 1593 394 1726 447; x_wconf 73' lang='grc' dir='ltr'>ἥμερον</span> <span class='ocrx_word' id='word_1_368' title='bbox 1749 394 1840 444; x_wconf 84' lang='grc' dir='ltr'>μήτε</span> <span class='ocrx_word' id='word_1_369' title='bbox 1866 394 2014 448; x_wconf 75' lang='grc' dir='ltr'>φθείρειν</span> <span class='ocrx_word' id='word_1_370' title='bbox 2051 394 2142 445; x_wconf 86' lang='grc' dir='ltr'>μήτε</span> <span class='ocrx_word' id='word_1_371' title='bbox 2166 395 2346 441; x_wconf 79' lang='grc' dir='ltr'>σίνεσθαι,</span> 
     </span>
     <span class='ocr_line' id='line_1_63' title="bbox 1374 451 2211 506; baseline 0.005 -15"><span class='ocrx_word' id='word_1_372' title='bbox 1374 453 1468 492; x_wconf 79' lang='grc' dir='ltr'>ἀλλὰ</span> <span class='ocrx_word' id='word_1_373' title='bbox 1485 451 1575 502; x_wconf 84' lang='grc' dir='ltr'>μηδὲ</span> <span class='ocrx_word' id='word_1_374' title='bbox 1589 455 1676 505; x_wconf 77' lang='grc' dir='ltr'>ζῷον</span> <span class='ocrx_word' id='word_1_375' title='bbox 1687 484 1699 504; x_wconf 79' lang='lat'>,</span> <span class='ocrx_word' id='word_1_376' title='bbox 1713 453 1732 491; x_wconf 84' lang='grc' dir='ltr'>ὃ</span> <span class='ocrx_word' id='word_1_377' title='bbox 1747 453 1796 504; x_wconf 83' lang='grc' dir='ltr'>μὴ</span> <span class='ocrx_word' id='word_1_378' title='bbox 1823 454 1971 505; x_wconf 79' lang='grc' dir='ltr'>βλάπτει</span> <span class='ocrx_word' id='word_1_379' title='bbox 1993 453 2211 506; x_wconf 81' lang='grc' dir='ltr'>ἀνθρώπους.</span> 
     </span>
     <span class='ocr_line' id='line_1_64' title="bbox 1428 512 2188 566; baseline 0.004 -16"><span class='ocrx_word' id='word_1_380' title='bbox 1428 513 1649 564; x_wconf 84' lang='lat' dir='ltr'><strong>(Diogenes</strong></span> <span class='ocrx_word' id='word_1_381' title='bbox 1670 512 1848 550; x_wconf 84' lang='lat' dir='ltr'><strong>Laertius</strong></span> <span class='ocrx_word' id='word_1_382' title='bbox 1869 512 1940 550; x_wconf 87' lang='lat' dir='ltr'><strong>lib.</strong></span> <span class='ocrx_word' id='word_1_383' title='bbox 1962 513 2070 561; x_wconf 93' lang='lat' dir='ltr'>VIII,</span> <span class='ocrx_word' id='word_1_384' title='bbox 2092 516 2157 553; x_wconf 78' lang='lat'><strong>23.</strong></span> <span class='ocrx_word' id='word_1_385' title='bbox 2177 516 2188 566; x_wconf 85' lang='lat'><em>)</em></span> 
     </span>
     <span class='ocr_line' id='line_1_65' title="bbox 1290 571 2349 625; baseline 0 -14"><span class='ocrx_word' id='word_1_386' title='bbox 1290 586 1338 612; x_wconf 77' lang='lat'><strong>60.</strong></span> <span class='ocrx_word' id='word_1_387' title='bbox 1371 571 1586 625; x_wconf 79' lang='grc' dir='ltr'>Ἐρωτηθείς</span> <span class='ocrx_word' id='word_1_388' title='bbox 1599 586 1685 609; x_wconf 85' lang='grc' dir='ltr'>ποτε</span> <span class='ocrx_word' id='word_1_389' title='bbox 1706 573 1723 609; x_wconf 82' lang='grc' dir='ltr'><strong>ὃ</strong></span> <span class='ocrx_word' id='word_1_390' title='bbox 1741 571 1972 623; x_wconf 73' lang='grc' dir='ltr'>Πυθαγόρας,</span> <span class='ocrx_word' id='word_1_391' title='bbox 1991 572 2097 610; x_wconf 83' lang='grc' dir='ltr'>ὁπότε</span> <span class='ocrx_word' id='word_1_392' title='bbox 2119 574 2169 611; x_wconf 87' lang='grc' dir='ltr'><strong>δεῖ</strong></span> <span class='ocrx_word' id='word_1_393' title='bbox 2192 575 2349 621; x_wconf 82' lang='grc' dir='ltr'>πλησιά-</span> 
     </span>
     <span class='ocr_line' id='line_1_66' title="bbox 1372 630 2294 685; baseline 0.001 -15"><span class='ocrx_word' id='word_1_394' title='bbox 1372 634 1464 679; x_wconf 90' lang='grc' dir='ltr'>ζειν;</span> <span class='ocrx_word' id='word_1_395' title='bbox 1480 630 1537 669; x_wconf 79' lang='grc' dir='ltr'><strong>ὅτε</strong></span> <span class='ocrx_word' id='word_1_396' title='bbox 1565 631 1683 683; x_wconf 78' lang='grc' dir='ltr'>βούλει</span> <span class='ocrx_word' id='word_1_397' title='bbox 1700 631 1861 683; x_wconf 88' lang='grc' dir='ltr'>γενέσθαι</span> <span class='ocrx_word' id='word_1_398' title='bbox 1883 635 2014 669; x_wconf 78' lang='grc' dir='ltr'>σαυτοῦ</span> <span class='ocrx_word' id='word_1_399' title='bbox 2036 631 2294 685; x_wconf 83' lang='grc' dir='ltr'>ἀσθενέστερος.</span> 
     </span>
    </p>

    <p class='ocr_par' dir='ltr' id='par_1_22' title="bbox 1428 691 2162 745">
     <span class='ocr_line' id='line_1_67' title="bbox 1428 691 2162 745; baseline 0.003 -15"><span class='ocrx_word' id='word_1_400' title='bbox 1428 691 1649 743; x_wconf 84' lang='lat' dir='ltr'><strong>(Diogenes</strong></span> <span class='ocrx_word' id='word_1_401' title='bbox 1670 691 1848 730; x_wconf 82' lang='lat' dir='ltr'><strong>Laertius</strong></span> <span class='ocrx_word' id='word_1_402' title='bbox 1868 691 1938 732; x_wconf 87' lang='lat' dir='ltr'><strong>lib.</strong></span> <span class='ocrx_word' id='word_1_403' title='bbox 1960 691 2069 740; x_wconf 86' lang='lat' dir='ltr'>VIII,</span> <span class='ocrx_word' id='word_1_404' title='bbox 2093 707 2131 744; x_wconf 88' lang='lat'><strong>9.</strong></span> <span class='ocrx_word' id='word_1_405' title='bbox 2149 692 2162 745; x_wconf 91' lang='lat'><em>)</em></span> 
     </span>
    </p>

    <p class='ocr_par' dir='ltr' id='par_1_23' title="bbox 1371 746 2354 865">
     <span class='ocr_line' id='line_1_68' title="bbox 1371 746 2354 804; baseline 0 -14"><span class='ocrx_word' id='word_1_406' title='bbox 1371 748 1525 803; x_wconf 79' lang='grc' dir='ltr'>Ἔλεγον</span> <span class='ocrx_word' id='word_1_407' title='bbox 1555 753 1588 789; x_wconf 82' lang='grc' dir='ltr'><strong>οῖ</strong></span> <span class='ocrx_word' id='word_1_408' title='bbox 1619 751 1879 804; x_wconf 84' lang='grc' dir='ltr'>Πυθαγόρειοι,</span> <span class='ocrx_word' id='word_1_409' title='bbox 1908 750 1958 803; x_wconf 88' lang='grc' dir='ltr'>μὴ</span> <span class='ocrx_word' id='word_1_410' title='bbox 1990 746 2080 790; x_wconf 69' lang='grc' dir='ltr'>εἶναι</span> <span class='ocrx_word' id='word_1_411' title='bbox 2111 751 2199 804; x_wconf 87' lang='grc' dir='ltr'>πρὸς</span> <span class='ocrx_word' id='word_1_412' title='bbox 2218 751 2354 796; x_wconf 84' lang='grc' dir='ltr'>πάντας</span> 
     </span>
     <span class='ocr_line' id='line_1_69' title="bbox 1373 810 1616 865; baseline -0.004 -14"><span class='ocrx_word' id='word_1_413' title='bbox 1373 812 1491 851; x_wconf 90' lang='grc' dir='ltr'>πάντα</span> <span class='ocrx_word' id='word_1_414' title='bbox 1512 810 1616 865; x_wconf 69' lang='grc' dir='ltr'>ῥητά.</span> 
     </span>
    </p>

    <p class='ocr_par' dir='ltr' id='par_1_24' title="bbox 1373 869 2353 1101">
     <span class='ocr_line' id='line_1_70' title="bbox 1429 869 2189 925; baseline 0 -16"><span class='ocrx_word' id='word_1_415' title='bbox 1429 871 1644 925; x_wconf 88' lang='lat' dir='ltr'><strong>(Diogenes</strong></span> <span class='ocrx_word' id='word_1_416' title='bbox 1666 871 1843 909; x_wconf 84' lang='lat' dir='ltr'><strong>Laertius</strong></span> <span class='ocrx_word' id='word_1_417' title='bbox 1868 871 1939 909; x_wconf 87' lang='lat' dir='ltr'><strong>Iib.</strong></span> <span class='ocrx_word' id='word_1_418' title='bbox 1961 870 2070 918; x_wconf 84' lang='lat' dir='ltr'>VIII,</span> <span class='ocrx_word' id='word_1_419' title='bbox 2098 872 2160 910; x_wconf 85' lang='lat'><strong>15.</strong></span> <span class='ocrx_word' id='word_1_420' title='bbox 2180 869 2189 923; x_wconf 95' lang='lat'>)</span> 
     </span>
     <span class='ocr_line' id='line_1_71' title="bbox 1375 930 2349 985; baseline -0.001 -15"><span class='ocrx_word' id='word_1_421' title='bbox 1375 930 1565 985; x_wconf 78' lang='grc' dir='ltr'>Ξενόφιλος</span> <span class='ocrx_word' id='word_1_422' title='bbox 1595 933 1612 968; x_wconf 86' lang='grc' dir='ltr'><strong>ὂ</strong></span> <span class='ocrx_word' id='word_1_423' title='bbox 1644 931 1886 984; x_wconf 85' lang='grc' dir='ltr'>Πυθαγορικὸς</span> <span class='ocrx_word' id='word_1_424' title='bbox 1907 930 1977 970; x_wconf 76' lang='grc' dir='ltr'><strong>ὑπό</strong></span> <span class='ocrx_word' id='word_1_425' title='bbox 2008 947 2099 975; x_wconf 81' lang='grc' dir='ltr'>τινος</span> <span class='ocrx_word' id='word_1_426' title='bbox 2137 930 2349 985; x_wconf 81' lang='grc' dir='ltr'>ἐρωτηθείς,</span> 
     </span>
     <span class='ocr_line' id='line_1_72' title="bbox 1374 985 2353 1041; baseline 0 -11"><span class='ocrx_word' id='word_1_427' title='bbox 1374 994 1448 1035; x_wconf 84' lang='grc' dir='ltr'><strong>πῶς</strong></span> <span class='ocrx_word' id='word_1_428' title='bbox 1472 991 1514 1029; x_wconf 81' lang='grc' dir='ltr'><strong>ἂν</strong></span> <span class='ocrx_word' id='word_1_429' title='bbox 1542 990 1698 1041; x_wconf 86' lang='grc' dir='ltr'>μάλιστα</span> <span class='ocrx_word' id='word_1_430' title='bbox 1719 989 1776 1028; x_wconf 78' lang='grc' dir='ltr'><strong>τὸν</strong></span> <span class='ocrx_word' id='word_1_431' title='bbox 1806 990 1879 1029; x_wconf 78' lang='grc' dir='ltr'>υἱὸν</span> <span class='ocrx_word' id='word_1_432' title='bbox 1903 989 2143 1039; x_wconf 80' lang='grc' dir='ltr'>παιδεύσειεν,</span> <span class='ocrx_word' id='word_1_433' title='bbox 2166 985 2265 1030; x_wconf 70' lang='grc' dir='ltr'>εἶπεν</span> <span class='ocrx_word' id='word_1_434' title='bbox 2281 1007 2289 1015; x_wconf 91' lang='grc'><em>·</em></span> <span class='ocrx_word' id='word_1_435' title='bbox 2322 993 2353 1030; x_wconf 82' lang='grc' dir='ltr'><strong>εἷ</strong></span> 
     </span>
     <span class='ocr_line' id='line_1_73' title="bbox 1373 1049 1972 1101; baseline -0.003 -12"><span class='ocrx_word' id='word_1_436' title='bbox 1373 1051 1507 1094; x_wconf 85' lang='grc' dir='ltr'>πόλεως</span> <span class='ocrx_word' id='word_1_437' title='bbox 1521 1049 1777 1101; x_wconf 82' lang='grc' dir='ltr'>εὐνομουμένης</span> <span class='ocrx_word' id='word_1_438' title='bbox 1793 1050 1972 1101; x_wconf 84' lang='grc' dir='ltr'>γενηθείη.</span> 
     </span>
    </p>

    <p class='ocr_par' dir='ltr' id='par_1_25' title="bbox 1375 1108 2355 1282">
     <span class='ocr_line' id='line_1_74' title="bbox 1429 1108 2150 1160; baseline -0.001 -12"><span class='ocrx_word' id='word_1_439' title='bbox 1429 1110 1646 1160; x_wconf 82' lang='lat' dir='ltr'><strong>(Diogenes</strong></span> <span class='ocrx_word' id='word_1_440' title='bbox 1667 1109 1844 1147; x_wconf 88' lang='lat' dir='ltr'><strong>Laertius</strong></span> <span class='ocrx_word' id='word_1_441' title='bbox 1863 1109 1936 1147; x_wconf 89' lang='lat' dir='ltr'><strong>lib.</strong></span> <span class='ocrx_word' id='word_1_442' title='bbox 1952 1108 2066 1156; x_wconf 89' lang='lat' dir='ltr'>VIII,</span> <span class='ocrx_word' id='word_1_443' title='bbox 2091 1109 2150 1148; x_wconf 90' lang='lat'><strong>16.</strong></span> 
     </span>
     <span class='ocr_line' id='line_1_75' title="bbox 1377 1166 2355 1220; baseline -0.003 -13"><span class='ocrx_word' id='word_1_444' title='bbox 1377 1168 1588 1220; x_wconf 86' lang='grc' dir='ltr'>Πυθαγόρας</span> <span class='ocrx_word' id='word_1_445' title='bbox 1608 1167 1813 1220; x_wconf 84' lang='grc' dir='ltr'>ἐρωτηθείς,</span> <span class='ocrx_word' id='word_1_446' title='bbox 1836 1169 1909 1212; x_wconf 78' lang='grc' dir='ltr'><strong>πῶς</strong></span> <span class='ocrx_word' id='word_1_447' title='bbox 1932 1168 1984 1205; x_wconf 76' lang='grc' dir='ltr'><strong>δεῖ</strong></span> <span class='ocrx_word' id='word_1_448' title='bbox 2004 1166 2255 1219; x_wconf 76' lang='grc' dir='ltr'>ἀγνιι)μονούσῃ</span> <span class='ocrx_word' id='word_1_449' title='bbox 2284 1182 2355 1204; x_wconf 87' lang='grc' dir='ltr'><strong>πα-</strong></span> 
     </span>
     <span class='ocr_line' id='line_1_76' title="bbox 1375 1221 2114 1282; baseline -0.004 -15"><span class='ocrx_word' id='word_1_450' title='bbox 1375 1228 1469 1282; x_wconf 87' lang='grc' dir='ltr'>τρίδι</span> <span class='ocrx_word' id='word_1_451' title='bbox 1490 1227 1773 1280; x_wconf 63' lang='grc' dir='ltr'>προσφέρεσθαι,</span> <span class='ocrx_word' id='word_1_452' title='bbox 1797 1221 1906 1274; x_wconf 72' lang='grc' dir='ltr'>εἶπεν,</span> <span class='ocrx_word' id='word_1_453' title='bbox 1926 1229 1973 1271; x_wconf 79' lang='grc' dir='ltr'><strong>ὡς</strong></span> <span class='ocrx_word' id='word_1_454' title='bbox 1994 1229 2114 1279; x_wconf 85' lang='grc' dir='ltr'>μητρί.</span> 
     </span>
    </p>

    <p class='ocr_par' dir='ltr' id='par_1_26' title="bbox 1432 1285 2047 1341">
     <span class='ocr_line' id='line_1_77' title="bbox 1432 1285 2047 1341; baseline -0.002 -16"><span class='ocrx_word' id='word_1_455' title='bbox 1432 1286 1624 1341; x_wconf 80' lang='lat' dir='ltr'><strong>(Stobaeus</strong></span> <span class='ocrx_word' id='word_1_456' title='bbox 1645 1286 1749 1325; x_wconf 84' lang='lat' dir='ltr'><strong>Flor.</strong></span> <span class='ocrx_word' id='word_1_457' title='bbox 1773 1285 1950 1334; x_wconf 88' lang='lat' dir='ltr'>XXXI‚X</span> <span class='ocrx_word' id='word_1_458' title='bbox 1969 1285 2047 1336; x_wconf 86' lang='lat'><strong>25.)</strong></span> 
     </span>
    </p>

    <p class='ocr_par' dir='ltr' id='par_1_27' title="bbox 1372 1344 2355 1452">
     <span class='ocr_line' id='line_1_78' title="bbox 1372 1344 2355 1398; baseline -0.004 -12"><span class='ocrx_word' id='word_1_459' title='bbox 1372 1346 1463 1391; x_wconf 71' lang='grc' dir='ltr'>Τοὺς</span> <span class='ocrx_word' id='word_1_460' title='bbox 1498 1345 1736 1392; x_wconf 79' lang='grc' dir='ltr'>ἀδικήσαντας</span> <span class='ocrx_word' id='word_1_461' title='bbox 1775 1344 1825 1395; x_wconf 83' lang='grc' dir='ltr'>μὴ</span> <span class='ocrx_word' id='word_1_462' title='bbox 1862 1352 1995 1398; x_wconf 83' lang='grc' dir='ltr'>πρᾶττε</span> <span class='ocrx_word' id='word_1_463' title='bbox 2020 1345 2138 1392; x_wconf 84' lang='grc' dir='ltr'>δίκας,</span> <span class='ocrx_word' id='word_1_464' title='bbox 2163 1345 2262 1398; x_wconf 84' lang='grc' dir='ltr'>ἀρκεῖ</span> <span class='ocrx_word' id='word_1_465' title='bbox 2287 1344 2355 1397; x_wconf 82' lang='grc' dir='ltr'><strong>γὰρ</strong></span> 
     </span>
     <span class='ocr_line' id='line_1_79' title="bbox 1375 1403 2188 1452; baseline -0.001 -7"><span class='ocrx_word' id='word_1_466' title='bbox 1375 1408 1491 1450; x_wconf 83' lang='grc' dir='ltr'>αὐτοῖς</span> <span class='ocrx_word' id='word_1_467' title='bbox 1512 1404 1580 1445; x_wconf 77' lang='grc' dir='ltr'>ὑπὸ</span> <span class='ocrx_word' id='word_1_468' title='bbox 1597 1407 1659 1452; x_wconf 76' lang='grc' dir='ltr'><strong>τῆς</strong></span> <span class='ocrx_word' id='word_1_469' title='bbox 1676 1404 1766 1449; x_wconf 82' lang='grc' dir='ltr'>ἰδίας</span> <span class='ocrx_word' id='word_1_470' title='bbox 1784 1408 2034 1443; x_wconf 82' lang='grc' dir='ltr'>ταπεινοῦσθαι</span> <span class='ocrx_word' id='word_1_471' title='bbox 2050 1403 2188 1448; x_wconf 82' lang='grc' dir='ltr'>κακίας.</span> 
     </span>
    </p>

    <p class='ocr_par' dir='ltr' id='par_1_28' title="bbox 1427 1463 2357 1518">
     <span class='ocr_line' id='line_1_80' title="bbox 1427 1463 2357 1518; baseline -0.003 -15"><span class='ocrx_word' id='word_1_472' title='bbox 1427 1465 1637 1518; x_wconf 78' lang='lat' dir='ltr'><strong>(Antonius</strong></span> <span class='ocrx_word' id='word_1_473' title='bbox 1673 1473 1712 1502; x_wconf 89' lang='lat' dir='ltr'><strong>et</strong></span> <span class='ocrx_word' id='word_1_474' title='bbox 1744 1463 1939 1502; x_wconf 86' lang='lat' dir='ltr'><strong>Maximus</strong></span> <span class='ocrx_word' id='word_1_475' title='bbox 1982 1477 2096 1501; x_wconf 82' lang='lat' dir='ltr'><strong>serm.</strong></span> <span class='ocrx_word' id='word_1_476' title='bbox 2139 1463 2187 1501; x_wconf 89' lang='lat' dir='ltr'><strong>de</strong></span> <span class='ocrx_word' id='word_1_477' title='bbox 2227 1463 2286 1501; x_wconf 79' lang='lat' dir='ltr'><strong>ira</strong></span> <span class='ocrx_word' id='word_1_478' title='bbox 2319 1473 2357 1501; x_wconf 85' lang='lat' dir='ltr'><strong>et</strong></span> 
     </span>
    </p>

    <p class='ocr_par' dir='ltr' id='par_1_29' title="bbox 1372 1523 2356 1815">
     <span class='ocr_line' id='line_1_81' title="bbox 1377 1523 1935 1575; baseline -0.002 -12"><span class='ocrx_word' id='word_1_479' title='bbox 1377 1524 1700 1564; x_wconf 86' lang='lat' dir='ltr'><strong>excandescentia</strong></span> <span class='ocrx_word' id='word_1_480' title='bbox 1718 1536 1808 1575; x_wconf 86' lang='lat' dir='ltr'><strong>pag.</strong></span> <span class='ocrx_word' id='word_1_481' title='bbox 1829 1523 1935 1574; x_wconf 82' lang='lat'><strong>330.)</strong></span> 
     </span>
     <span class='ocr_line' id='line_1_82' title="bbox 1372 1582 2355 1638; baseline -0.005 -13"><span class='ocrx_word' id='word_1_482' title='bbox 1372 1585 1418 1626; x_wconf 76' lang='lat' dir='ltr'><strong>‘O</strong></span> <span class='ocrx_word' id='word_1_483' title='bbox 1441 1584 1650 1638; x_wconf 87' lang='grc' dir='ltr'>Πυθαγόρας</span> <span class='ocrx_word' id='word_1_484' title='bbox 1679 1584 1764 1635; x_wconf 82' lang='grc' dir='ltr'>πρὸς</span> <span class='ocrx_word' id='word_1_485' title='bbox 1795 1585 1865 1627; x_wconf 84' lang='grc' dir='ltr'>τοῖς</span> <span class='ocrx_word' id='word_1_486' title='bbox 1892 1582 2011 1627; x_wconf 87' lang='grc' dir='ltr'>ἄλλοις</span> <span class='ocrx_word' id='word_1_487' title='bbox 2037 1582 2260 1635; x_wconf 78' lang='grc' dir='ltr'>παρήγγελλε</span> <span class='ocrx_word' id='word_1_488' title='bbox 2285 1583 2355 1626; x_wconf 75' lang='grc' dir='ltr'>τοῖς</span> 
     </span>
     <span class='ocr_line' id='line_1_83' title="bbox 1377 1641 2356 1695; baseline -0.005 -10"><span class='ocrx_word' id='word_1_489' title='bbox 1377 1645 1592 1695; x_wconf 88' lang='grc' dir='ltr'>μανθάνουσι</span> <span class='ocrx_word' id='word_1_490' title='bbox 1613 1642 1766 1686; x_wconf 84' lang='grc' dir='ltr'>σπανίως</span> <span class='ocrx_word' id='word_1_491' title='bbox 1787 1641 1851 1693; x_wconf 85' lang='grc' dir='ltr'><strong>μὲν</strong></span> <span class='ocrx_word' id='word_1_492' title='bbox 1867 1641 2037 1691; x_wconf 81' lang='grc' dir='ltr'>ὀμνύναι,</span> <span class='ocrx_word' id='word_1_493' title='bbox 2057 1641 2303 1694; x_wconf 84' lang='grc' dir='ltr'>χρησαμένους</span> <span class='ocrx_word' id='word_1_494' title='bbox 2321 1642 2356 1680; x_wconf 80' lang='grc' dir='ltr'>δὲ</span> 
     </span>
     <span class='ocr_line' id='line_1_84' title="bbox 1374 1699 2356 1753; baseline -0.003 -11"><span class='ocrx_word' id='word_1_495' title='bbox 1374 1710 1444 1747; x_wconf 78' lang='grc' dir='ltr'>τοῖς</span> <span class='ocrx_word' id='word_1_496' title='bbox 1464 1701 1578 1753; x_wconf 77' lang='grc' dir='ltr'>ὅρκοις</span> <span class='ocrx_word' id='word_1_497' title='bbox 1597 1700 1737 1745; x_wconf 85' lang='grc' dir='ltr'>πάντως</span> <span class='ocrx_word' id='word_1_498' title='bbox 1758 1699 1922 1752; x_wconf 81' lang='grc' dir='ltr'>ἐμμένειν</span> <span class='ocrx_word' id='word_1_499' title='bbox 1942 1700 2003 1739; x_wconf 76' lang='grc' dir='ltr'><strong>καὶ</strong></span> <span class='ocrx_word' id='word_1_500' title='bbox 2022 1700 2109 1753; x_wconf 79' lang='grc' dir='ltr'>πρὸς</span> <span class='ocrx_word' id='word_1_501' title='bbox 2135 1701 2233 1745; x_wconf 86' lang='grc' dir='ltr'>τέλος</span> <span class='ocrx_word' id='word_1_502' title='bbox 2260 1700 2356 1753; x_wconf 79' lang='grc' dir='ltr'>ἄγειν</span> 
     </span>
     <span class='ocr_line' id='line_1_85' title="bbox 1374 1755 2042 1815; baseline -0.006 -14"><span class='ocrx_word' id='word_1_503' title='bbox 1374 1763 1461 1815; x_wconf 81' lang='grc' dir='ltr'>ὑπὲρ</span> <span class='ocrx_word' id='word_1_504' title='bbox 1479 1755 1526 1800; x_wconf 69' lang='grc' dir='ltr'><strong>ὧν</strong></span> <span class='ocrx_word' id='word_1_505' title='bbox 1545 1761 1585 1800; x_wconf 88' lang='grc' dir='ltr'><strong>ἄν</strong></span> <span class='ocrx_word' id='word_1_506' title='bbox 1603 1776 1655 1804; x_wconf 88' lang='grc' dir='ltr'><strong>τις</strong></span> <span class='ocrx_word' id='word_1_507' title='bbox 1672 1759 1785 1812; x_wconf 84' lang='grc' dir='ltr'>ὀμόσῃ</span> <span class='ocrx_word' id='word_1_508' title='bbox 1806 1759 2042 1812; x_wconf 86' lang='grc' dir='ltr'>πραγμάτων.</span> 
     </span>
    </p>

    <p class='ocr_par' dir='ltr' id='par_1_30' title="bbox 1371 1818 2357 2218">
     <span class='ocr_line' id='line_1_86' title="bbox 1429 1818 2246 1874; baseline -0.002 -14"><span class='ocrx_word' id='word_1_509' title='bbox 1429 1821 1638 1874; x_wconf 74' lang='lat' dir='ltr'><strong>(D10dorus</strong></span> <span class='ocrx_word' id='word_1_510' title='bbox 1660 1820 1816 1858; x_wconf 83' lang='lat' dir='ltr'><strong>Siculus</strong></span> <span class='ocrx_word' id='word_1_511' title='bbox 1836 1819 1906 1857; x_wconf 93' lang='lat' dir='ltr'><strong>Iib.</strong></span> <span class='ocrx_word' id='word_1_512' title='bbox 1935 1818 1982 1857; x_wconf 84' lang='lat' dir='ltr'><strong>X.</strong></span> <span class='ocrx_word' id='word_1_513' title='bbox 2007 1819 2142 1870; x_wconf 88' lang='lat' dir='ltr'><strong>fragm.</strong></span> <span class='ocrx_word' id='word_1_514' title='bbox 2170 1820 2246 1858; x_wconf 75' lang='lat' dir='ltr'><strong>16.l</strong></span> 
     </span>
     <span class='ocr_line' id='line_1_87' title="bbox 1371 1877 2357 1932; baseline -0.006 -11"><span class='ocrx_word' id='word_1_515' title='bbox 1371 1881 1417 1921; x_wconf 80' lang='lat' dir='ltr'><strong>‘O</strong></span> <span class='ocrx_word' id='word_1_516' title='bbox 1438 1880 1541 1925; x_wconf 75' lang='grc' dir='ltr'>αὐτὸς</span> <span class='ocrx_word' id='word_1_517' title='bbox 1575 1879 1786 1932; x_wconf 86' lang='grc' dir='ltr'>Πυθαγόρας</span> <span class='ocrx_word' id='word_1_518' title='bbox 1805 1878 2030 1931; x_wconf 87' lang='grc' dir='ltr'>παρήγγελλε</span> <span class='ocrx_word' id='word_1_519' title='bbox 2056 1877 2143 1930; x_wconf 74' lang='grc' dir='ltr'>πρὸς</span> <span class='ocrx_word' id='word_1_520' title='bbox 2168 1877 2246 1922; x_wconf 65' lang='grc' dir='ltr'>τοὺς</span> <span class='ocrx_word' id='word_1_521' title='bbox 2262 1877 2357 1921; x_wconf 76' lang='grc' dir='ltr'>θεοὺς</span> 
     </span>
     <span class='ocr_line' id='line_1_88' title="bbox 1373 1937 2356 1994; baseline -0.005 -15"><span class='ocrx_word' id='word_1_522' title='bbox 1373 1940 1554 1994; x_wconf 84' lang='grc' dir='ltr'>προσιέναι</span> <span class='ocrx_word' id='word_1_523' title='bbox 1575 1938 1651 1983; x_wconf 79' lang='grc' dir='ltr'>τοὺς</span> <span class='ocrx_word' id='word_1_524' title='bbox 1672 1937 1815 1982; x_wconf 79' lang='grc' dir='ltr'>θύοντας</span> <span class='ocrx_word' id='word_1_525' title='bbox 1838 1937 1886 1988; x_wconf 88' lang='grc' dir='ltr'>μὴ</span> <span class='ocrx_word' id='word_1_526' title='bbox 1908 1939 2130 1984; x_wconf 83' lang='grc' dir='ltr'>πολυτελεῖς,</span> <span class='ocrx_word' id='word_1_527' title='bbox 2155 1937 2245 1975; x_wconf 81' lang='grc' dir='ltr'>ἀλλὰ</span> <span class='ocrx_word' id='word_1_528' title='bbox 2263 1939 2356 1985; x_wconf 83' lang='grc' dir='ltr'>λαμ-</span> 
     </span>
     <span class='ocr_line' id='line_1_89' title="bbox 1373 1994 2354 2053; baseline -0.006 -14"><span class='ocrx_word' id='word_1_529' title='bbox 1373 2001 1464 2053; x_wconf 87' lang='grc' dir='ltr'>πρὰς</span> <span class='ocrx_word' id='word_1_530' title='bbox 1483 1998 1544 2038; x_wconf 80' lang='grc' dir='ltr'><strong>καὶ</strong></span> <span class='ocrx_word' id='word_1_531' title='bbox 1563 1999 1720 2051; x_wconf 82' lang='grc' dir='ltr'>καθαρὰς</span> <span class='ocrx_word' id='word_1_532' title='bbox 1740 1997 1886 2050; x_wconf 83' lang='grc' dir='ltr'>ἔχοντας</span> <span class='ocrx_word' id='word_1_533' title='bbox 1905 1998 2053 2044; x_wconf 82' lang='grc' dir='ltr'>ἐσθ’ἧτας</span> <span class='ocrx_word' id='word_1_534' title='bbox 2066 2027 2076 2047; x_wconf 87' lang='grc'>,</span> <span class='ocrx_word' id='word_1_535' title='bbox 2096 1996 2225 2046; x_wconf 84' lang='grc' dir='ltr'>ὁμοίως</span> <span class='ocrx_word' id='word_1_536' title='bbox 2245 1996 2280 2034; x_wconf 84' lang='grc' dir='ltr'>δὲ</span> <span class='ocrx_word' id='word_1_537' title='bbox 2306 1994 2354 2046; x_wconf 85' lang='grc' dir='ltr'>μὴ</span> 
     </span>
     <span class='ocr_line' id='line_1_90' title="bbox 1376 2054 2357 2111; baseline -0.005 -13"><span class='ocrx_word' id='word_1_538' title='bbox 1376 2059 1480 2111; x_wconf 88' lang='grc' dir='ltr'>μόνον</span> <span class='ocrx_word' id='word_1_539' title='bbox 1516 2059 1555 2096; x_wconf 81' lang='grc' dir='ltr'>τὸ</span> <span class='ocrx_word' id='word_1_540' title='bbox 1594 2059 1700 2107; x_wconf 81' lang='grc' dir='ltr'>σῶμα</span> <span class='ocrx_word' id='word_1_541' title='bbox 1736 2055 1889 2108; x_wconf 87' lang='grc' dir='ltr'>καθαρὸν</span> <span class='ocrx_word' id='word_1_542' title='bbox 1927 2054 2190 2109; x_wconf 79' lang='grc' dir='ltr'>παρεχομένους</span> <span class='ocrx_word' id='word_1_543' title='bbox 2240 2055 2357 2101; x_wconf 90' lang='grc' dir='ltr'>πάσης</span> 
     </span>
     <span class='ocr_line' id='line_1_91' title="bbox 1377 2114 2357 2169; baseline -0.006 -11"><span class='ocrx_word' id='word_1_544' title='bbox 1377 2119 1500 2158; x_wconf 81' lang='grc' dir='ltr'>ἀδίκου</span> <span class='ocrx_word' id='word_1_545' title='bbox 1525 2117 1703 2169; x_wconf 79' lang='grc' dir='ltr'>πράξεως,</span> <span class='ocrx_word' id='word_1_546' title='bbox 1733 2115 1825 2155; x_wconf 86' lang='grc' dir='ltr'>ἀλλὰ</span> <span class='ocrx_word' id='word_1_547' title='bbox 1851 2115 1913 2154; x_wconf 85' lang='grc' dir='ltr'><strong>καὶ</strong></span> <span class='ocrx_word' id='word_1_548' title='bbox 1945 2114 2008 2163; x_wconf 81' lang='grc' dir='ltr'><strong>τὴν</strong></span> <span class='ocrx_word' id='word_1_549' title='bbox 2035 2115 2152 2169; x_wconf 77' lang='grc' dir='ltr'>ψυχὴν</span> <span class='ocrx_word' id='word_1_550' title='bbox 2190 2114 2357 2166; x_wconf 77' lang='grc' dir='ltr'>ἁγνεύου-</span> 
     </span>
     <span class='ocr_line' id='line_1_92' title="bbox 1376 2194 1454 2218; baseline 0.013 -1"><span class='ocrx_word' id='word_1_551' title='bbox 1376 2194 1454 2218; x_wconf 93' lang='grc' dir='ltr'>σαν.</span> 
     </span>
    </p>
   </div>
   <div class='ocr_carea' id='block_1_12' title="bbox 1429 2234 2244 2285">
    <p class='ocr_par' dir='ltr' id='par_1_31' title="bbox 1429 2234 2244 2285">
     <span class='ocr_line' id='line_1_93' title="bbox 1429 2234 2244 2285; baseline -0.002 -9"><span class='ocrx_word' id='word_1_552' title='bbox 1429 2238 1645 2284; x_wconf 72' lang='lat' dir='ltr'><strong>(Diodorus</strong></span> <span class='ocrx_word' id='word_1_553' title='bbox 1666 2236 1823 2275; x_wconf 88' lang='lat' dir='ltr'><strong>Siculus</strong></span> <span class='ocrx_word' id='word_1_554' title='bbox 1840 2234 1912 2273; x_wconf 82' lang='lat' dir='ltr'><strong>lib.</strong></span> <span class='ocrx_word' id='word_1_555' title='bbox 1939 2234 1973 2273; x_wconf 88' lang='lat' dir='ltr'>X</span> <span class='ocrx_word' id='word_1_556' title='bbox 1995 2235 2131 2285; x_wconf 83' lang='lat' dir='ltr'><strong>fragm.</strong></span> <span class='ocrx_word' id='word_1_557' title='bbox 2156 2234 2244 2285; x_wconf 71' lang='grc' dir='ltr'>αι.)</span> 
     </span>
    </p>
   </div>
   <div class='ocr_carea' id='block_1_13' title="bbox 1291 765 1339 792">
    <p class='ocr_par' dir='ltr' id='par_1_32' title="bbox 1291 765 1339 792">
     <span class='ocr_line' id='line_1_94' title="bbox 1291 765 1339 792; baseline 0.021 -1"><span class='ocrx_word' id='word_1_558' title='bbox 1291 765 1339 792; x_wconf 80' lang='lat'><strong>61.</strong></span> 
     </span>
    </p>
   </div>
   <div class='ocr_carea' id='block_1_14' title="bbox 1292 946 1342 971">
    <p class='ocr_par' dir='ltr' id='par_1_33' title="bbox 1292 946 1342 971">
     <span class='ocr_line' id='line_1_95' title="bbox 1292 946 1342 971; baseline 0 0"><span class='ocrx_word' id='word_1_559' title='bbox 1292 946 1342 971; x_wconf 72' lang='grc'><strong>62.</strong></span> 
     </span>
    </p>
   </div>
   <div class='ocr_carea' id='block_1_15' title="bbox 1292 1184 1343 1209">
    <p class='ocr_par' dir='ltr' id='par_1_34' title="bbox 1292 1184 1343 1209">
     <span class='ocr_line' id='line_1_96' title="bbox 1292 1184 1343 1209; baseline 0 0"><span class='ocrx_word' id='word_1_560' title='bbox 1292 1184 1343 1209; x_wconf 81' lang='grc'><strong>63.</strong></span> 
     </span>
    </p>
   </div>
   <div class='ocr_carea' id='block_1_16' title="bbox 1293 1362 1342 1388">
    <p class='ocr_par' dir='ltr' id='par_1_35' title="bbox 1293 1362 1342 1388">
     <span class='ocr_line' id='line_1_97' title="bbox 1293 1362 1342 1388; baseline 0 0"><span class='ocrx_word' id='word_1_561' title='bbox 1293 1362 1342 1388; x_wconf 74' lang='grc'><strong>61.</strong></span> 
     </span>
    </p>
   </div>
   <div class='ocr_carea' id='block_1_17' title="bbox 1292 1601 1340 1627">
    <p class='ocr_par' dir='ltr' id='par_1_36' title="bbox 1292 1601 1340 1627">
     <span class='ocr_line' id='line_1_98' title="bbox 1292 1601 1340 1627; baseline -0.042 0"><span class='ocrx_word' id='word_1_562' title='bbox 1292 1601 1340 1627; x_wconf 80' lang='lat'><strong>65.</strong></span> 
     </span>
    </p>
   </div>
   <div class='ocr_carea' id='block_1_18' title="bbox 1293 1898 1341 1923">
    <p class='ocr_par' dir='ltr' id='par_1_37' title="bbox 1293 1898 1341 1923">
     <span class='ocr_line' id='line_1_99' title="bbox 1293 1898 1341 1923; baseline 0 0"><span class='ocrx_word' id='word_1_563' title='bbox 1293 1898 1341 1923; x_wconf 80' lang='lat'><strong>66.</strong></span> 
     </span>
    </p>
   </div>
   <div class='ocr_carea' id='block_1_19' title="bbox 1542 2329 1683 2334">
    <p class='ocr_par' dir='ltr' id='par_1_38' title="bbox 1542 2329 1683 2334">
     <span class='ocr_line' id='line_1_100' title="bbox 1542 2329 1683 2334; baseline 0 0"><span class='ocrx_word' id='word_1_564' title='bbox 1542 2329 1683 2334; x_wconf 95' lang='lat' dir='ltr'><strong> </strong></span> 
     </span>
    </p>
   </div>
   <div class='ocr_carea' id='block_1_20' title="bbox 1298 2371 2359 3605">
    <p class='ocr_par' dir='ltr' id='par_1_39' title="bbox 1299 2371 2358 2527">
     <span class='ocr_line' id='line_1_101' title="bbox 1341 2371 2356 2415; baseline -0.007 -6"><span class='ocrx_word' id='word_1_565' title='bbox 1341 2380 1393 2409; x_wconf 81' lang='lat'><strong>60.</strong></span> <span class='ocrx_word' id='word_1_566' title='bbox 1419 2377 1634 2415; x_wconf 86' lang='lat' dir='ltr'><strong>lnterrogatus</strong></span> <span class='ocrx_word' id='word_1_567' title='bbox 1658 2373 1799 2415; x_wconf 85' lang='lat' dir='ltr'><strong>quodam</strong></span> <span class='ocrx_word' id='word_1_568' title='bbox 1820 2377 1962 2413; x_wconf 80' lang='lat' dir='ltr'><strong>tempore</strong></span> <span class='ocrx_word' id='word_1_569' title='bbox 1982 2372 2199 2413; x_wconf 84' lang='lat' dir='ltr'><strong>Pythagoras,</strong></span> <span class='ocrx_word' id='word_1_570' title='bbox 2224 2371 2356 2413; x_wconf 83' lang='lat' dir='ltr'><strong>quando</strong></span> 
     </span>
     <span class='ocr_line' id='line_1_102' title="bbox 1299 2430 2358 2474; baseline -0.006 -6"><span class='ocrx_word' id='word_1_571' title='bbox 1299 2437 1380 2468; x_wconf 86' lang='lat' dir='ltr'><strong>esset</strong></span> <span class='ocrx_word' id='word_1_572' title='bbox 1397 2434 1699 2473; x_wconf 89' lang='lat' dir='ltr'><strong>concumbendum,</strong></span> <span class='ocrx_word' id='word_1_573' title='bbox 1711 2434 1814 2468; x_wconf 84' lang='lat' dir='ltr'><strong>Tunc,</strong></span> <span class='ocrx_word' id='word_1_574' title='bbox 1832 2432 1954 2474; x_wconf 84' lang='lat' dir='ltr'><strong>inquit,</strong></span> <span class='ocrx_word' id='word_1_575' title='bbox 1967 2440 2042 2464; x_wconf 90' lang='lat' dir='ltr'><strong>cnm</strong></span> <span class='ocrx_word' id='word_1_576' title='bbox 2057 2432 2090 2463; x_wconf 90' lang='lat' dir='ltr'><strong>te</strong></span> <span class='ocrx_word' id='word_1_577' title='bbox 2110 2431 2178 2472; x_wconf 89' lang='lat' dir='ltr'><strong>ipso</strong></span> <span class='ocrx_word' id='word_1_578' title='bbox 2199 2430 2358 2463; x_wconf 88' lang='lat' dir='ltr'><strong>intirmior</strong></span> 
     </span>
     <span class='ocr_line' id='line_1_103' title="bbox 1299 2495 1445 2527; baseline -0.014 0"><span class='ocrx_word' id='word_1_579' title='bbox 1299 2495 1366 2527; x_wconf 85' lang='lat' dir='ltr'><strong>fieri</strong></span> <span class='ocrx_word' id='word_1_580' title='bbox 1385 2495 1445 2527; x_wconf 86' lang='lat' dir='ltr'><strong>vis.</strong></span> 
     </span>
    </p>

    <p class='ocr_par' dir='ltr' id='par_1_40' title="bbox 1298 2538 2356 2647">
     <span class='ocr_line' id='line_1_104' title="bbox 1340 2538 2356 2594; baseline -0.007 -7"><span class='ocrx_word' id='word_1_581' title='bbox 1340 2558 1391 2583; x_wconf 65' lang='grc'><strong>81.</strong></span> <span class='ocrx_word' id='word_1_582' title='bbox 1416 2553 1608 2594; x_wconf 83' lang='lat' dir='ltr'><strong>Pvthagorei</strong></span> <span class='ocrx_word' id='word_1_583' title='bbox 1627 2552 1800 2591; x_wconf 85' lang='lat' dir='ltr'><strong>dicebant,</strong></span> <span class='ocrx_word' id='word_1_584' title='bbox 1815 2538 1967 2584; x_wconf 43' lang='lat' dir='ltr'><strong>non¹esse</strong></span> <span class='ocrx_word' id='word_1_585' title='bbox 1980 2549 2132 2582; x_wconf 87' lang='lat' dir='ltr'><strong>omnibns</strong></span> <span class='ocrx_word' id='word_1_586' title='bbox 2149 2549 2259 2582; x_wconf 90' lang='lat' dir='ltr'><strong>omnia</strong></span> <span class='ocrx_word' id='word_1_587' title='bbox 2286 2558 2356 2590; x_wconf 84' lang='lat' dir='ltr'><strong>ape·</strong></span> 
     </span>
     <span class='ocr_line' id='line_1_105' title="bbox 1298 2615 1421 2647; baseline 0.008 -1"><span class='ocrx_word' id='word_1_588' title='bbox 1298 2615 1421 2647; x_wconf 85' lang='lat' dir='ltr'><strong>rienda.</strong></span> 
     </span>
    </p>

    <p class='ocr_par' dir='ltr' id='par_1_41' title="bbox 1298 2668 2358 2835">
     <span class='ocr_line' id='line_1_106' title="bbox 1341 2668 2358 2715; baseline -0.007 -8"><span class='ocrx_word' id='word_1_589' title='bbox 1341 2679 1393 2707; x_wconf 77' lang='lat'><strong>62.</strong></span> <span class='ocrx_word' id='word_1_590' title='bbox 1420 2673 1621 2715; x_wconf 87' lang='lat' dir='ltr'><strong>Xenophilus</strong></span> <span class='ocrx_word' id='word_1_591' title='bbox 1649 2670 1887 2713; x_wconf 78' lang='lat' dir='ltr'><strong>Pythagoricus</strong></span> <span class='ocrx_word' id='word_1_592' title='bbox 1913 2670 2132 2710; x_wconf 86' lang='lat' dir='ltr'><strong>interrogatus</strong></span> <span class='ocrx_word' id='word_1_593' title='bbox 2157 2677 2175 2701; x_wconf 91' lang='lat' dir='ltr'><strong>a</strong></span> <span class='ocrx_word' id='word_1_594' title='bbox 2198 2668 2358 2710; x_wconf 86' lang='lat' dir='ltr'><strong>quodam,</strong></span> 
     </span>
     <span class='ocr_line' id='line_1_107' title="bbox 1298 2728 2358 2775; baseline -0.006 -9"><span class='ocrx_word' id='word_1_595' title='bbox 1298 2743 1363 2775; x_wconf 88' lang='lat' dir='ltr'><strong>quo</strong></span> <span class='ocrx_word' id='word_1_596' title='bbox 1381 2734 1474 2775; x_wconf 85' lang='lat' dir='ltr'><strong>pacto</strong></span> <span class='ocrx_word' id='word_1_597' title='bbox 1493 2732 1615 2772; x_wconf 86' lang='lat' dir='ltr'><strong>optime</strong></span> <span class='ocrx_word' id='word_1_598' title='bbox 1632 2731 1735 2764; x_wconf 85' lang='lat' dir='ltr'><strong>lilium</strong></span> <span class='ocrx_word' id='word_1_599' title='bbox 1761 2729 1926 2768; x_wconf 80' lang='lat' dir='ltr'><strong>erudiret.</strong></span> <span class='ocrx_word' id='word_1_600' title='bbox 1953 2729 2134 2772; x_wconf 74' lang='lat' dir='ltr'><strong>respondit,</strong></span> <span class='ocrx_word' id='word_1_601' title='bbox 2163 2728 2197 2762; x_wconf 91' lang='lat' dir='ltr'><strong>Si</strong></span> <span class='ocrx_word' id='word_1_602' title='bbox 2218 2728 2358 2761; x_wconf 79' lang='lat' dir='ltr'><strong>clvitatis</strong></span> 
     </span>
     <span class='ocr_line' id='line_1_108' title="bbox 1299 2791 1956 2835; baseline -0.008 -8"><span class='ocrx_word' id='word_1_603' title='bbox 1299 2794 1391 2827; x_wconf 87' lang='lat' dir='ltr'><strong>bonis</strong></span> <span class='ocrx_word' id='word_1_604' title='bbox 1411 2793 1536 2835; x_wconf 82' lang='lat' dir='ltr'><strong>legibus</strong></span> <span class='ocrx_word' id='word_1_605' title='bbox 1553 2793 1742 2833; x_wconf 63' lang='lat' dir='ltr'><strong>temperatae</strong></span> <span class='ocrx_word' id='word_1_606' title='bbox 1756 2791 1837 2823; x_wconf 89' lang='lat' dir='ltr'><strong>civis</strong></span> <span class='ocrx_word' id='word_1_607' title='bbox 1851 2791 1956 2823; x_wconf 86' lang='lat' dir='ltr'><strong>tieret.</strong></span> 
     </span>
    </p>

    <p class='ocr_par' dir='ltr' id='par_1_42' title="bbox 1299 2849 2358 2955">
     <span class='ocr_line' id='line_1_109' title="bbox 1340 2849 2358 2893; baseline -0.005 -8"><span class='ocrx_word' id='word_1_608' title='bbox 1340 2857 1392 2886; x_wconf 77' lang='lat'><strong>63.</strong></span> <span class='ocrx_word' id='word_1_609' title='bbox 1411 2852 1605 2893; x_wconf 83' lang='lat' dir='ltr'><strong>Pythagoras</strong></span> <span class='ocrx_word' id='word_1_610' title='bbox 1617 2851 1838 2892; x_wconf 85' lang='lat' dir='ltr'><strong>interrogatus,</strong></span> <span class='ocrx_word' id='word_1_611' title='bbox 1848 2849 2012 2891; x_wconf 90' lang='lat' dir='ltr'><strong>quomodo</strong></span> <span class='ocrx_word' id='word_1_612' title='bbox 2024 2849 2188 2891; x_wconf 82' lang='lat' dir='ltr'><strong>oporteret</strong></span> <span class='ocrx_word' id='word_1_613' title='bbox 2201 2856 2237 2882; x_wconf 85' lang='lat' dir='ltr'><strong>se</strong></span> <span class='ocrx_word' id='word_1_614' title='bbox 2249 2856 2358 2889; x_wconf 82' lang='lat' dir='ltr'><strong>gerere</strong></span> 
     </span>
     <span class='ocr_line' id='line_1_110' title="bbox 1299 2908 2251 2955; baseline -0.005 -9"><span class='ocrx_word' id='word_1_615' title='bbox 1299 2922 1373 2954; x_wconf 83' lang='lat' dir='ltr'><strong>erga</strong></span> <span class='ocrx_word' id='word_1_616' title='bbox 1390 2912 1526 2955; x_wconf 88' lang='lat' dir='ltr'><strong>patriam</strong></span> <span class='ocrx_word' id='word_1_617' title='bbox 1543 2912 1702 2952; x_wconf 84' lang='lat' dir='ltr'><strong>ingratam</strong></span> <span class='ocrx_word' id='word_1_618' title='bbox 1719 2923 1727 2943; x_wconf 73' lang='grc' dir='ltr'><strong>ε</strong></span> <span class='ocrx_word' id='word_1_619' title='bbox 1747 2911 1791 2942; x_wconf 91' lang='lat' dir='ltr'><strong>Ut</strong></span> <span class='ocrx_word' id='word_1_620' title='bbox 1807 2919 1881 2950; x_wconf 76' lang='lat' dir='ltr'><strong>erga</strong></span> <span class='ocrx_word' id='word_1_621' title='bbox 1898 2911 2035 2942; x_wconf 89' lang='lat' dir='ltr'><strong>matrem</strong></span> <span class='ocrx_word' id='word_1_622' title='bbox 2048 2935 2057 2950; x_wconf 91' lang='lat'>‚</span> <span class='ocrx_word' id='word_1_623' title='bbox 2078 2908 2251 2951; x_wconf 89' lang='lat' dir='ltr'><strong>respondit.</strong></span> 
     </span>
    </p>

    <p class='ocr_par' dir='ltr' id='par_1_43' title="bbox 1299 2967 2358 3070">
     <span class='ocr_line' id='line_1_111' title="bbox 1340 2967 2358 3012; baseline -0.004 -10"><span class='ocrx_word' id='word_1_624' title='bbox 1340 2973 1391 3004; x_wconf 81' lang='grc'><strong>64.</strong></span> <span class='ocrx_word' id='word_1_625' title='bbox 1407 2971 1456 3003; x_wconf 87' lang='lat' dir='ltr'><strong>Ab</strong></span> <span class='ocrx_word' id='word_1_626' title='bbox 1475 2971 1512 3003; x_wconf 91' lang='lat' dir='ltr'><strong>iis</strong></span> <span class='ocrx_word' id='word_1_627' title='bbox 1528 2970 1583 3012; x_wconf 91' lang='lat' dir='ltr'><strong>qui</strong></span> <span class='ocrx_word' id='word_1_628' title='bbox 1601 2969 1751 3010; x_wconf 85' lang='lat' dir='ltr'><strong>injuriam</strong></span> <span class='ocrx_word' id='word_1_629' title='bbox 1767 2969 1910 3001; x_wconf 75' lang='lat' dir='ltr'><strong>fecerunt</strong></span> <span class='ocrx_word' id='word_1_630' title='bbox 1929 2978 1969 3001; x_wconf 89' lang='lat' dir='ltr'><strong>ne</strong></span> <span class='ocrx_word' id='word_1_631' title='bbox 1981 2969 2100 3000; x_wconf 86' lang='lat' dir='ltr'><strong>sumito</strong></span> <span class='ocrx_word' id='word_1_632' title='bbox 2119 2976 2246 3008; x_wconf 86' lang='lat' dir='ltr'><strong>poenam</strong></span> <span class='ocrx_word' id='word_1_633' title='bbox 2258 2978 2268 3007; x_wconf 91' lang='lat'>;</span> <span class='ocrx_word' id='word_1_634' title='bbox 2282 2967 2358 2998; x_wconf 85' lang='lat' dir='ltr'><strong>satis</strong></span> 
     </span>
     <span class='ocr_line' id='line_1_112' title="bbox 1299 3027 1853 3070; baseline -0.004 -8"><span class='ocrx_word' id='word_1_635' title='bbox 1299 3030 1384 3062; x_wconf 90' lang='lat' dir='ltr'><strong>enirn</strong></span> <span class='ocrx_word' id='word_1_636' title='bbox 1401 3030 1449 3062; x_wconf 86' lang='lat' dir='ltr'><strong>est</strong></span> <span class='ocrx_word' id='word_1_637' title='bbox 1467 3030 1538 3062; x_wconf 84' lang='lat' dir='ltr'><strong>illos</strong></span> <span class='ocrx_word' id='word_1_638' title='bbox 1554 3037 1615 3061; x_wconf 87' lang='lat' dir='ltr'><strong>sno</strong></span> <span class='ocrx_word' id='word_1_639' title='bbox 1633 3027 1735 3070; x_wconf 85' lang='lat' dir='ltr'><strong>premi</strong></span> <span class='ocrx_word' id='word_1_640' title='bbox 1755 3027 1853 3060; x_wconf 87' lang='lat' dir='ltr'><strong>malo.</strong></span> 
     </span>
    </p>

    <p class='ocr_par' dir='ltr' id='par_1_44' title="bbox 1300 3083 2359 3359">
     <span class='ocr_line' id='line_1_113' title="bbox 1342 3083 2357 3130; baseline -0.007 -8"><span class='ocrx_word' id='word_1_641' title='bbox 1342 3093 1393 3122; x_wconf 81' lang='lat'><strong>65.</strong></span> <span class='ocrx_word' id='word_1_642' title='bbox 1411 3089 1606 3130; x_wconf 81' lang='lat' dir='ltr'><strong>Pythagoras</strong></span> <span class='ocrx_word' id='word_1_643' title='bbox 1621 3096 1717 3129; x_wconf 89' lang='lat' dir='ltr'><strong>super</strong></span> <span class='ocrx_word' id='word_1_644' title='bbox 1733 3091 1847 3120; x_wconf 82' lang='lat' dir='ltr'><strong>caetera</strong></span> <span class='ocrx_word' id='word_1_645' title='bbox 1865 3086 2031 3127; x_wconf 87' lang='lat' dir='ltr'><strong>discipulis</strong></span> <span class='ocrx_word' id='word_1_646' title='bbox 2044 3085 2111 3117; x_wconf 88' lang='lat' dir='ltr'><strong>snis</strong></span> <span class='ocrx_word' id='word_1_647' title='bbox 2132 3083 2357 3126; x_wconf 82' lang='lat' dir='ltr'><strong>praecipiebat,</strong></span> 
     </span>
     <span class='ocr_line' id='line_1_114' title="bbox 1300 3143 2357 3189; baseline -0.007 -8"><span class='ocrx_word' id='word_1_648' title='bbox 1300 3149 1337 3182; x_wconf 86' lang='lat' dir='ltr'><strong>ut</strong></span> <span class='ocrx_word' id='word_1_649' title='bbox 1349 3149 1389 3181; x_wconf 87' lang='lat' dir='ltr'><strong>ad</strong></span> <span class='ocrx_word' id='word_1_650' title='bbox 1405 3147 1578 3189; x_wconf 86' lang='lat' dir='ltr'><strong>jurandum</strong></span> <span class='ocrx_word' id='word_1_651' title='bbox 1594 3156 1666 3180; x_wconf 90' lang='lat' dir='ltr'><strong>raro</strong></span> <span class='ocrx_word' id='word_1_652' title='bbox 1682 3146 1890 3186; x_wconf 87' lang='lat' dir='ltr'><strong>accederent,</strong></span> <span class='ocrx_word' id='word_1_653' title='bbox 1904 3145 1959 3178; x_wconf 87' lang='lat' dir='ltr'><strong>ubi</strong></span> <span class='ocrx_word' id='word_1_654' title='bbox 1974 3154 2051 3177; x_wconf 89' lang='lat' dir='ltr'><strong>vero</strong></span> <span class='ocrx_word' id='word_1_655' title='bbox 2061 3144 2158 3176; x_wconf 90' lang='lat' dir='ltr'><strong>semel</strong></span> <span class='ocrx_word' id='word_1_656' title='bbox 2174 3143 2335 3183; x_wconf 87' lang='lat' dir='ltr'><strong>jurassent</strong></span> <span class='ocrx_word' id='word_1_657' title='bbox 2347 3165 2357 3182; x_wconf 84' lang='lat'>‚</span> 
     </span>
     <span class='ocr_line' id='line_1_115' title="bbox 1300 3202 2359 3249; baseline -0.007 -9"><span class='ocrx_word' id='word_1_658' title='bbox 1300 3208 1338 3240; x_wconf 94' lang='lat' dir='ltr'><strong>ut</strong></span> <span class='ocrx_word' id='word_1_659' title='bbox 1367 3215 1498 3249; x_wconf 89' lang='lat' dir='ltr'><strong>prorsus</strong></span> <span class='ocrx_word' id='word_1_660' title='bbox 1532 3205 1723 3239; x_wconf 81' lang='lat' dir='ltr'><strong>sacramenti</strong></span> <span class='ocrx_word' id='word_1_661' title='bbox 1746 3204 1842 3238; x_wconf 84' lang='lat' dir='ltr'><strong>tidem</strong></span> <span class='ocrx_word' id='word_1_662' title='bbox 1875 3204 2041 3237; x_wconf 88' lang='lat' dir='ltr'><strong>servarent</strong></span> <span class='ocrx_word' id='word_1_663' title='bbox 2071 3211 2173 3243; x_wconf 86' lang='lat' dir='ltr'><strong>eaque</strong></span> <span class='ocrx_word' id='word_1_664' title='bbox 2200 3210 2274 3243; x_wconf 81' lang='lat' dir='ltr'><strong>qnae</strong></span> <span class='ocrx_word' id='word_1_665' title='bbox 2309 3202 2359 3233; x_wconf 90' lang='lat' dir='ltr'><strong>in-</strong></span> 
     </span>
     <span class='ocr_line' id='line_1_116' title="bbox 1300 3260 2358 3308; baseline -0.008 -8"><span class='ocrx_word' id='word_1_666' title='bbox 1300 3267 1454 3308; x_wconf 86' lang='lat' dir='ltr'><strong>terposito</strong></span> <span class='ocrx_word' id='word_1_667' title='bbox 1480 3265 1688 3307; x_wconf 83' lang='lat' dir='ltr'><strong>jurejurando</strong></span> <span class='ocrx_word' id='word_1_668' title='bbox 1711 3263 1844 3305; x_wconf 88' lang='lat' dir='ltr'><strong>polliciti</strong></span> <span class='ocrx_word' id='word_1_669' title='bbox 1873 3264 2000 3303; x_wconf 84' lang='lat' dir='ltr'><strong>essent,</strong></span> <span class='ocrx_word' id='word_1_670' title='bbox 2025 3262 2065 3294; x_wconf 87' lang='lat' dir='ltr'><strong>ad</strong></span> <span class='ocrx_word' id='word_1_671' title='bbox 2095 3261 2191 3294; x_wconf 88' lang='lat' dir='ltr'><strong>tinem</strong></span> <span class='ocrx_word' id='word_1_672' title='bbox 2218 3260 2358 3293; x_wconf 85' lang='lat' dir='ltr'><strong>adduce-</strong></span> 
     </span>
     <span class='ocr_line' id='line_1_117' title="bbox 1300 3329 1381 3359; baseline 0 -1"><span class='ocrx_word' id='word_1_673' title='bbox 1300 3329 1381 3359; x_wconf 88' lang='lat' dir='ltr'><strong>rent.</strong></span> 
     </span>
    </p>

    <p class='ocr_par' dir='ltr' id='par_1_45' title="bbox 1302 3379 2359 3605">
     <span class='ocr_line' id='line_1_118' title="bbox 1344 3379 2359 3424; baseline -0.009 -6"><span class='ocrx_word' id='word_1_674' title='bbox 1344 3390 1394 3419; x_wconf 83' lang='grc'><strong>66.</strong></span> <span class='ocrx_word' id='word_1_675' title='bbox 1419 3384 1510 3418; x_wconf 90' lang='lat' dir='ltr'><strong>Idem</strong></span> <span class='ocrx_word' id='word_1_676' title='bbox 1528 3384 1728 3424; x_wconf 84' lang='lat' dir='ltr'><strong>Pythagoras</strong></span> <span class='ocrx_word' id='word_1_677' title='bbox 1746 3382 1915 3420; x_wconf 74' lang='lat' dir='ltr'><strong>monebat,</strong></span> <span class='ocrx_word' id='word_1_678' title='bbox 1933 3381 1970 3412; x_wconf 89' lang='lat' dir='ltr'><strong>ut</strong></span> <span class='ocrx_word' id='word_1_679' title='bbox 1984 3379 2196 3412; x_wconf 82' lang='lat' dir='ltr'><strong>sacrificantes</strong></span> <span class='ocrx_word' id='word_1_680' title='bbox 2212 3386 2277 3409; x_wconf 92' lang='lat' dir='ltr'><strong>non</strong></span> <span class='ocrx_word' id='word_1_681' title='bbox 2293 3386 2359 3418; x_wconf 88' lang='lat' dir='ltr'><strong>prc-</strong></span> 
     </span>
     <span class='ocr_line' id='line_1_119' title="bbox 1302 3436 2357 3485; baseline -0.009 -7"><span class='ocrx_word' id='word_1_682' title='bbox 1302 3445 1403 3485; x_wconf 91' lang='lat' dir='ltr'><strong>tiosis,</strong></span> <span class='ocrx_word' id='word_1_683' title='bbox 1419 3444 1474 3477; x_wconf 88' lang='lat' dir='ltr'><strong>sed</strong></span> <span class='ocrx_word' id='word_1_684' title='bbox 1493 3443 1637 3476; x_wconf 86' lang='lat' dir='ltr'><strong>candidis</strong></span> <span class='ocrx_word' id='word_1_685' title='bbox 1651 3444 1683 3475; x_wconf 89' lang='lat' dir='ltr'><strong>et</strong></span> <span class='ocrx_word' id='word_1_686' title='bbox 1696 3441 1825 3474; x_wconf 90' lang='lat' dir='ltr'><strong>mundis</strong></span> <span class='ocrx_word' id='word_1_687' title='bbox 1841 3440 1984 3472; x_wconf 89' lang='lat' dir='ltr'><strong>vestibus</strong></span> <span class='ocrx_word' id='word_1_688' title='bbox 1997 3438 2105 3471; x_wconf 88' lang='lat' dir='ltr'><strong>amicti</strong></span> <span class='ocrx_word' id='word_1_689' title='bbox 2121 3438 2199 3470; x_wconf 89' lang='lat' dir='ltr'><strong>deos</strong></span> <span class='ocrx_word' id='word_1_690' title='bbox 2214 3436 2357 3475; x_wconf 81' lang='lat' dir='ltr'><strong>adirent,</strong></span> 
     </span>
     <span class='ocr_line' id='line_1_120' title="bbox 1302 3497 2359 3546; baseline -0.009 -9"><span class='ocrx_word' id='word_1_691' title='bbox 1302 3513 1407 3546; x_wconf 80' lang='lat' dir='ltr'><strong>neque</strong></span> <span class='ocrx_word' id='word_1_692' title='bbox 1421 3503 1527 3536; x_wconf 88' lang='lat' dir='ltr'><strong>solum</strong></span> <span class='ocrx_word' id='word_1_693' title='bbox 1542 3511 1660 3544; x_wconf 85' lang='lat' dir='ltr'><strong>corpus</strong></span> <span class='ocrx_word' id='word_1_694' title='bbox 1677 3510 1793 3543; x_wconf 89' lang='lat' dir='ltr'><strong>purum</strong></span> <span class='ocrx_word' id='word_1_695' title='bbox 1811 3499 1852 3532; x_wconf 84' lang='lat' dir='ltr'><strong>ab</strong></span> <span class='ocrx_word' id='word_1_696' title='bbox 1864 3499 1950 3532; x_wconf 90' lang='lat' dir='ltr'><strong>omni</strong></span> <span class='ocrx_word' id='word_1_697' title='bbox 1961 3498 2032 3531; x_wconf 88' lang='lat' dir='ltr'><strong>labe</strong></span> <span class='ocrx_word' id='word_1_698' title='bbox 2044 3507 2082 3530; x_wconf 90' lang='lat' dir='ltr'><strong>ac</strong></span> <span class='ocrx_word' id='word_1_699' title='bbox 2093 3497 2210 3530; x_wconf 90' lang='lat' dir='ltr'><strong>scelere</strong></span> <span class='ocrx_word' id='word_1_700' title='bbox 2220 3520 2230 3536; x_wconf 93' lang='lat'>,</span> <span class='ocrx_word' id='word_1_701' title='bbox 2246 3503 2359 3529; x_wconf 86' lang='lat' dir='ltr'><strong>verum</strong></span> 
     </span>
     <span class='ocr_line' id='line_1_121' title="bbox 1304 3560 1983 3605; baseline -0.006 -9"><span class='ocrx_word' id='word_1_702' title='bbox 1304 3567 1443 3596; x_wconf 88' lang='lat' dir='ltr'><strong>mentem</strong></span> <span class='ocrx_word' id='word_1_703' title='bbox 1459 3571 1588 3605; x_wconf 88' lang='lat' dir='ltr'><strong>quoque</strong></span> <span class='ocrx_word' id='word_1_704' title='bbox 1601 3562 1724 3594; x_wconf 81' lang='lat' dir='ltr'><strong>castum</strong></span> <span class='ocrx_word' id='word_1_705' title='bbox 1741 3560 1983 3593; x_wconf 86' lang='lat' dir='ltr'><strong>conservarent.</strong></span> 
     </span>
    </p>
   </div>
  </div>
 </body>
</html>
