2612 3814
357 273 373 305 Ἰ
385 271 405 304 4
1231 253 1649 297 COMMENTARIUS

353 355 456 394 enim
478 354 545 405 qui
563 353 735 405 hospitio
749 351 1011 404 excipiuntur,
1033 349 1100 388 sed
1116 349 1183 400 qui
1201 348 1403 400 excipiunt

355 414 539 454 laudandi
558 422 677 452 erant.
693 411 807 458 Quod
830 424 925 450 vero
946 409 1190 460 Agrigentini
1212 416 1404 446 vocantur

354 474 471 519 ξείνων
499 470 650 523 λιμένες,
683 472 867 522 hospitum
906 479 1034 521 portus
1061 478 1098 506 et
1131 467 1330 519 perfugia,
1364 466 1403 504 id

352 535 576 573 Graecorum
600 532 787 584 loquendi
817 529 1089 569 consuetudini
1127 528 1405 566 convenienter

355 595 408 634 tit.
425 593 553 631 Simili
571 591 795 643 metaphora
810 589 1019 640 Euripides
1034 587 1132 626 Med.
1148 601 1209 626 vs.
1228 588 1303 635 766
1319 599 1399 637 seq.

354 653 454 691 dixit
483 666 492 690 :
523 646 620 695 οὗτος
634 650 701 701 γὰρ
725 648 811 702 ἀνὴρ
829 672 874 677 -
893 647 999 697 λιμὴν
1026 646 1198 700 πέφανται
1220 648 1287 684 τῶν
1309 647 1403 696 ἐμῶν

357 710 619 763 βουλευμάτων.
650 709 714 749 Vs.
748 715 821 755 407
853 707 981 746 effecit
1011 707 1195 756 Bergkius
1228 719 1249 745 e
1271 705 1403 744 verbis

353 770 562 808 Clementis
576 769 719 807 Strom.
732 766 781 804 Vl
792 781 829 818 p.
845 766 918 814 754
938 780 947 803 2
965 766 1238 818 παρακολουθεῖν
1255 781 1292 805 τε
1308 765 1404 819 αὐτῷ

353 828 468 881 ἔλεγεν
488 827 564 872 τοὺς
588 826 650 878 μὲν
669 827 892 877 μαντοσυνῶν
913 824 1171 877 κεχρημένους,
1190 823 1268 868 τοὺς
1292 825 1321 863 δ’
1344 824 1403 863 ἐπὶ

353 892 471 927 νοῦσον
484 885 622 937 σιδηρὸν
635 885 676 931 δὴ
685 885 871 936 χαλεποῖσι
882 882 1140 936 πεπαρμένους.
1152 883 1226 922 Vix
1239 883 1402 922 dubium

353 956 410 985 est
429 947 525 998 quin
546 944 797 997 Empedocles
818 942 893 981 tale
909 942 1004 994 quid
1019 942 1085 981 hic
1107 943 1299 995 posuerit.
1327 943 1402 982 Sed

352 1019 469 1057 quum
495 1004 688 1043 versiculo
708 1003 861 1054 qualem
887 1003 1074 1052 Bergkius
1105 1002 1195 1039 fecit
1221 1001 1403 1041 turbetur

353 1063 590 1102 constructio
607 1071 672 1101 aut
689 1062 820 1101 saltem
837 1060 1034 1113 epitheton
1055 1060 1228 1099 παντοίων
1254 1061 1403 1112 impor-

353 1133 442 1161 tune
467 1122 676 1161 divellatur
701 1134 723 1159 a
751 1119 899 1171 νούσων,
932 1119 1133 1158 inventum
1158 1119 1262 1158 istud
1291 1120 1403 1158 uncis

351 1181 626 1221 includendum
648 1180 800 1232 putavi.

402 1240 467 1280 Vs.
485 1241 558 1291 397
576 1253 633 1289 sq.
651 1238 684 1278 οἳ
701 1238 791 1290 μέγα
807 1237 1041 1290 ἄστυ-ἄκρα
1056 1237 1181 1281 πόλευς
1199 1237 1292 1289 κτλ.]
1306 1237 1401 1277 Cod.

350 1300 379 1337 V
384 1300 463 1340 ind.
487 1299 670 1338 mendose
700 1293 722 1346 ἧ
751 1297 855 1350 μέγα.
883 1297 1010 1336 Verba
1030 1298 1086 1336 sic
1116 1297 1311 1335 cohaerent
1339 1311 1348 1335 t
1371 1296 1404 1336 οἲ

350 1360 556 1398 καταναίετε
588 1357 676 1397 ἄστυ
703 1357 824 1402 ξανθοῦ
861 1356 1108 1410 Ἀκράγαντος.
1133 1356 1223 1408 lpsa
1251 1356 1347 1395 urbs
1366 1366 1404 1395 et

348 1405 495 1457 humen
520 1432 602 1457 eam
635 1418 783 1456 alluens
813 1417 948 1455 eodem
978 1417 1139 1455 nomine
1172 1416 1400 1456 vocabatur.

352 1478 435 1516 lluc
454 1486 600 1530 spectat
615 1476 800 1528 Stephani
821 1475 1000 1527 Byzantii
1015 1475 1259 1515 observatio:
1277 1475 1403 1529 Ἀκρά-

350 1553 472 1588 γαντες
481 1536 597 1580 πόλεις
609 1535 724 1575 πέντε.
735 1537 912 1585 Σικελίας,
932 1534 1003 1574 ἀπὸ
1014 1539 1175 1585 ποταμοῦ
1191 1536 1404 1591 παραῤῥέον·

326 1609 329 1614 ’
350 1613 422 1641 τος.
439 1596 523 1649 φησὶ
542 1596 609 1648 γὰρ
627 1598 751 1648 Δοῦρις
765 1594 817 1633 ὅτι
832 1597 867 1633 αἱ
887 1597 1051 1634 πλεῖσται
1071 1598 1140 1634 τῶν
1163 1597 1322 1636 Σικελῶν
1337 1597 1404 1636 πό-

351 1659 436 1696 λεων
457 1658 496 1694 ἐκ
519 1658 587 1694 τῶν
616 1656 784 1704 ποταμῶν
809 1654 1037 1704 ὀνομάζονται
1065 1655 1145 1695 κτλ.
1170 1655 1345 1700 Πολύὸιος
1367 1656 1403 1695 δὲ

348 1717 406 1755 τὸν
429 1715 586 1765 ποταμὸν
607 1712 668 1752 καὶ
688 1712 751 1760 τὴν
766 1713 867 1752 πόλιν
892 1713 962 1752 ἀπὸ
982 1716 1044 1760 τ’ῆς
1059 1714 1177 1767 χώρας
1197 1715 1404 1765 ὠνομάσθαι

349 1773 520 1826 Ἄκράγης
541 1772 598 1812 διὰ
619 1772 657 1811 τὸ
680 1772 823 1825 εὔγεων.
848 1773 1100 1825 Empedocles
1129 1774 1193 1812 hic
1211 1774 1405 1828 Ἀκράγαν-

349 1849 406 1877 τος
431 1832 623 1872 vocabulo
647 1840 861 1870 memorato
892 1832 1036 1871 flumen
1067 1833 1267 1883 intelligit,
1291 1834 1403 1886 cujus

350 1893 462 1930 etiam
482 1891 675 1930 Pindarus
690 1890 845 1943 Olymp.
859 1890 913 1939 ll,
935 1905 980 1929 10
992 1904 1143 1930 sacrum
1159 1892 1402 1932 domicilium

350 1950 484 1990 urbem
512 1963 595 1989 esse
620 1950 719 1998 vult,
751 1950 1005 2000 Agrigentum
1033 1950 1124 2000 ἱερὸν
1140 1949 1271 2001 οἴκημα
1295 1967 1404 1991 ποτα-

351 2014 419 2060 μοῦ
437 2011 654 2049 nominans.
670 2009 816 2060 Adjicit
831 2009 1010 2048 Laertius
1024 2009 1132 2059 Vlll,
1155 2011 1219 2059 63,
1235 2010 1346 2063 μέγαν
1366 2010 1402 2052 δὲ

350 2068 408 2108 τὸν
429 2069 647 2121 Ἀκράγαντα
675 2068 784 2107 εἰπεῖν
809 2083 894 2122 φησι
914 2068 1129 2120 Ποταμίλλα
1142 2099 1152 2119 ,
1183 2068 1260 2108 ἐπεὶ
1281 2070 1403 2121 μυριά-

351 2130 404 2171 δες
422 2126 523 2166 αὐτὸν
539 2126 732 2179 κατῴκουν.
743 2126 902 2165 Fluvius
912 2135 1038 2165 autem
1053 2127 1135 2175 ille,
1150 2136 1245 2166 teste
1254 2129 1404 2168 AEliano

348 2185 437 2225 Var.
453 2186 548 2225 Hist.
561 2185 614 2233 ll,
630 2187 810 2234 33,sacer
821 2195 902 2224 erat
915 2187 1182 2237 Agrigentinis
1193 2196 1230 2226 et
1242 2187 1404 2228 formosi

346 2244 502 2295 juvenis
521 2246 649 2297 specie
671 2244 782 2298 (παιδὶ
805 2244 924 2298 ὡραίῳ
949 2246 1164 2297 εἰκάσαντες)
1187 2246 1401 2287 colebatur.

353 2304 454 2342 Hinc
471 2304 633 2343 fortasse
652 2303 770 2350 ξανθὸς
795 2304 1092 2355 cognominatus
1114 2314 1186 2353 est,
1208 2307 1286 2345 nisi
1307 2307 1406 2347 forte

353 2363 549 2415 epitheton
567 2363 669 2402 istud
686 2363 734 2402 ad
747 2377 934 2415 aquarum
953 2364 1123 2403 colorem
1142 2366 1321 2417 pertinet.
1341 2367 1406 2406 Sic

353 2422 456 2460 enim
474 2423 591 2461 latine
597 2424 723 2471 flavus
752 2425 890 2461 Tiberis
910 2423 1054 2462 dicitur
1071 2424 1175 2474 apud
1201 2424 1403 2465 Horatium

353 2481 425 2519 Od.
443 2480 475 2529 l,
495 2495 533 2528 2,
556 2483 617 2519 13.
639 2481 800 2520 Minime
819 2482 940 2532 igitur
968 2484 1188 2523 necessaria
1208 2493 1266 2523 est
1282 2486 1405 2537 Berg-

352 2539 409 2577 kii
437 2540 628 2578 correctio
647 2539 766 2584 ζαθέου
790 2539 1151 2594 Ἀκράγαντος.-οἰν’
1169 2542 1260 2596 ἄκρα
1279 2544 1404 2589 πόλευς

355 2597 460 2635 edidi
492 2612 578 2636 cum
609 2598 818 2651 Stephano,
842 2599 1046 2639 Karstenio
1072 2610 1110 2640 et
1138 2602 1251 2651 aliis,
1282 2618 1402 2655 quum

356 2656 501 2694 AEolica
522 2657 646 2694 forma
675 2657 801 2701 πόλευς
833 2659 900 2708 (cf.
925 2659 1076 2700 Ahrens
1106 2661 1154 2700 de
1178 2662 1271 2702 dial.
1301 2663 1403 2704 AEol.

351 2728 394 2766 p.
414 2715 498 2760 103,
524 2713 715 2753 Maittaire
734 2715 782 2754 de
795 2717 896 2758 Dial.
911 2731 949 2769 p.
969 2721 1045 2763 248
1066 2733 1148 2771 seq.
1171 2721 1232 2759 ed.
1256 2714 1402 2774 Sturz.)¹

356 2787 433 2824 qua
457 2774 580 2812 utitur
609 2773 724 2812 etiam
752 2774 950 2826 Theognis
979 2791 1038 2816 vs.
1069 2781 1144 2827 776
1174 2780 1216 2818 in
1246 2780 1403 2831 Bergkii

356 2831 460 2870 Poet.
486 2831 579 2881 Lyr.
603 2845 692 2883 pag.
717 2833 809 2881 425,
836 2833 1062 2886 Empedocli
1090 2837 1307 2886 abjudicari
1332 2854 1402 2879 ne-

358 2899 486 2941 queat.
499 2890 659 2929 Variant
679 2891 775 2930 libri
789 2894 924 2945 scripti
939 2904 976 2933 et
989 2896 1083 2934 editi
1101 2912 1109 2935 :
1126 2897 1233 2936 ναίετ’
1253 2901 1294 2937 ἀν
1311 2899 1404 2954 ἄκρα

358 2948 504 2996 πόλεως,
517 2949 628 3003 ἄκρην
649 2950 798 3002 πόλεως,
818 2952 934 3005 ἄκρων
948 2953 1095 3007 πόλεως,
1110 2955 1248 3005 πόλευς,
1262 2958 1403 3008 πόληος,

357 3008 488 3053 πόλιος.
518 3009 708 3048 Caeterum
727 3010 778 3048 ἀν’
793 3011 884 3063 ἄκρα
905 3012 1029 3058 πόλευς
1049 3015 1151 3054 idem
1177 3018 1281 3057 valet
1300 3021 1404 3071 quod

357 3067 391 3106 ἐν
415 3066 513 3106 πόλει
539 3067 629 3121 ἄκρῃ
661 3068 764 3120 apud
792 3069 1001 3110 Homerum
1032 3072 1144 3113 lliad.
1181 3075 1221 3122 6,
1255 3078 1345 3126 317,
1367 3084 1404 3116 in

356 3140 502 3165 summa
518 3126 616 3164 urbis
635 3138 746 3178 parce
766 3129 794 3166 i.
813 3142 848 3167 e.
871 3134 907 3167 ίη
926 3145 1031 3178 arce,
1057 3131 1127 3171 ubi
1148 3135 1348 3188 principes
1369 3147 1406 3176 et

359 3198 467 3235 reges
485 3184 662 3224 habitare
680 3186 868 3230 solebant.

409 3246 475 3286 Vs.
502 3253 591 3294 400.
609 3247 757 3300 χαίρετ’·
771 3247 839 3301 ἐγὼ
861 3250 890 3288 δ’
910 3250 1019 3301 ὔμμιν
1033 3253 1132 3306 κτλᾙ]1
1150 3252 1293 3306 ὔμμινε
1313 3258 1406 3298 Phi-

359 3306 522 3345 lostrato
536 3315 579 3344 et
592 3305 711 3345 Suida
725 3310 895 3347 correxit
911 3310 1126 3362 Menagius‚
1143 3327 1261 3365 quum
1284 3316 1405 3356 Laer-

341 3364 404 3403 'tii
424 3364 580 3403 codices
595 3365 791 3416 praebeant
804 3369 900 3418 ὑμῖν.
922 3369 1102 3410 Mendose
1121 3371 1317 3414 Cedrenus
1337 3376 1405 3428 ἐγὼ

358 3422 409 3461 ὅδ’
426 3422 498 3472 εἰμὶ
518 3423 591 3468 θεὸς
617 3425 828 3470 κτλ.-θεὸς
853 3426 1039 3479 ἄμὸροτος,
1063 3431 1178 3470 οὐκέτι
1207 3433 1327 3480 θνητὸς
1342 3437 1406 3475 hic

358 3482 560 3521 dicitur-ut
577 3483 616 3522 in
635 3485 818 3524 carminis
839 3488 946 3526 aurei
972 3489 1144 3529 clausula
1168 3506 1176 3529 :
1201 3490 1242 3539 ἢν
1263 3493 1292 3531 δ’
1313 3495 1405 3534 ἀπο-

1464 344 1587 398 λείψεις
1609 345 1715 394 σῶμα
1732 344 1764 387 ἐς
1783 342 1892 396 αἰθέρ’
1913 343 2090 397 ἐλεύθερον
2109 343 2227 397 ἔλθῃς,
2246 343 2367 384 ἔσσεαι
2386 345 2525 387 ἀθάνα-

1463 419 1532 452 τος,
1549 402 1623 447 θεὸς
1655 402 1830 456 ἄμδροτος
1855 402 1971 442 οὐκέτι
2001 403 2136 451 θνητός.
2155 403 2312 456 Quippe
2331 404 2524 458 Empedo-

1465 464 1541 503 cles
1557 462 1638 515 jam
1666 463 1783 501 vivus
1802 462 1953 502 honore
1972 464 2138 502 mortuis
2159 462 2294 502 debito
2319 464 2530 507 decoratus

1465 522 1541 561 sibi
1559 522 1726 561 videtur.

1518 581 1580 620 Vs.
1603 588 1695 628 402.
1728 580 1890 635 στέφεσίν
1908 597 1945 620 τε
1974 581 2124 627 θαλείοις
2153 591 2278 622 exstat
2309 583 2351 622 in
2382 583 2528 624 Codice

1466 641 1587 692 Regio
1600 670 1612 689 ,
1644 641 1737 680 item
1771 642 1813 680 in
1845 641 2103 692 Anthologia,
2140 641 2211 681 ubi
2239 642 2476 684 scholiastes
2513 659 2522 683 :

1464 701 1635 755 γράφεται
1656 700 1718 741 καὶ
1745 700 1901 746 θαλείαις
1918 700 1976 740 καὶ
2003 701 2172 754 θαλήαις,
2197 702 2264 741 sed
2281 703 2399 754 vulgo
2420 704 2526 756 apud

1465 760 1659 799 Laertium
1679 760 1819 808 θαλείης
1839 761 1944 813 quod
1966 761 2166 812 Menagius
2183 770 2220 801 et
2234 761 2411 802 Sturzius
2430 777 2527 816 pro·

1464 820 1620 861 barunt.
1638 820 1778 860 Caeteri
1795 834 1878 859 eam
1900 834 2015 873 quam
2038 834 2110 861 nos
2124 822 2246 861 secuti
2268 835 2403 862 sumus
2428 824 2525 865 scri-

1463 889 1617 932 pturam
1632 881 1901 933 praetulerunt.

1519 940 1565 980 V.
1591 942 1665 988 403
1693 954 1750 992 sq.
1772 945 1881 979 τοῖσιν
1907 938 1969 991 ἅμ’
1991 934 2063 979 εἶτ’
2085 938 2127 979 ἂν
2153 938 2290 992 ἵκωμαι
2316 941 2419 994 κτλ.]
2437 939 2531 981 Ver·

1464 999 1607 1039 borum
1625 1000 1725 1039 ordo
1739 1009 1796 1039 est
1815 1015 1825 1039 ι
1839 1001 1946 1039 τοῖσιν
1960 993 2030 1038 εὖτ’
2043 998 2085 1038 ἂν
2101 998 2238 1050 ἵκωμαι
2255 1001 2288 1044 ἐς
2303 999 2413 1041 ἄστεα
2428 1002 2526 1050 τηλ.,

1464 1059 1647 1111 σεὸίζομαι
1662 1059 1739 1111 ἅμα
1757 1061 1875 1112 ἀνδρ.,
1893 1060 2012 1098 itaut
2028 1064 2137 1099 τοῖσιν
2154 1060 2310 1100 dativus
2329 1060 2529 1100 commodi

1463 1120 1513 1158 sit
1543 1119 1591 1158 ad
1620 1133 1874 1172 praegressum
1904 1125 1993 1158 πᾶσι
2029 1119 2255 1171 pertinens,
2289 1117 2367 1170 ἅμα
2395 1128 2523 1159 autem

1462 1192 1483 1217 e
1503 1180 1721 1230 posteriore
1737 1182 1777 1218 in
1797 1179 1969 1232 priorem
1987 1178 2188 1217 sententiae
2197 1186 2348 1230 partem
2364 1179 2526 1218 transla-

1463 1247 1542 1276 tum
1561 1252 1645 1278 esse
1661 1247 1851 1278 statuatur
1864 1247 1978 1290 utap.
1997 1237 2236 1277 Herodotum
2249 1237 2315 1288 lv,
2338 1239 2437 1277 160:
2453 1238 2530 1278 κτί·

1463 1299 1575 1343 ζοντες
1591 1297 1620 1336 δ’
1636 1297 1711 1349 ἅμα
1732 1297 1841 1345 αὐτὴν
1856 1299 2025 1336 ἀπιστᾶσι
2041 1295 2111 1335 ἀπὸ
2125 1299 2195 1335 τῶν
2215 1294 2431 1350 Κυρηναίων
2449 1295 2529 1342 τοὺς

1462 1356 1599 1401 Λίὸυοις
1618 1371 1691 1410 pro
1707 1356 1880 1402 κτίζοντες
1894 1357 1923 1395 δ’
1940 1357 2049 1404 αὐτὴν
2067 1355 2143 1406 ἅμα
2165 1357 2337 1396 ἀπιστᾶσι
2353 1357 2431 1397 κτλ.
2452 1357 2529 1396 Sed

1463 1417 1530 1455 alii
1576 1430 1733 1469 quoque
1789 1417 2001 1469 scriptores
2059 1415 2257 1467 ejusmodi
2306 1415 2527 1468 hyperbata

1462 1485 1606 1517 amant.

1515 1538 1580 1578 Vs.
1619 1539 1709 1585 406.
1730 1539 1761 1577 οἱ
1785 1536 1848 1589 μὲν
1885 1535 2131 1589 μαντοσυνέων
2167 1537 2263 1591 κτλ.]
2289 1537 2468 1578 Laertius
2489 1548 2527 1579 et

1463 1598 1700 1649 Anthologia
1718 1599 1749 1637 οἱ
1773 1597 1812 1636 δέ
1830 1614 1862 1636 τι
1894 1597 2040 1645 νούσων,
2062 1596 2169 1648 quod
2188 1596 2366 1636 Sturzius
2391 1611 2526 1637 emen·

1463 1657 1569 1695 davit
1594 1657 1806 1696 scribendo
1827 1657 1858 1695 οἱ
1878 1657 1908 1695 δ’
1930 1655 1989 1696 ἐπὶ
2005 1654 2158 1705 νούσων;
2184 1655 2375 1707 Bergkius
2395 1657 2529 1710 conje-

1463 1717 1515 1754 cit
1532 1717 1593 1755 vel
1618 1717 1675 1755 ἐπὶ
1694 1715 1808 1770 νούσῳ
1825 1716 1886 1754 vel
1909 1715 1947 1754 δέ
1964 1731 2002 1753 τε
2018 1714 2165 1754 νούσων>

1517 1775 1581 1815 Vs.
1621 1777 1710 1821 408.
1730 1774 1918 1814 ’παντοίων
1952 1774 2122 1813 ἐπύθοντο
2159 1773 2256 1826 κτλ.]
2277 1773 2406 1822 εὐηκέα
2427 1774 2528 1828 βάξιν

1462 1834 1557 1873 libri
1579 1849 1696 1873 manu
1716 1835 1866 1873 exarati
1890 1834 1954 1884 (cf.
1986 1833 2159 1873 Lobeck.
2191 1833 2239 1872 ad
2267 1833 2390 1887 Soph.
2415 1835 2525 1887 Ajac.

1463 1906 1501 1932 ν.
1525 1891 1651 1945 286);
1683 1892 1814 1945 εὐηχέα
1843 1891 1941 1945 βάξιν
1970 1905 1992 1931 e
2013 1891 2240 1944 conjectura
2267 1892 2456 1944 scaligeri
2483 1895 2527 1934 in

1463 1951 1599 1990 codice
1618 1952 1954 2002 Lugdunobatavo
1971 1961 2009 1991 et
2023 1951 2273 1991 Rittershusii
2290 1953 2333 1991 in
2345 1952 2527 2006 Porphy-

1463 2011 1514 2048 rii
1533 2011 1603 2049 vit.
1622 2011 1739 2062 Pyth.
1762 2025 1803 2063 p.
1829 2012 1876 2060 37
1897 2011 2021 2050 edidit
2041 2010 2285 2051 Karstenius.
2466 2008 2473 2014 ’

1516 2070 1598 2109 Vss.
1623 2076 1804 2121 409-410
1824 2084 1922 2122 quos
1950 2069 2225 2123 superioribus
2247 2070 2413 2122 adjunxi
2444 2073 2528 2112 lau-

1463 2129 1528 2167 dat
1555 2129 1695 2168 Sextus
1723 2129 1947 2181 Empiricus
1983 2131 2071 2170 adv.
2102 2129 2288 2179 Math.1,
2323 2131 2398 2170 302
2436 2141 2529 2184 post

1465 2189 1740 2240 praecedentes.
1765 2189 2002 2228 Referuntur
2019 2190 2105 2228 sine
2121 2188 2245 2228 dubio
2265 2190 2314 2229 ad
2338 2191 2441 2230 idem
2465 2205 2526 2230 ar—

1464 2257 1712 2297 gumentum,
1743 2261 1864 2300 quum
1898 2248 1961 2287 his
1998 2261 2158 2300 quoque
2195 2249 2379 2288 versibus
2410 2259 2528 2302 poeta

1464 2320 1573 2346 suam
1594 2308 1863 2346 excellentiam
1885 2316 1922 2346 et
1941 2307 2054 2359 quasi
2075 2307 2323 2347 divinitatem
2340 2308 2527 2349 laudibus

1463 2367 1640 2406 extollat.
1661 2366 1758 2405 Nam
1770 2367 1887 2405 τοῖσδε
1897 2367 2052 2405 videtur
2065 2375 2240 2418 spectare
2256 2366 2304 2405 ad
2318 2381 2363 2406 ea
2380 2368 2528 2420 quibus

1465 2427 1582 2476 modo
1629 2428 1819 2478 gloriatus
1864 2435 1935 2466 est.
1985 2426 2179 2465 Caeterum
2216 2426 2387 2479 πρήσσων
2436 2442 2525 2468 cum

1467 2486 1671 2526 Karstenio
1691 2487 1798 2526 edidi
1816 2500 1888 2539 pro
1908 2485 2094 2538 πράσσων.

1515 2546 1601 2585 Vss.
1631 2552 1651 2592 4
1663 2561 1677 2584 1
1689 2561 1703 2584 1
1714 2547 1822 2591 -413,
1838 2538 1867 2585 ὦ
1887 2544 2148 2599 φίλοι-ὁρμή]
2162 2545 2341 2585 Clemens
2357 2547 2522 2588 Alexan·

1463 2599 1602 2644 drinus
1644 2606 1787 2646 Strom.
1816 2605 1847 2644 V
1875 2620 1914 2656 p.
1951 2605 2029 2655 549
2056 2605 2086 2643 Β
2118 2606 2172 2657 (p.
2210 2606 2320 2657 648).
2345 2606 2524 2647 Sturzius

1463 2665 1535 2704 hos
1563 2679 1701 2705 versus
1722 2666 1769 2704 ad
1795 2665 1965 2717 Physica
1995 2665 2158 2705 rettulit.
2179 2664 2227 2704 ln
2255 2666 2389 2718 primo
2406 2679 2525 2706 versu

1459 2724 1540 2775 jam
1553 2725 1800 2764 Hoeschelius
1811 2724 1863 2764 ὅτ’
1879 2723 2027 2771 ἀληθείη
2040 2724 2233 2772 correxit;
2247 2725 2368 2775 vulgo
2381 2725 2526 2765 vitiose

1464 2784 1504 2823 ἔκ
1521 2786 1553 2823 τ’
1578 2785 1744 2833 ἀληθείη;
1767 2785 1831 2825 ed.
1855 2784 1997 2824 Colon.
2028 2783 2075 2823 ἔτ’
2101 2783 2263 2832 ἀληθείη.
2285 2783 2330 2822 ln
2351 2784 2525 2824 secundo

1464 2845 1683 2897 Stephanus
1706 2845 1799 2884 item
1819 2844 2003 2883 mendose
2023 2843 2125 2896 ἐγώγ’
2149 2841 2275 2896 ἐξερέω
2294 2857 2368 2895 pro
2385 2842 2456 2898 ἐγὼ
2475 2843 2522 2890 ἐξ.

1463 2903 1665 2942 Postrema
1680 2903 1737 2942 sic
1758 2902 1962 2955 jungenda
1983 2917 1992 2941 ι
2014 2901 2106 2955 ὁρμὴ
2122 2901 2157 2941 δὲ
2177 2901 2313 2946 πίστιος
2338 2901 2397 2941 ἐπὶ
2414 2902 2523 2956 φρένα

1465 2962 1563 3013 μάλα
1585 2962 1740 3015 ἀργαλέη
1757 2978 1796 3012 γε
1810 2962 1870 3001 καὶ
1891 2959 2060 3009 δ’ύσζηλος
2078 2961 2243 3000 τέτυκται
2260 2960 2426 3013 ἀνδράσι,
2446 2961 2523 3001 hm.

1463 3036 1581 3062 sensu
1604 3037 1613 3061 ι
1646 3040 1663 3057 «ι
1685 3021 1783 3060 Mihi
1806 3035 2036 3074 persuasum
2057 3031 2116 3060 est
2139 3034 2233 3060 vera
2251 3034 2335 3060 esse
2351 3033 2440 3072 quae
2461 3020 2525 3060 di-

1465 3091 1599 3128 cturus
1615 3095 1716 3129 sum,
1737 3081 1805 3120 sed
1825 3095 1928 3132 aegre
1947 3081 2127 3120 homines
2161 3080 2278 3119 fidem
2306 3079 2526 3130 adjungunt

1465 3140 1582 3179 dictis
1599 3154 1683 3192 quae
1695 3153 1814 3192 supra
1830 3149 1984 3193 captum
2004 3152 2117 3179 suum
2129 3153 2212 3179 esse
2227 3138 2482 3179 arbitrantur.
2499 3155 2520 3174 ι

1465 3199 1630 3239 Locutio
1659 3199 1796 3245 πίστιος
1827 3200 1919 3253 ὁρμὴ
1962 3201 2022 3238 ἐπὶ
2065 3197 2174 3252 φρένα
2207 3198 2349 3238 similis
2387 3206 2446 3237 est
2484 3198 2522 3237 ei

1465 3273 1552 3310 quae
1588 3259 1732 3310 legitur
1762 3273 1821 3299 vs.
1864 3261 1937 3311 391
1973 3262 2110 3303 πειθοῦς
2140 3257 2309 3310 ἁμαξιτὸς
2337 3258 2385 3302 εἷς
2411 3251 2521 3311 φρένα

1463 3317 1598 3361 πίπτει.
2556 3355 2560 3360 .

1516 3378 1584 3419 Vs.
1609 3383 1684 3424 414
1715 3377 1892 3417 Stobaeus
1908 3377 1991 3417 Ecl.
2005 3377 2120 3429 phys.
2135 3377 2170 3426 l,
2187 3391 2229 3428 p.
2247 3375 2346 3414 1050
2358 3375 2469 3427 (tom.
2489 3373 2525 3421 1,

1466 3452 1505 3490 p.
1529 3439 1606 3484 462
1629 3439 1693 3478 ed.
1719 3437 1861 3489 Gaisf.)
1884 3451 1905 3476 e
1921 3436 2146 3488 porphyrio
2166 3436 2249 3475 haec
2268 3435 2382 3474 affert
2405 3431 2527 3472 verba

1440 3509 1443 3512 ’
1467 3497 1611 3549 quibus
1629 3498 1816 3537 versiculi
1831 3510 1966 3537 sensus
1980 3496 2134 3536 abunde
2148 3495 2367 3535 ostenditur
2384 3506 2394 3533 :
2408 3493 2526 3539 Αὐτῆς
