2612 3814
282 300 358 335 556

283 381 326 421 τὰ
348 381 604 435 διαστρέφοντα
627 379 689 425 τὰς
704 379 786 433 περὶ
807 380 869 419 τὰν
891 378 1020 433 ἀρετὰν
1042 379 1262 432 ἐπιφανείας,
1292 373 1341 418 ὧν

281 442 316 481 ἓν
332 442 396 493 μέν
414 444 484 481 ἐντι
500 441 540 480 τὸ
558 442 627 479 τῶν
648 439 944 480 ἐπιδουλευόντων
962 439 1024 478 καὶ
1039 440 1340 489 ποτιποιουμένων

278 502 375 555 γένος
386 517 394 526 ·
417 500 525 554 ἅτεροι
542 501 578 541 δὲ
594 500 725 555 φυσικὰ
742 499 856 538 πάθεα
876 499 1208 552 παρακολουθέοντα
1225 500 1341 538 ἐνίοκα

279 561 432 601 ποιέοντι
453 560 614 600 ἐναντίαν
634 559 864 614 ἐπιπρέπειαν
881 565 942 603 τᾶς
962 560 1130 603 ἀλαθινᾶς
1143 558 1314 603 διαθέσιος
1329 589 1340 606 ,

278 620 357 660 τινὰ
379 620 416 660 δὲ
436 621 496 661 καὶ
518 621 562 659 δι’
580 620 653 665 ἔθος
674 618 1008 671 συνεκτεθραμμένα
1029 620 1069 657 ἐκ
1082 620 1244 658 παλαιῶν
1261 618 1343 672 χρό-

279 698 347 719 νων
361 712 370 730 ,
392 683 455 720 οὐκ
470 681 573 733 ὀλίγα
594 679 630 718 δὲ
653 679 712 719 καὶ
731 678 774 717 δι’
795 678 935 723 ἁλικίας
953 677 1128 722 ἇὸατικάς
1142 693 1180 716 τε
1199 678 1263 716 καὶ
1284 693 1341 729 γε·

281 740 466 791 ροντικάς,
501 740 560 778 καὶ
582 740 627 777 δι’
661 737 824 790 εὐτυχίας
860 736 883 784 ἢ
909 737 971 776 καὶ
1004 736 1174 789 ἀτυχίας,
1205 736 1266 775 καὶ
1296 738 1340 775 δι’

281 799 415 853 ἁτέρως
452 797 690 850 παμπλαθέας
717 797 869 849 τρόπως.
925 795 1042 835 “sterce
1077 796 1251 836 οὐδέποκα
1290 797 1342 835 δεῖ

281 858 509 910 θαυμαίνειν,
533 858 686 897 ninnive
709 855 1009 910 ἀνεστραμμένως
1030 855 1147 894 ἐνίοκα
1167 855 1339 908 κρίνεται,

280 924 342 963 τᾶς
358 919 523 962 ἀλαθινᾶς
543 916 715 961 ὃιαΟέσιος
735 915 1044 968 μεταπιπτοίσας,
1063 915 1183 969 ὥσπερ
1204 915 1265 955 καὶ
1284 915 1343 954 τέ-

281 992 388 1015 κτονα
407 976 464 1015 τὸν
495 975 637 1030 ἄριστον
657 970 748 1027 ἦμεν
777 973 943 1014 δοκέοντα
963 973 1079 1014 πολλὰ
1099 977 1134 1013 ἐν
1158 981 1230 1020 τοῖς
1250 977 1342 1015 ὓπο-

282 1036 454 1089 κειμένοις
471 1036 583 1090 ἔργοις
603 1036 746 1089 ὃρέομες
765 1034 1035 1088 ἁμαρτάνοντα,
1061 1035 1120 1074 καὶ
1142 1034 1342 1087 στραταγὸν

282 1096 343 1136 καὶ
374 1095 595 1149 κυὸερνάταν
620 1095 681 1134 καὶ
710 1095 848 1150 γραφέα
876 1095 938 1134 καὶ
968 1094 1105 1139 πάντας
1124 1094 1263 1142 ἁπλῶς,
1283 1095 1344 1133 καὶ

282 1155 378 1207 ὅμως
398 1158 460 1195 οὐκ
483 1154 748 1207 ἀποστερέομες
771 1160 833 1199 τᾶς
862 1153 1083 1208 ὕπαρχοίσας
1108 1153 1213 1199 ἕξιος·
1235 1152 1345 1198 οὕτως

281 1215 359 1255 οὐδὲ
380 1216 438 1255 τὸν
457 1214 759 1255 ἀκολασταίνοντα
781 1214 817 1254 ἔν
833 1231 907 1255 τισι
920 1220 1077 1268 καιροῖς,
1096 1214 1174 1253 οὐδὲ
1192 1213 1250 1253 τὸν
1268 1215 1346 1252 ἀδι-

282 1275 466 1324 κήσαντα,
484 1274 561 1315 οὐδὲ
583 1274 642 1314 τὸν
665 1275 965 1315 ἀποδειλιάσαντα
994 1277 1027 1319 ἐς
1047 1273 1115 1319 τὼς
1135 1273 1254 1319 κακὼς
1276 1290 1344 1313 τα-

281 1336 381 1376 κτέον
408 1335 556 1390 ἄνδρας,
578 1334 657 1375 οὐδὲ
676 1334 746 1386 μὰν
763 1333 831 1380 τὼς
850 1333 983 1374 τούτων
997 1349 1032 1373 τι
1050 1335 1346 1388 κατορθώσαντας

283 1398 317 1442 ἐς
339 1397 407 1442 τὼς
429 1396 589 1450 ἀγαθώς,
621 1395 715 1435 ἀλλὰ
737 1398 808 1439 τοῖς
827 1411 867 1434 τε
889 1395 1035 1449 φαύλοις
1064 1394 1104 1432 τὸ
1121 1393 1227 1448 τυχὲν
1259 1393 1344 1432 ποτὲ

282 1456 400 1496 δοτέον
416 1463 488 1500 τοῖς
502 1472 539 1495 τε
557 1457 702 1508 ἀγαθοῖς
720 1454 759 1494 τὸ
781 1454 1037 1508 διαμαρτάνεν.
1097 1453 1173 1494 Τὰν
1196 1453 1231 1492 δὲ
1255 1455 1346 1493 ἀλα-

281 1515 379 1555 θινὰν
401 1515 517 1569 κρίσιν
546 1517 584 1555 οὐ
617 1516 697 1554 ποθ’
718 1514 779 1554 ἕνα
807 1514 929 1567 καιρὸν
957 1512 1214 1558 ἐπιὸλέποντας
1241 1529 1348 1559 ποιη-

282 1576 359 1616 τέον
379 1574 414 1625 b,
436 1575 507 1615 οὐδ’
529 1575 587 1614 ἐπὶ
610 1574 727 1628 χρόνω
746 1590 779 1613 τι
798 1575 949 1621 πλᾶθος,
964 1574 1044 1612 ἀλλ’
1070 1573 1128 1621 ἐπὶ
1149 1572 1268 1613 πάντα
1288 1573 1357 1612 τὸν

285 1635 376 1688 βίον.
436 1633 580 1688 εὨσπερ
610 1632 646 1673 δὲ
677 1633 718 1672 τὸ
740 1635 845 1684 σῶμα
876 1632 1026 1686 βλάπτει
1056 1632 1119 1683 μὲν
1140 1632 1260 1672 καὶτὸ
1286 1639 1348 1677 τᾶς

283 1694 415 1739 ἐνδείας
433 1694 495 1733 καὶ
516 1693 555 1732 τὸ
576 1699 640 1738 τᾶς
659 1692 859 1746 ὓπερὸολᾶς
876 1686 989 1741 εἶδος,
1018 1693 1058 1732 οὐ
1080 1693 1151 1743 μὰν
1176 1691 1267 1731 ἀλλὰ
1284 1691 1345 1732 νό-

284 1771 352 1799 σως
372 1753 423 1794 ἔτι
448 1752 596 1807 μέζονας
613 1753 758 1805 ἓμποιὲν
785 1753 938 1806 πέφυκεν
957 1753 981 1792 ἆ
1006 1751 1187 1806 ὑπερὸολὰ
1215 1752 1276 1791 καὶ
1302 1752 1347 1791 τὰ

282 1814 485 1865 καλεόμενα
520 1813 779 1867 περισσώματα
792 1825 801 1835 ·
837 1811 929 1852 οὕτω
963 1811 1026 1852 καὶ
1045 1812 1164 1866 ψυχὰν
1197 1812 1348 1866 βλάπτει

284 1874 347 1926 μὲν
368 1874 430 1913 καὶ
449 1872 490 1912 τὸ
508 1879 570 1918 τᾶς
592 1873 757 1926 εὐτυχίας
774 1872 797 1920 ἢ
813 1871 960 1925 ἀτυχίας
981 1866 1070 1916 εἶδος
1097 1872 1252 1926 ἀκαίρως
1277 1888 1348 1910 πα-

286 1934 540 1988 ραγενόμενον,
573 1935 611 1973 οὐ
646 1933 716 1984 μὰν
739 1933 831 1972 ἀλλὰ
853 1932 963 1976 νόσως
982 1932 1035 1970 ἔτι
1064 1931 1211 1983 μέζονας
1248 1932 1347 1970 ποιὲν

283 1991 437 2048 πέφυκεν
467 1993 489 2032 ἁ
510 1992 685 2044 λεγομένα
705 1991 803 2045 παρὰ
829 1991 1020 2030 πάντεσσιν
1044 1991 1189 2045 εὐτυχία
1202 2021 1212 2039 ,
1228 1989 1348 2044 ὥσπερ

284 2055 375 2097 οἰνος
393 2052 705 2104 καταμεθύσκοισα
729 2052 799 2097 τοῖς
817 2054 961 2103 ἀγαθοῖς
980 2050 1044 2090 τὰν
1066 2052 1236 2091 διάνοιαν.

287 2208 331 2240 tis
350 2208 492 2249 speciem
522 2209 730 2250 pervertant,
754 2217 772 2240 e
791 2207 911 2249 quibus
933 2217 1035 2240 unum
1053 2209 1104 2240 est
1125 2207 1348 2240 insidiantium

284 2269 318 2301 et
335 2267 558 2300 simulantium
574 2276 677 2309 genus
693 2277 702 2300 z
726 2268 798 2300 tum
813 2267 976 2300 naturales
999 2267 1193 2309 cupiditates
1218 2267 1350 2301 virtutis

285 2327 420 2360 comites
441 2327 605 2360 interdum
623 2327 656 2359 in
677 2327 878 2360 contrarium
909 2329 1041 2360 vertunt
1059 2336 1146 2359 verae
1172 2327 1351 2360 alsectionis

289 2389 457 2430 decorem3
489 2390 639 2430 quaedam
667 2398 745 2422 vero
781 2389 879 2421 etiam
902 2398 942 2422 ex
972 2389 1209 2422 consuetudine
1230 2389 1303 2422 inde
1332 2398 1351 2421 a

286 2448 398 2490 priscis
418 2448 620 2490 temporibus
636 2448 729 2480 nobis
747 2448 937 2490 familiaria,
963 2458 1026 2481 non
1046 2458 1149 2490 pauca
1178 2449 1256 2481 item
1277 2458 1351 2490 pro·

288 2511 357 2548 pter
376 2510 508 2541 aetatem
520 2508 697 2549 juvenilem
714 2510 747 2541 et
763 2508 897 2541 senilem
910 2532 920 2549 ,
943 2509 984 2541 ad
1002 2509 1073 2541 liaec
1095 2508 1138 2541 ob
1157 2518 1208 2541 res
1222 2519 1351 2550 prospe-

288 2575 341 2599 ras
361 2569 393 2601 et
412 2568 568 2601 adversas
594 2570 628 2601 et
650 2567 692 2600 ob
718 2567 798 2600 alios
823 2577 930 2601 mores
948 2569 1146 2610 complures.
1192 2569 1352 2608 Quocirca

289 2627 473 2659 mirandum
499 2637 563 2660 non
581 2630 651 2668 est,
666 2627 694 2660 si
716 2627 828 2660 omnia
849 2628 1045 2670 quandoque
1065 2637 1218 2670 perverso
1231 2628 1352 2670 judicio

288 2686 502 2727 aestimantur,
522 2687 646 2719 sincero
667 2687 766 2719 animi
783 2687 896 2719 habitu
920 2688 1112 2729 immutato,
1136 2689 1351 2730 quemadmo-

287 2744 370 2777 dum
394 2745 492 2778 etiam
514 2745 641 2778 fabrum
664 2746 719 2787 qui
737 2746 881 2788 optimus
907 2739 1067 2780 liabea'tur
1087 2748 1191 2781 multa
1206 2748 1239 2780 in
1255 2748 1352 2781 desti-

290 2804 374 2837 natis
395 2804 550 2846 operibus
573 2814 706 2846 peccare
723 2806 891 2848 videmus,
907 2807 1056 2840 similiter
1075 2811 1108 2840 et
1123 2808 1351 2850 imperatorem

290 2869 323 2896 et
345 2863 597 2905 gubernatorem
612 2868 644 2897 et
670 2865 826 2906 pictorem
847 2867 880 2899 et
893 2867 1027 2899 omnino
1045 2876 1178 2908 omnes,
1193 2871 1227 2900 et
1244 2870 1353 2901 tamen

291 2923 418 2965 adeptae
438 2923 603 2956 facultatis
624 2923 718 2956 laude
728 2933 785 2957 eos
802 2934 865 2957 non
881 2925 1069 2959 fraudamus
1088 2938 1096 2959 :
1120 2927 1167 2959 sic
1180 2936 1240 2960 nec
1258 2927 1351 2960 luxu-

291 2983 428 3015 riantem
448 2983 646 3024 quibusdam
665 2984 866 3025 temporibus
888 2987 944 3018 aut
960 2986 1081 3026 injuste
1105 2989 1254 3028 agentem
1268 3011 1277 3028 ,
1297 2989 1355 3020 aut

293 3042 555 3076 reformidantem
570 3042 604 3075 in
616 3042 843 3085 improborum
859 3053 995 3077 numero
1017 3055 1212 3087 reponemus
1226 3072 1236 3089 ,
1253 3055 1314 3079 nec
1326 3047 1353 3079 si

293 3101 352 3142 qui
371 3101 490 3134 horum
516 3101 642 3144 aliquid
661 3103 750 3135 recte
771 3103 916 3144 egerint,
940 3104 973 3135 in
990 3104 1084 3137 bonis
1099 3105 1178 3137 viris
1203 3114 1354 3138 numera-

292 3159 426 3201 buntur,
446 3160 502 3193 sed
524 3154 599 3193 cum
617 3161 710 3194 malis
725 3170 894 3195 successus
912 3162 1088 3204 aliquando
1110 3164 1348 3205 attribuendus,

294 3221 369 3251 tum
386 3218 480 3252 bonis
498 3218 608 3261 lapsus
626 3221 659 3253 et
674 3229 776 3253 error.
821 3222 942 3253 Veram
955 3224 1064 3254 autem
1088 3223 1282 3256 sententiam
1304 3224 1354 3256 di-

295 3285 409 3310 cemus
427 3286 493 3310 non
513 3286 613 3311 unam
633 3278 837 3312 occasionem
861 3283 918 3312 aut
945 3280 1071 3321 longius
1097 3283 1255 3324 temporis
1277 3292 1352 3325 spa·

304 3335 406 3378 tium,
442 3336 499 3370 sed
532 3339 632 3370 totam
668 3338 808 3371 bominis
841 3339 942 3372 vitam
979 3340 1155 3373 intuentes.
1202 3343 1248 3374 Ut
1277 3351 1356 3375 vero

302 3396 431 3438 corpori
451 3399 547 3430 nocet
562 3396 709 3431 desectus
722 3401 755 3431 et
776 3397 982 3432 abundantiae
998 3400 1120 3442 species
1129 3425 1139 3442 ,
1154 3400 1210 3434 sed
1232 3402 1354 3444 gravio-

297 3463 355 3488 res
381 3455 478 3488 etiam
501 3456 631 3490 morbos
659 3466 811 3491 excessus
835 3460 868 3492 et
883 3467 1092 3502 'quaecunque
1117 3469 1356 3502 supervacanea

303 3518 378 3546 sunt
394 3515 422 3548 ei
449 3516 566 3549 al'ferre
591 3517 697 3551 solent
715 3530 723 3551 z
742 3518 785 3550 ila
802 3520 834 3551 et
858 3519 968 3552 animo
985 3522 1081 3553 nocet
1103 3523 1169 3553 tam
1195 3521 1354 3554 bonorum

1251 289 1517 330 ARCHYTAE

1461 381 1471 430 (
1486 379 1635 431 Scripsi
1654 393 1663 416 ε
1679 384 1693 403 ³
1709 378 1860 432 αἱρέοντι
1874 393 1961 419 cum
1979 380 2236 420 Valckenario
2255 382 2303 420 ad
2323 381 2461 435 Eurip.

1405 439 1566 491 Hippot.
1601 452 1642 478 v.
1678 453 1722 487 17
1754 452 1828 491 pro
1855 439 2173 480 membranarum
2209 442 2377 481 lectione
2408 442 2463 482 ἀεὶ

1405 499 1531 551 ῥέοντι.
1553 499 1570 524 ¹>
1589 497 1752 546 ποιητέον
1777 500 1883 551 quod
1913 501 1955 539 in
1986 501 2101 541 codd.
2133 501 2378 541 desideratur
2409 503 2467 542 in·

1405 558 1523 596 serui.
1542 557 1552 607 )

1458 616 1503 656 θ’.
1535 614 1645 656 ’Όθεν
1665 619 1730 656 οὐκ
1750 617 1901 670 ἀτυχίαν
1915 618 2053 671 ἐνεγκὲν
2073 620 2237 671 ἐμμελῶς
2258 620 2463 673 χαλεπώτε-

1406 677 1463 728 ρόν
1482 677 1554 715 ε’ντι
1568 705 1578 724 ,
1602 676 1684 715 ἀλλ’
1705 677 1884 731 εὐτυχίαν.
1944 679 2082 724 Πάντες
2104 678 2167 731 μὲν
2195 680 2263 734 γὰρ
2279 682 2315 719 ἐν
2335 682 2466 735 ἀτυχία

1405 735 1468 783 μὲν
1487 735 1581 781 ὄντες
1599 740 1613 758 ³
1634 737 1680 780 ὡς
1715 736 1774 775 ἐπὶ
1799 736 1890 776 πολὺ
1921 737 2056 791 μέτριοι
2077 740 2137 779 καὶ
2158 740 2298 791 κόσμιοι
2317 740 2357 780 τὸ
2386 734 2468 790 ἦθος

1403 789 1494 846 ἦμεν
1531 796 1736 849 φαίνονται,
1768 797 1803 834 ἐν
1832 796 1862 835 δ’
1881 798 2089 851 εὐπραγίαις
2116 800 2282 853 ἀνδρῇοι,
2313 800 2467 854 μεγαλό-

1404 871 1526 909 φρονες
1539 886 1550 907 ,
1570 855 1831 909 μεγαλόψυχοι.
1893 858 2002 896 Δεινὰ
2021 858 2091 911 γὰρ
2112 859 2242 911 ἀτυχία
2269 858 2467 912 συναγαγὲν

1404 914 1465 954 καὶ
1482 915 1695 968 καταρτίσαι
1716 915 1779 954 τὰν
1799 915 1938 970 ψυχάν,
1967 917 1991 956 ἆ
2011 917 2041 956 δ’
2058 917 2238 971 εὐπραγία
2265 918 2468 959 τούναντίον

1405 976 1535 1027 ἐπᾶραι
1552 973 1613 1013 καὶ
1629 976 1795 1014 κενῶσαι.
1852 975 1916 1015 Διὸ
1931 977 2131 1016 ποθεκτικοὶ
2149 977 2213 1028 μὲν
2234 976 2388 1022 ἅπαντες
2406 977 2469 1017 καὶ

1405 1035 1541 1073 συνετοὶ
1561 1033 1620 1072 τὸν
1635 1034 1764 1086 τρόπον
1785 1034 2013 1088 ἀτυχέοντες,
2037 1037 2227 1076 ἐπιθετικοὶ
2247 1036 2284 1076 δὲ
2305 1037 2366 1077 καὶ
2381 1041 2468 1092 Θαρ-

1406 1092 1526 1133 σαλέοι
1545 1094 1604 1134 τὸν
1620 1094 1749 1147 τρόπον
1765 1095 2003 1148 εὐτυχέοντες.

1461 1151 1506 1204 (²¹
1532 1152 1596 1204 μὲν
1616 1153 1712 1198 ὄντες
1731 1154 1900 1193 Schowii
1920 1155 2147 1207 conjectura
2174 1164 2232 1195 est
2259 1170 2333 1209 pro
2358 1156 2471 1196 codi-

1409 1226 1497 1252 cum
1523 1213 1690 1252 lectione
1710 1213 1918 1266 μένοντες.)
2138 1227 2141 1230 ’

1462 1271 1499 1312 ι’.
1530 1271 1643 1326 “Opoc
1663 1272 1700 1311 δέ
1729 1273 1801 1311 ε’ντι
1828 1274 2015 1327 εὐτυχίας,
2035 1273 2078 1312 ἂν
2098 1274 2284 1328 προέλοιτο
2302 1277 2321 1314 ὁ
2341 1275 2471 1327 ἀγαθὸς
2512 1266 2520 1273 ⁴

1407 1331 1497 1385 ἀνὴρ
1525 1331 1690 1385 συνεργὸν
1713 1334 1807 1385 αὐτῷ
1828 1333 2020 1385 γενομέναν
2041 1333 2172 1380 ποττὰς
2196 1335 2286 1380 ἰδίας
2304 1334 2468 1390 πράξιας,

1406 1390 1526 1444 ὥσπερ
1547 1392 1607 1431 καὶ
1626 1392 1770 1445 μέγεθος
1791 1396 1873 1437 ναὸς
1892 1393 1954 1432 καὶ
1981 1394 2125 1447 μέγεθος
2147 1394 2336 1444 πηδαλίω,
2361 1389 2472 1450 ᾧκα-

1407 1454 1598 1491 θικνεῖσθαι
1631 1451 1777 1492 δύναται
1802 1455 1821 1491 ὃ
1846 1453 1977 1505 ἀγαθὸς
1997 1453 2215 1507 κυὸερνάτας
2244 1454 2385 1508 μεγάλα
2405 1470 2471 1494 πε-

1408 1511 1518 1563 λάγια
1539 1512 1850 1564 διαπεραιούμενος
1869 1513 1931 1552 καὶ
1954 1515 2112 1566 μεγάλαν
2132 1514 2350 1568 ναυκλαρίαν
2368 1516 2470 1554 στελ-

1406 1571 1565 1622 λόμενος.
1625 1571 1660 1610 Ἄ
1681 1573 1709 1610 δ’
1727 1572 1908 1625 ὑπερὸολὰ
1924 1578 1986 1617 τᾶς
2007 1572 2169 1627 εὐτυχίας
2188 1575 2260 1619 τοῖς
2276 1574 2419 1624 ἀγαθοῖς
2432 1574 2472 1613 οὐ

1407 1634 1615 1683 κρατεῖσθαι
1658 1630 1812 1685 πέφυκεν
1850 1631 1919 1670 ὑπὸ
1950 1637 2016 1676 τᾶς
2043 1633 2182 1686 ψυχᾶς,
2223 1631 2317 1670 ἀλλὰ
2343 1632 2474 1686 κρατὲν

1408 1690 1527 1734 αὐτᾶς.
1583 1689 1730 1742 “Ὠσπερ
1750 1690 1874 1744 γὰρτὸ
1893 1691 2058 1744 λαμπρὸν
2078 1692 2166 1745 φάος
2187 1691 2393 1744 μαραυγίαν
2411 1707 2473 1731 πε·

1409 1750 1561 1804 ριτίθησι
1588 1753 1658 1796 τοῖς
1690 1752 1905 1805 ὀφθαλμοῖς,
1935 1750 2029 1791 οὕτω
2057 1751 2119 1791 καὶ
2151 1752 2174 1790 ἆ
2207 1751 2472 1805 ὓπερὸάλλοισα

1410 1810 1556 1863 εὐτυχία
1577 1813 1627 1863 τῷ
1653 1810 1722 1863 νόῳ
1737 1816 1802 1856 τᾶς
1822 1813 1956 1865 ψυχᾶς.
2018 1812 2092 1852 Καὶ
2116 1812 2196 1866 περὶ
2217 1811 2281 1864 μὲν
2298 1805 2346 1852 ὧν
2368 1813 2474 1852 εὐτυ-

1407 1870 1489 1924 χίας
1508 1871 1583 1914 ἅλις
1604 1871 1771 1923 εἰρήσθω.

1463 1933 1595 1986 (Stob.
1619 1933 1722 1973 Flor.
1739 1935 1773 1981 I,
1798 1933 1950 1986 72-81.)

1466 1992 1526 2031 ια’.
1559 1985 1740 2046 Φρόνιμος
1759 1991 1846 2047 ἀνὴρ
1860 1992 1970 2037 οὕτως
1989 1992 2030 2032 ἂν
2052 1993 2211 2045 μάλιστα
2231 1991 2386 2045 γένοιτο,
2410 1994 2475 2032 αἶ’

1410 2051 1533 2105 φύσιος
1553 2058 1687 2105 πρᾶτον
1712 2053 1872 2106 εὐστόχω
1896 2068 1935 2092 τε
1956 2051 2018 2091 καὶ
2039 2058 2259 2104 μναμονικᾶς
2279 2052 2341 2092 καὶ
2370 2054 2473 2106 φιλο-

1410 2217 1508 2248 quam
1532 2208 1690 2240 malorum
1705 2208 1828 2249 species
1839 2208 2065 2248 intempestive
2081 2207 2109 2240 ei
2129 2207 2239 2248 illata,
2258 2215 2370 2240 verum
2393 2215 2477 2240 mor-

1411 2268 1470 2300 bos
1477 2267 1573 2300 etiam
1587 2268 1727 2300 acriores
1741 2267 1886 2300 incutere
1898 2266 1945 2299 illi
1956 2266 2040 2299 solet
2050 2275 2124 2308 qua:
2137 2265 2223 2308 apud
2237 2275 2350 2299 omnes
2357 2265 2477 2300 dicitur

1411 2336 1562 2370 prospera
1593 2327 1740 2367 fortuna,
1770 2327 1838 2360 vini
1866 2327 1966 2359 instar
2002 2325 2160 2359 bonorum
2187 2326 2329 2359 virorum
2353 2326 2478 2359 animos

1412 2387 1503 2429 quasi
1522 2387 1696 2420 inebrians.

1457 2449 1515 2480 lx.
1529 2447 1752 2486 Quamobrem
1766 2455 1832 2479 nun
1845 2445 2015 2479 adversam
2029 2445 2192 2478 fortunam
2207 2445 2380 2479 commode
2394 2445 2478 2479 serre
2530 2436 2537 2443 ”

1412 2507 1543 2539 difficile
1561 2510 1629 2547 est,
1663 2506 1719 2540 sed
1743 2514 1942 2548 prosperam.
1989 2508 2111 2538 Omnes
2137 2505 2246 2547 enim,
2268 2504 2427 2548 quamdiu
2443 2505 2477 2538 in

1411 2567 1538 2600 miseria
1554 2568 1649 2607 sunt,
1668 2566 1860 2608 plerumque
1880 2565 2067 2607 temperatis
2086 2563 2307 2607 modestisque
2333 2564 2478 2599 moribus

1412 2636 1484 2660 esse
1504 2627 1667 2666 videntur,
1686 2627 1718 2658 in
1737 2635 1894 2668 prospero
1909 2627 2020 2659 autem
2035 2634 2144 2659 rerum
2160 2633 2311 2658 successu
2325 2624 2477 2666 animosi,

1411 2687 1532 2719 excelsi
1561 2689 1595 2719 et
1616 2686 1760 2728 superbi.
1804 2685 1901 2719 Valet
1924 2685 2011 2718 enim
2038 2684 2208 2718 calamitas
2226 2684 2268 2717 ad
2288 2684 2479 2721 contrahen-

1415 2746 1493 2778 dum
1511 2748 1543 2779 et
1562 2745 1825 2788 componendum
1845 2746 1991 2778 animum
2004 2769 2014 2786 ,
2037 2753 2211 2778 successus
2228 2753 2340 2778 rerum
2364 2746 2477 2778 contra

1413 2806 1453 2838 ad
1475 2805 1654 2838 inflandum
1672 2807 1705 2838 et
1717 2806 1847 2837 inanem
1864 2803 2075 2837 reddendum.
2119 2805 2192 2841 Quo
2208 2803 2246 2836 fit
2272 2805 2310 2836 ut
2334 2802 2478 2838 infelices

1414 2866 1523 2898 cuncti
1537 2866 1653 2898 attenti
1671 2865 1737 2898 sint
1752 2866 1785 2898 et
1799 2856 1975 2906 prudentes
1987 2888 1997 2905 ,
2021 2863 2162 2897 audaces
2182 2872 2258 2897 vero
2275 2867 2307 2896 et
2320 2862 2477 2896 confiden-

1414 2929 1462 2959 tes
1474 2926 1530 2968 qui
1550 2926 1706 2958 felicitate
1722 2925 1848 2958 florent.

1455 2988 1497 3020 X.
1521 2986 1610 3019 Finis
1638 2987 1747 3019 autem
1771 2985 1906 3027 quidam
1937 2987 1990 3018 est
2007 2993 2169 3027 prosperae
2195 2984 2356 3024 fortunae,
2377 2992 2477 3026 quam

1415 3046 1465 3078 vir
1488 3046 1595 3079 bonus
1620 3046 1785 3078 actionum
1812 3054 1947 3078 suarum
1970 3044 2089 3077 sociam
2116 3044 2266 3085 exoptet,
2289 3043 2374 3076 sicut
2391 3052 2480 3076 men-

1414 3113 1490 3137 sura
1515 3104 1609 3137 navis
1632 3109 1664 3138 et
1683 3104 1787 3144 clavi,
1814 3113 1879 3145 quo
1899 3103 1994 3136 ferire
2017 3111 2118 3145 aquas
2145 3104 2253 3144 potest
2278 3102 2387 3135 honus
2414 3111 2476 3144 gu-

1414 3165 1568 3198 bernator
1588 3167 1679 3198 vasta
1707 3163 1809 3197 maria
1836 3162 2061 3197 transmittens
2090 3163 2123 3194 et
2149 3161 2355 3203 longinquam
2382 3161 2490 3194 navi--

1414 3225 1576 3265 gationem
1595 3223 1790 3265 ingrediens.
1835 3223 1879 3254 At
1893 3221 1993 3254 nimia
2014 3221 2227 3263 prosperitas,
2247 3220 2273 3254 si
2290 3219 2367 3253 viris
2383 3219 2478 3253 bonis

1415 3283 1598 3325 contingat,
1611 3284 1719 3315 animo
1732 3290 1797 3315 non
1811 3289 1924 3324 parere
1936 3280 2034 3322 solet,
2047 3280 2102 3313 sed
2117 3280 2288 3322 imperare.
2333 3280 2378 3312 Ut
2390 3280 2476 3312 enim

1415 3342 1515 3376 nimia
1535 3344 1592 3376 lux
1617 3343 1722 3376 visum
1739 3342 1893 3375 obscurat
1910 3349 1918 3369 ι
1951 3340 1996 3373 ita
2017 3340 2125 3373 nimia·
2140 3339 2340 3382 prosperitas
2357 3339 2477 3380 mentis

1415 3403 1517 3436 aciem
1535 3402 1741 3445 praestringit.
1785 3404 1833 3434 Ac
1859 3400 1901 3433 de
1926 3400 2078 3433 felicitate
2098 3400 2167 3433 liaec
2196 3398 2283 3432 dicta
2301 3398 2475 3436 sufficiant.

1458 3463 1515 3495 XI.
1542 3462 1599 3494 Vir
1619 3461 1760 3502 prudens
1775 3460 1822 3492 ita
1842 3459 1983 3492 maxime
2001 3460 2077 3499 tiat,
2095 3459 2123 3491 si
2152 3458 2292 3500 primun.
2313 3456 2477 3498 ingenium

1420 3522 1550 3564 sollers,
1575 3522 1722 3554 animum
1749 3529 1948 3560 memorem,
1968 3521 2118 3552 naturam
2143 3518 2338 3550 laboriosam
2360 3518 2477 3549 nactus
