2612 3814
723 233 1146 275 DlSPUTATlONES
1175 235 1244 275 DE
1273 234 1510 285 MELISSO,
1540 234 1654 274 ETC.

2225 249 2300 282 275»

101 330 162 368 sit.
182 331 285 380 Ergo
301 341 351 366 ne
369 328 452 365 haec
473 326 631 376 quidem
650 327 752 363 ratio
772 326 826 362 ita
846 333 1068 375 comparata
1088 333 1164 371 est,
1196 322 1201 382 ᾗ
1227 332 1404 374 quartam
1425 325 1517 361 olim
1536 324 1649 361 fuisse
1664 324 2027 374 disputatiunculam
2040 353 2049 370 ,
2070 337 2147 374 qua
2168 326 2292 362 Zeno·

102 396 146 425 ut
159 394 329 438 nequeat
349 385 551 424 infirmari.
573 385 912 434 Quemadmodum
933 387 1052 436 igitur
1070 385 1167 422 illud
1199 385 1202 434 ξ
1227 386 1286 422 nis
1306 385 1487 435 dogmata
1507 391 1769 421 tractarentur
1780 396 1940 432 eamque
1954 385 2054 420 inter
2071 397 2131 420 eas
2149 392 2290 434 partes,

101 449 304 493 volumen,
332 448 364 484 si
392 446 666 484 Aristoteleum
698 444 832 481 haberi
863 445 1065 490 convenit,
1086 457 1166 480 non
1199 439 1203 471 l
1228 458 1313 494 quae
1328 457 1431 481 nunc
1447 444 1618 481 secundo
1640 451 1678 480 et
1696 444 1810 480 tertio
1836 444 1925 480 loco
1947 445 2162 480 constitutae
2189 451 2292 490 sunt,

101 519 213 557 posse
248 507 441 557 praeclaris
488 505 677 554 Stagiritae
711 504 894 553 operibus
923 503 1169 551 adnumerari
1228 505 1394 542 mediam
1415 505 1581 541 tenuisse
1599 503 1727 540 sedem
1742 531 1752 550 ,
1775 504 1829 540 ita
1848 509 1892 539 ut
1911 503 1941 539 is
1967 503 2033 552 qui
2060 515 2179 552 opera
2199 505 2294 541 Ari-

102 566 214 604 facile
233 566 481 604 concedimus
502 576 512 603 t
536 565 589 601 ita
608 576 727 614 quum
748 563 853 600 haud
880 575 1005 612 pauca
1023 563 1168 601 Aristo·

1229 566 1389 602 stotelea
1402 565 1580 602 adversus
1596 564 1690 600 alios
1703 562 1957 613 philosophos
1973 563 2117 612 scripta
2130 562 2179 599 ad
2192 563 2294 600 hanc

105 627 212 663 teleae
234 626 412 664 dictionis
438 625 599 674 vestigia
621 624 758 661 relicta
775 623 994 670 videamus,
1013 636 1094 660 non
1114 629 1170 659 est
1229 625 1502 662 sententiarum
1523 631 1561 661 et
1579 630 1894 673 argumentorum
1913 622 2146 671 paucitatem
2176 622 2295 658 rede-

103 686 213 736 quod
233 684 316 733 ejus
336 685 608 722 auctoritatem
638 684 922 732 impugnemus.
953 682 1029 719 Sed
1047 694 1167 731 quum

105 758 225 796 opus,
262 744 371 794 quod
400 744 543 793 raptim
575 755 619 780 ac
651 743 892 793 negligenter
914 742 1168 791 compositum

103 817 182 842 esse
200 817 316 842 nemo
335 818 417 841 non
436 803 563 851 videt,
582 803 658 839 tale
683 802 796 851 quale
816 815 919 838 nunc
935 809 1013 848 est,
1034 802 1099 838 vix
1120 801 1168 837 ab

104 865 310 902 Aristotele
338 864 440 900 foras
462 863 547 900 dari
581 863 778 912 potuerit,
808 860 1059 898 statuendum
1084 869 1170 907 aut,

106 924 216 974 quod
245 924 473 960 Karstenius
500 923 646 968 voluit,
670 934 758 958 casu
781 920 952 970 quodam
972 933 1170 957 commen·

106 984 248 1020 tarium
270 983 409 1020 rudem
432 990 470 1019 et
489 982 712 1019 inchoatum
732 979 783 1031 (6)
809 980 858 1016 ad
876 987 1053 1029 posteros
1081 992 1169 1029 per-

106 1043 250 1080 venisse
264 1070 275 1089 ,
295 1050 360 1079 aut
374 1071 384 1089 ‚
401 1042 508 1091 quod
538 1042 633 1078 mihi
652 1041 775 1077 multo
800 1040 920 1089 magis
949 1040 1098 1089 placet,
1128 1052 1171 1076 ea

106 1115 191 1152 quae
212 1109 418 1151 supersunt
436 1107 618 1150 excerpta
632 1112 708 1137 esse
729 1112 747 1135 a
764 1099 1022 1148 Peripatetico
1038 1099 1170 1135 nescio

108 1175 188 1211 quo
210 1174 230 1198 e
251 1160 460 1209 majoribus
484 1159 699 1197 Aristotelis
729 1158 915 1208 operibus
942 1169 965 1194 a
996 1158 1171 1207 Diogene

105 1221 263 1259 Laertio
288 1220 530 1266 memoratis,
562 1231 646 1267 quae
672 1218 738 1254 ille
766 1216 949 1254 adversus
983 1216 1172 1266 Pythago-

107 1294 215 1326 reos,
234 1279 424 1317 Eleaticos
456 1279 632 1327 aliosque
653 1277 908 1327 philosophos
937 1277 1171 1325 conscripse-

108 1347 183 1378 rat.
205 1337 262 1376 Ex
292 1338 430 1376 eodem
458 1338 567 1374 sonte
590 1349 657 1374 sua
681 1336 838 1373 videtur
859 1336 1025 1373 hausisse
1050 1336 1172 1373 Theo-

107 1398 283 1448 phrastus
300 1404 416 1446 atque
443 1397 481 1432 in
503 1396 700 1446 egregium
720 1395 870 1446 φυσικῆς
884 1392 1042 1446 ἱστορίας
1063 1395 1174 1431 volu-

107 1469 197 1493 men
215 1456 449 1493 transtulisse
466 1468 513 1492 eo
531 1455 713 1501 consilio,
737 1461 781 1491 ut
800 1455 921 1491 multa
941 1454 1104 1491 adderet
1124 1466 1169 1491 ac

110 1515 158 1554 de
179 1516 340 1566 singulis
366 1515 579 1552 accuratius
598 1514 827 1565 disputaret.
852 1514 884 1553 E
901 1525 1044 1563 magno
1070 1514 1173 1551 enim

108 1575 258 1626 φυσικῆς
292 1572 449 1626 ἱστορίας
469 1586 586 1624 opere
621 1574 874 1624 depromsisse
895 1573 1092 1624 putandus
1118 1581 1174 1611 est

108 1636 327 1685 Simplicius
345 1648 430 1685 quae
449 1647 470 1672 e
490 1634 757 1684 Theophrasto
778 1632 956 1683 proferre
972 1646 1012 1671 se
1036 1632 1173 1671 testifi-

110 1702 237 1734 catur.
258 1696 343 1732 Jam
361 1707 457 1732 vcro
485 1695 738 1731 librariorum
766 1694 916 1731 incuria
945 1693 1110 1740 accidit,
1132 1700 1176 1730 ut

109 1757 346 1807 singularum
371 1755 495 1803 ‘libelli
515 1755 687 1805 partium
714 1755 980 1804 inscriptiones
1001 1766 1174 1791 commu-

113 1823 302 1853 tarentur.
332 1816 430 1851 Nam
458 1814 488 1851 si
506 1814 742 1863 Lipsiensem
768 1813 944 1850 codicem
964 1814 1174 1862 sequimur,

109 1874 378 1912 inscribendus
397 1879 451 1910 est
470 1872 570 1910 liber
590 1872 637 1910 de
665 1873 840 1920 Zenone,
870 1872 1111 1922 Xenophane
1139 1879 1178 1909 et

115 1934 274 1985 Gorgia,
306 1934 337 1970 si
363 1933 557 1982 reliquos,
582 1931 631 1969 de
656 1932 921 1982 Xenophane,
952 1933 1108 1969 Zenone
1140 1938 1178 1968 et

114 1992 271 2043 Gorgia.
294 1993 345 2029 At
367 1998 580 2040 utrumque
596 1991 750 2028 titulum
768 2003 876 2041 aeque
892 1990 1026 2028 falsum
1042 1998 1080 2028 et
1095 1991 1176 2028 ine-

112 2061 225 2105 ptum
246 2066 329 2092 esse
351 2065 399 2090 ex
426 2053 472 2090 iis
489 2065 574 2102 quae
593 2053 750 2103 singulis
767 2053 1032 2090 commentarii
1051 2053 1177 2102 parti-

113 2114 186 2151 bus
205 2114 453 2151 continentur
472 2111 627 2149 abunde
652 2111 870 2150 conficitur.
893 2113 1046 2162 Quippe
1065 2113 1177 2162 prio-

114 2186 198 2211 rem
226 2179 375 2223 partem
390 2200 400 2219 ,
443 2184 526 2220 quae
552 2171 723 2221 primum
751 2178 790 2208 et
822 2171 1035 2208 secundum
1065 2178 1178 2221 caput

110 2226 396 2283 complectitur,
408 2243 535 2280 neque
547 2229 597 2267 ad
610 2231 892 2280 Xenophanem
904 2230 1039 2268 referri
1045 2258 1056 2278 ,
1071 2231 1179 2280 quod

114 2291 390 2332 Fiillebornius
407 2290 614 2327 arbitratus
628 2297 730 2337 erat,
751 2303 879 2339 neque
899 2290 947 2327 ad
967 2290 1176 2337 Zenonem,

115 2351 387 2401 quae·aliorum
403 2350 527 2387 fuerat
547 2349 680 2399 opinio
696 2378 707 2399 ,
724 2349 791 2386 sed
810 2349 859 2386 ad
878 2349 1067 2388 Melissum
1090 2362 1178 2399 per-

114 2412 252 2458 tinere,
269 2423 290 2448 e
306 2410 445 2447 Melissi
463 2410 768 2460 ffagmentorum
795 2422 883 2446 cum
907 2410 1036 2459 primo
1055 2410 1178 2459 capite

117 2481 305 2507 consensu
323 2469 374 2505 ita
393 2468 576 2518 probavit
589 2468 857 2519 Spaldingius‚
882 2476 926 2505 ut
943 2469 1039 2505 nihil
1059 2467 1178 2506 dubi-

115 2530 270 2566 tationis
291 2521 491 2578 reliquerit
515 2526 579 2578 (7).
601 2529 647 2564 In
668 2528 787 2565 altera
810 2535 920 2578 parte
939 2542 1020 2566 non
1036 2529 1085 2566 de
1108 2531 1180 2566 Ze-

116 2601 239 2636 none,
268 2588 336 2626 sed
369 2588 417 2624 de
452 2586 694 2636 Xenophane
726 2588 809 2636 agi,
838 2600 859 2624 e
893 2588 1180 2638 Theophrasteo

121 2648 230 2699 apud
249 2648 489 2699 Simplicium
512 2647 601 2684 loco
616 2675 627 2697 ,
656 2647 724 2696 qui
744 2648 858 2684 tertio
883 2648 999 2697 capiti
1019 2660 1180 2685 consen-

117 2714 252 2746 taneus
282 2716 361 2755 est,
399 2708 486 2758 cogi
516 2714 699 2756 oportere
720 2705 801 2754 jam
821 2706 970 2744 dudum
1000 2707 1182 2745 viderunt

118 2767 297 2805 homines
316 2766 473 2804 eruditi.
501 2767 560 2803 De
581 2764 695 2803 tertia
723 2772 852 2802 autem
882 2772 991 2815 parte
1016 2767 1044 2803 i.
1075 2778 1109 2804 e.
1133 2766 1181 2803 de

118 2827 256 2875 quinto
276 2834 314 2864 et
336 2833 443 2870 sexto
459 2826 584 2875 capite
606 2826 711 2863 nulla
729 2839 902 2875 unquam
926 2826 996 2863 fuit
1017 2833 1181 2863 contro-

118 2886 255 2925 versia.
280 2888 326 2923 In
338 2886 410 2923 hac
427 2887 529 2923 enim
554 2886 815 2936 disputatione
829 2886 877 2924 de
897 2886 1041 2937 Gorgia
1059 2887 1178 2936 quaeri

122 2952 159 2982 et
180 2947 496 2984 membranarum
517 2947 726 2983 auctoritas
745 2947 867 2983 vincit
887 2954 924 2983 et
946 2959 1077 2983 rerum
1098 2954 1180 2983 tra-

121 3004 287 3043 ditarum
319 3007 481 3057 diligens
514 3007 786 3056 pervestigatio
822 3006 948 3043 docet.
981 3006 1057 3043 Sed
1077 3006 1182 3043 unde

121 3065 285 3104 Zenonis
296 3079 440 3102 nomen
458 3074 516 3102 tot
529 3064 731 3103 codicibus
745 3065 894 3102 illatum
912 3067 988 3102 est?
1002 3066 1183 3114 Suspicor

167 3208 212 3251 (6)
229 3210 277 3241 De
296 3209 345 3241 his
364 3209 622 3250 commentariis,
634 3211 666 3242 in
686 3210 805 3251 quibus
821 3210 1045 3251 antiquiorum
1060 3209 1184 3250 opinio·

125 3263 183 3287 nes
202 3255 390 3296 consignare
407 3257 553 3289 solebant
564 3281 573 3297 ,
588 3257 738 3289 notabilis
754 3258 803 3290 est
817 3258 908 3289 locus
925 3256 1087 3289 Ammouii
1104 3258 1183 3288 Hei·-

125 3302 200 3334 miae
224 3301 294 3343 περὶ
317 3302 424 3343 epam.
444 3303 513 3343 (ed.
531 3304 604 3337 Au.
626 3304 732 3345 1503)
753 3304 801 3336 ut.
823 3307 862 3337 A.
888 3304 941 3336 roi.
958 3308 975 3336 2
995 3312 1002 3332 =
1025 3304 1183 3344 Ὑπομνη-

128 3350 247 3391 ματικὰ
267 3349 300 3381 δὲ
316 3349 419 3382 ἐκεῖνα
434 3351 698 3394 (συγγράμματα)
713 3352 878 3392 καλοῦσιν,
896 3352 958 3384 ὅσα
971 3351 1046 3394 πρὸς
1066 3350 1184 3383 οἰκείαν

127 3397 376 3439 ἀπεσημειοῦντο
394 3398 583 3440 ὑπόμνησιν.
602 3400 764 3432 Εἰώθεσαν
793 3400 826 3432 δὲ
852 3401 882 3432 οἱ
898 3399 1045 3440 παλαιοί,
1066 3399 1106 3431 τὰ
1123 3402 1184 3431 τῶν

128 3445 339 3487 ἀρχαιοτέρων
359 3445 626 3487 ἀναγινώσκοντες
644 3448 888 3490 συγγράμματα,
909 3448 1184 3488 ἀποσημειοῦσθαι

128 3492 232 3525 αὐτῶν
249 3494 303 3531 τὰς
322 3494 392 3535 περὶ
411 3494 546 3528 ἑκάστου
575 3495 754 3538 πράγματος
775 3497 863 3535 δοξας
885 3498 947 3529 καῖ
963 3497 1003 3529 τὰ
1030 3496 1185 3538 ἐπιχειρή-

1233 685 1288 734 git
1312 685 1464 721 initium
1497 683 1634 720 fecerit
1654 695 1676 719 a
1697 682 1853 721 Melisso
1868 710 1879 731 ‚
1914 689 1993 718 tum
2016 681 2067 718 ad
2085 682 2296 736 Xenopha-

1232 756 1319 780 nem
1341 743 1548 789 transierit,
1569 741 1711 779 deInde
1728 743 1923 778 Zenonem
1943 742 2132 791 posuerit,
2152 750 2295 791 postre-

1231 815 1337 839 mum
1370 815 1449 840 esse
1483 800 1670 852 Gorgiam
1703 802 1882 838 voluerit.
1929 801 2045 848 Quod
2092 809 2136 837 ut
2163 803 2215 838 ita
2254 815 2295 839 58

1232 861 1376 898 habere
1404 860 1579 907 credam,
1607 861 1824 897 certissimis
1855 859 2034 897 adducor
2057 860 2225 897 indiciis.
2248 862 2295 897 In

1231 921 1398 958 secunda
1421 920 1630 970 quaestione
1664 918 1776 972 (cap.
1810 924 1830 964 4
1847 920 1857 971 )
1882 913 1966 970 quae
1993 928 2049 958 est
2081 921 2129 958 de
2163 922 2296 958 Xeno·

1230 981 1359 1030 phane
1379 981 1518 1018 citatur
1534 981 1660 1030 prima
1675 981 1792 1018 libelli
1808 993 1897 1030 pars
1911 1009 1921 1026 ,
1945 993 2060 1030 quam
2083 981 2133 1018 ad
2162 982 2295 1018 Melis-

1232 1053 1314 1076 sum
1330 1047 1504 1089 spectare
1525 1040 1711 1087 diximus,
1731 1039 1789 1077 his
1806 1040 1933 1077 verbis
1954 1053 1963 1076 ε
1988 1041 2133 1091 Πρῶτον
2151 1038 2215 1089 μὲν
2237 1032 2297 1079 οὖν

1232 1097 1410 1149 λαμὸάνει
1428 1098 1489 1137 καὶ
1507 1092 1605 1141 οὗτος
1627 1097 1667 1136 τὸ
1693 1098 1900 1150 γιγνόμενον
1922 1097 2105 1150 γίγνεσθαι
2122 1097 2156 1143 ἐξ
2176 1098 2294 1147 ὄντος,

1232 1155 1354 1211 ὥσπερ
1372 1160 1389 1196 ὃ
1404 1157 1595 1202 Μέλισσος.
1617 1160 1663 1195 In
1683 1171 1726 1196 ea
1746 1166 1874 1196 autem
1887 1188 1898 1206 ‚
1918 1172 2002 1208 quae
2021 1172 2125 1196 nunc
2147 1166 2202 1197 est
2224 1167 2298 1197 ter·

1233 1219 1286 1255 tia
1315 1219 1588 1255 commentatio
1620 1225 1659 1255 et
1691 1231 1806 1267 quam
1840 1218 1933 1254 olim
1968 1226 2144 1267 quartam
2185 1219 2299 1256 fuisse

1234 1276 1399 1326 conjicio
1412 1306 1422 1325 ,
1440 1277 1621 1329 laudatur
1635 1278 1759 1327 prima
1776 1278 1952 1327 opusculi
1971 1290 2061 1326 pars
2079 1278 2126 1315 de
2143 1279 2298 1315 Melisso

1234 1345 1271 1374 et
1303 1339 1416 1375 tertia
1436 1337 1485 1374 de
1512 1337 1670 1376 Zenone
1700 1337 1796 1375 olim
1824 1339 2067 1387 conscripta,
2108 1339 2299 1387 siquidem

1235 1409 1318 1446 cap.
1343 1395 1365 1433 5
1390 1397 1550 1447 legimus
1571 1408 1580 1435 ε
1602 1393 1647 1433 τὰ
1665 1394 1729 1445 μὲν
1747 1397 1793 1438 ὡς
1814 1393 2017 1445 Μέλισσος,
2039 1395 2084 1434 τὰ
2106 1395 2136 1434 δ’
2161 1398 2208 1441 ὡς
2225 1396 2299 1444 Ζή-

1234 1471 1301 1493 νων
1323 1455 1495 1507 ἐπιχειρεῖ
1511 1453 1693 1493 δεικνύειν.
1711 1455 1918 1494 Enimvero
1941 1469 2056 1505 quam
2074 1469 2300 1507 perversum

1234 1517 1304 1562 sit,
1319 1523 1406 1565 post
1421 1516 1615 1552 Melissum
1629 1522 1797 1552 tractare
1810 1516 2105 1566 Xenophanem,
2123 1517 2187 1553 vix
2203 1530 2302 1567 opus

1235 1583 1290 1613 est
1323 1575 1491 1614 ostendi.
1511 1578 1656 1614 Verum
1678 1576 1744 1613 illa
1762 1577 1990 1626 perversitas
2011 1578 2150 1614 nonin
2176 1578 2301 1628 ipsum

1236 1635 1509 1682 Aristotelem,
1521 1635 1588 1672 sed
1614 1636 1655 1672 in
1681 1636 1868 1685 epitomes
1882 1636 1995 1685 hujus
2016 1645 2214 1675 auctorem
2236 1651 2301 1676 ca·

1237 1696 1307 1732 dit.
1327 1696 1388 1733 Sic
1414 1696 1543 1733 omnia
1565 1696 1703 1733 videor
1722 1697 1955 1746 expediisse,
1975 1699 2016 1734 in
2036 1698 2178 1747 quibus
2195 1700 2301 1736 litte-

1237 1755 1416 1792 ratissimi
1451 1756 1570 1793 aetatis
1593 1763 1732 1793 nostrae
1752 1763 1790 1793 et
1809 1757 2102 1807 ingeniosissimi
2128 1759 2303 1799 homines

1236 1815 1447 1862 haeserunt,
1466 1816 1533 1865 qui
1551 1815 1599 1853 de
1612 1817 1701 1853 libri
1716 1815 1831 1864 hujus
1845 1818 2034 1867 scriptore
2055 1821 2303 1856 commentati

1236 1882 1338 1912 sunt.
1369 1877 1504 1924 Neque
1524 1882 1651 1913 tamen
1671 1876 1929 1914 omittendum
1948 1877 2050 1915 duco
2079 1879 2246 1928 primam
2267 1886 2304 1917 et

1238 1935 1391 1971 tertiam
1415 1934 1722 1973 dissertationem
1744 1937 1798 1973 ita
1828 1938 2084 1987 compositam
2124 1950 2230 1985 esse,
2260 1945 2304 1975 ut

1238 1993 1392 2032 nullum
1419 1995 1480 2031 vel
1499 1995 1652 2031 Melisso
1671 1995 1733 2032 vel
1753 1995 1904 2046 Gorgiae
1933 1996 2072 2046 dogma
2093 1998 2302 2049 tribuatur,

1243 2053 1352 2102 quod
1371 2066 1451 2090 non
1472 2066 1608 2091 eorum
1627 2054 1812 2091 doctrinae
1833 2057 2053 2102 conveniat,
2077 2057 2118 2093 in
2136 2057 2300 2095 secunda

1240 2120 1371 2150 autem
1389 2114 1655 2150 commentarii
1675 2121 1785 2163 parte
1806 2116 2085 2153 conscribenda
2105 2124 2303 2155 auctorem

1239 2172 1436 2210 refutandi
1457 2172 1587 2209 studio
1608 2173 1807 2210 incensum
1828 2174 2004 2224 cupidius
2022 2183 2216 2213 versatum
2247 2177 2305 2214 vi-

1241 2231 1346 2278 deri,
1379 2244 1493 2280 quam
1519 2232 1680 2281 simplex
1710 2232 1785 2270 fert
1816 2235 1914 2270 ratio
1943 2235 2128 2274 veritatis.
2152 2234 2305 2273 Etenim

1240 2292 1411 2341 Metaph.
1432 2293 1465 2338 I,
1489 2290 1511 2328 5
1540 2303 1630 2341 pag.
1650 2290 1746 2340 986.
1774 2292 1816 2339 b,
1847 2293 1894 2331 18
1915 2293 1975 2330 ed.
1997 2294 2116 2333 Bekk.
2149 2295 2230 2332 haec
2257 2296 2305 2334 le-

1241 2358 1385 2402 guntur
1418 2363 1427 2387 :
1464 2349 1696 2402 Παρμενίδης
1733 2349 1796 2400 μὲν
1818 2350 1887 2403 γὰρ
1913 2350 2006 2390 ἔοικε
2041 2355 2104 2391 τοῦ
2124 2352 2217 2390 κατὰ
2245 2353 2305 2393 τὸν

1241 2410 1344 2461 λόγον
1362 2407 1436 2453 ἑνὸς
1457 2407 1654 2461 ἅπτεσθαι,
1672 2409 1853 2454 Μέλισσος
1868 2409 1904 2449 δὲ
1923 2414 1986 2450 τοῦ
2005 2411 2098 2450 κατὰ
2115 2411 2178 2459 τὴν
2204 2412 2304 2460 ὕλην·

1246 2469 1298 2508 διὸ
1318 2468 1379 2508 καὶ
1403 2470 1422 2507 ὁ
1443 2467 1507 2519 μὲν
1528 2468 1799 2521 πεπερασμένον
1814 2499 1825 2519 ,
1840 2472 1858 2509 ὁ
1876 2471 1906 2509 δ’
1929 2469 2075 2524 ἄπειρόν
2093 2487 2198 2525 φησιν
2216 2467 2305 2512 εἶναι

1242 2528 1341 2569 αὐτό.
1380 2528 1584 2582 Ξενοφάνης
1613 2528 1650 2568 δὲ
1685 2531 1823 2582 πρῶτος
1851 2530 1983 2570 τούτων
2016 2530 2132 2576 ἑνίσας
2156 2531 2202 2583 (ὁ
2236 2531 2305 2585 γὰρ

1243 2587 1473 2642 Παρμενίδης
1491 2587 1616 2628 τούτου
1638 2588 1780 2642 λέγεται
1807 2589 1994 2642 μαθητής)
2013 2589 2110 2630 οὐθὲν
2130 2592 2306 2645 διεσαφή-

1241 2662 1335 2686 νισεν
1347 2675 1357 2694 ,
1374 2646 1452 2686 οὐδὲ
1477 2649 1539 2695 τῆς
1561 2646 1697 2701 φύσεως
1711 2647 1844 2687 τούτων
1860 2648 2048 2702 οὐδετέρας
2067 2649 2162 2690 ἔοικε
2180 2654 2306 2702 θιγεῖν,

1242 2707 1320 2745 ἀλλ’
1341 2707 1391 2752 εἷς
1411 2706 1470 2745 τὸν
1486 2706 1566 2747 ὅλον
1585 2706 1731 2761 οὐρανὸν
1747 2707 1956 2762 ἀποὸλέψας
1975 2708 2015 2748 τὸ
2035 2708 2071 2748 ἓν
2097 2703 2189 2749 εἶναί
2219 2725 2306 2764 φησι

1242 2766 1301 2806 τὸν
1320 2766 1408 2807 θεόν.
1434 2768 1744 2818 Xenophaneum
1765 2770 1873 2818 quod
1888 2771 1951 2807 hic
1970 2770 2153 2820 proditur
2170 2772 2306 2808 decre-

1243 2835 1322 2865 tum
1341 2840 1459 2877 quum
1479 2829 1689 2878 simplicius
1711 2837 1822 2880 esset,
1843 2842 1960 2879 quam
1978 2829 2084 2880 quod
2103 2831 2307 2868 commode

1242 2894 1370 2936 posset
1399 2887 1597 2939 redargui,
1639 2889 1692 2926 ita
1722 2896 1916 2926 mutatum
1953 2896 2008 2927 est
2044 2890 2158 2939 hujus
2186 2891 2306 2928 libelli

1242 2959 1325 2996 cap.
1342 2947 1412 2993 111,
1437 2954 1482 2983 ut
1508 2948 1548 2983 in
1569 2947 1650 2996 ejus
1667 2949 1797 2986 locum
1827 2950 2123 2987 substitueretur
2143 2945 2254 2987 ἀΐδιον
2276 2947 2307 2986 δ’

1243 3003 1329 3042 ὄντα
1350 3003 1411 3042 καὶ
1430 3003 1490 3043 ἕνα
1515 3005 1575 3044 καὶ
1607 3008 1828 3060 σφαιροειδῆ,
1851 3005 1924 3045 οὔτ’
1951 3007 2093 3061 ἄπειρον
2123 3002 2211 3046 εἶναι
2226 3006 2305 3046 οὔτε

1244 3063 1476 3117 πεπεράνθαι.
1510 3066 1556 3105 In
1584 3081 1662 3117 quo
1695 3070 1863 3119 primum
1888 3069 1986 3105 illud
2014 3070 2192 3106 mirabile
2223 3077 2305 3118 est,

1245 3221 1329 3251 ματα
1341 3211 1381 3242 τὰ
1399 3211 1519 3244 τούτων
1539 3212 1908 3249 κατασκευαστικὰ-ὡς
1924 3213 1999 3250 ὕλην
2018 3216 2079 3244 τῶν
2094 3212 2218 3245 οἰκείων
2233 3223 2313 3251 συγ·

1243 3258 1447 3300 γραμμάτων.

1287 3305 1332 3346 (7)
1350 3306 1399 3338 Cf.
1425 3305 1590 3347 Spalding.
1609 3307 1737 3340 Vindio.
1760 3307 1839 3348 phil.
1864 3309 1945 3348 Meg.
1974 3315 2005 3348 p.
2027 3310 2065 3339 56
2092 3315 2183 3348 seqq.
2204 3311 2308 3346 Argu·

1245 3355 1356 3385 menta
1387 3353 1459 3395 eJus
1482 3356 1626 3395 repetere
1654 3353 1922 3395 supersedemus,
1952 3363 2055 3395 quum
2078 3354 2149 3395 ipsa
2184 3355 2306 3387 Melissi

1246 3400 1424 3442 fragmenta
1446 3411 1508 3435 nos
1536 3402 1569 3434 in
1587 3402 1649 3434 hoc
1666 3402 1832 3435 volumine
1852 3402 2075 3435 exhibeamus,
2091 3401 2179 3433 Adde
2204 3403 2305 3433 Brau-

1246 3448 1309 3480 dis.
1322 3450 1620 3483 commentationes
1637 3450 1795 3483 Eleaticas
1814 3459 1844 3492 p.
1866 3454 1922 3484 180
1938 3459 2028 3492 seqq.
2041 3451 2073 3483 et
2087 3450 2211 3482 Histor.
2225 3449 2303 3491 phil.

1246 3497 1273 3536 I,
1290 3499 1349 3530 398
1371 3506 1461 3539 seqq.

2119 3560 2161 3586 ¹:3-
