2612 3814
358 259 430 291 382
968 247 1253 287 DEMOCRl'l'I
1286 244 1608 285 FRAGMENTA
1635 243 1843 284 SPUBIA.

347 340 492 377 Atticos
506 338 546 376 in
566 350 639 376 usu
663 337 747 375 suit.
764 337 875 375 Certe
888 335 1180 388 Xenophontem
1198 344 1300 374 recte
1315 342 1391 373 sta-

348 400 417 435 tuit
443 397 698 435 Buttmannus
720 396 894 435 Gramm.
918 395 1047 446 Ampl.
1069 394 1184 433 Tom.
1208 393 1245 431 ll
1267 395 1290 444 S
1316 408 1328 430 1
1343 398 1385 437 ¹4

349 470 388 507 p.
424 469 492 504 ¹07
519 468 623 506 seqq.
655 467 807 506 semper
827 453 972 491 dixisse
994 452 1130 499 δέεται,
1165 466 1248 503 quae
1270 452 1393 489 forma

349 514 528 566 pluribus
564 514 660 552 locis
689 521 840 551 servata
877 525 954 550 non
999 511 1188 557 librariis,
1218 509 1283 547 sed
1316 509 1392 559 ipsi

350 574 532 624 scriptori
568 572 742 611 debetur.
765 571 896 621 Neque
922 570 1033 607 valde
1058 570 1193 620 dispar
1213 576 1270 606 est
1290 567 1390 604 ratio

349 631 461 670 verbi
477 632 585 683 χέειν,
607 631 654 669 de
680 644 757 681 quo
780 629 964 667 disseruit
989 628 1090 666 idem
1118 626 1390 676 grammaticus

350 691 518 741 tom.l§
543 691 612 727 105
634 689 762 727 adnot.
792 702 830 725 2.
852 687 985 735 ltaque
1010 686 1050 723 in
1077 685 1137 723 his
1170 684 1393 734 fragmentis

349 750 498 787 nullum
518 758 573 787 est
596 748 797 795 indicium,
818 759 863 784 ex
878 759 955 796 quo
978 744 1239 782 Democritum
1258 756 1390 780 eorum

349 817 541 846 auctorem
559 819 642 845 esse
659 806 789 854 colligi
804 812 990 855 oporteat.
1010 803 1197 840 Caeterum
1217 802 1392 840 neutrius

350 867 552 916 fragmenti
588 874 711 902 textus
741 865 888 911 integer
922 869 992 907 est,
1024 859 1135 910 cujus
1161 860 1393 898 emendandi

326 959 329 961 .
350 937 479 962 curam
498 935 630 973 gerere
646 934 749 958 nunc
774 933 852 958 non
868 928 989 957 vacat.

402 996 450 1022 89.
469 981 520 1021 Τὸ
539 979 733 1034 προσπεσὸν
754 978 914 1031 τερπνόν.
931 979 1005 1030 Ap:
1026 977 1147 1017 Orell.
1167 991 1204 1016 n.
1226 979 1310 1016 181.

402 1055 448 1080 40.
474 1040 583 1083 υΟλος
604 1039 780 1091 ἅνθρωπος
808 1038 847 1076 ἐκ
880 1040 1020 1089 γενετῆς
1052 1035 1172 1080 νοῦσός
1206 1038 1293 1076 ἐστι.
1316 1037 1392 1089 Ap.

349 1100 467 1138 Orell.
487 1107 525 1139 n'.
551 1100 638 1137 182.
659 1098 875 1148 Utrumque
894 1096 1178 1149 apophtliegma
1197 1110 1244 1135 ex
1270 1097 1394 1135 Pseu-

293 1199 297 1203 ,
350 1157 640 1209 doliippocratis
667 1156 831 1208 epistola
858 1155 905 1194 ad
938 1156 1205 1206 Damagetum,
1238 1156 1285 1194 de
1318 1169 1394 1207 qua

349 1215 452 1253 libro
468 1216 596 1267 primo
613 1229 698 1267 pag.
721 1217 769 1263 78
783 1227 889 1266 seqq.
907 1213 1185 1261 disseruimus,
1206 1223 1391 1261 sumtum,

350 1288 397 1312 ex
425 1274 478 1313 M.
499 1274 669 1313 Neandri
697 1273 823 1325 Opere
845 1285 978 1322 aureo,
999 1272 1069 1311 ubi
1088 1286 1177 1324 pag.
1207 1274 1281 1310 362
1300 1272 1390 1326 ·(ed.

350 1332 471 1384 Lips.)
488 1332 645 1382 legitur,
664 1332 793 1383 inepte
807 1331 1013 1382 exscripsit
1035 1331 1219 1370 Orellius.

404 1403 449 1429 41.
470 1390 642 1440 Γνωμέων
665 1405 729 1440 μευ
749 1389 857 1427 τῶνδε
874 1387 905 1427 εἴ
923 1404 974 1433 τις
992 1384 1110 1428 ἐπαΐοι
1134 1388 1191 1434 ξὺν
1210 1388 1290 1441 νόῳ,
1308 1390 1395 1427 πολ-

351 1448 396 1487 λὰ
417 1449 479 1499 μὲν
499 1447 588 1501 ἔρξει
605 1448 725 1501 ἀνδρὸς
745 1449 873 1498 ἀγαθοῦ
894 1446 974 1492 ἄξια
986 1476 996 1494 ,
1011 1447 1125 1486 πολλὰ
1146 1448 1181 1486 δὲ
1199 1449 1317 1500 φαῦλα
1331 1449 1397 1500 οὐχ

352 1506 431 1552 ἕξει.
461 1507 851 1546 Pseudodemocrates
877 1518 936 1557 ap.
972 1505 1094 1545 Orell.
1123 1519 1162 1545 n.
1194 1519 1227 1544 1.
1254 1506 1396 1544 lonicae

352 1565 504 1604 dialecti
533 1566 632 1603 ratio
656 1565 827 1617 postulat
850 1565 912 1602 οὐκ
934 1563 1025 1612 ἕξει;
1053 1564 1223 1602 Orellius
1252 1565 1395 1615 corrigi

351 1623 436 1661 vult
457 1624 518 1662 οὐκ
534 1623 634 1675 ἔρξει.
658 1623 732 1661 Sed
753 1623 997 1661 manifestum
1015 1631 1087 1672 est,
1115 1622 1214 1660 hanc
1241 1632 1396 1661 senten-

353 1682 444 1720 tiam
458 1681 506 1720 ab
523 1695 569 1719 eo
588 1681 656 1733 qui
667 1681 882 1719 Democriti
897 1689 1088 1732 praecepta
1099 1680 1264 1718 moralia
1279 1680 1399 1718 colle-

353 1741 425 1790 git,
446 1741 789 1779 commendationis
809 1740 894 1778 loco
926 1740 1073 1778 caeteris
1095 1740 1296 1777 sententiis
1317 1753 1400 1778 esse

354 1799 604 1850 praemissam.

407 1870 457 1898 ⁴2.
477 1857 663 1910 Μακάριος
683 1856 719 1901 ὃς
739 1857 857 1896 οὐσίαν
874 1856 935 1897 καὶ
954 1859 1032 1895 νοῦν
1064 1856 1158 1909 ἔχει·
1184 1859 1315 1909 χρῆται
1331 1855 1399 1908 γὰρ

359 1916 436 1960 etc&
448 1917 500 1955 δεῖ
511 1918 637 1960 καλῶς.
654 1916 1046 1955 Pseudodemocrates
1054 1929 1118 1968 ap.
1136 1915 1258 1955 Orell.
1272 1929 1311 1955 n.
1332 1917 1397 1961 48.

356 1976 541 2027 Corrupti
559 1984 648 2014 sunt
662 1987 797 2013 versus
810 1974 981 2023 iambici,
994 1988 1092 2026 quos
1108 1975 1280 2024 integros
1292 1975 1402 2012 exhi-

356 2033 448 2072 bent
461 2033 634 2072 Stobaeus
656 2033 756 2072 Flor.
771 2032 904 2082 CXIV,
922 2048 941 2081 7
967 2042 1004 2071 et
1022 2033 1180 2071 Maxim.
1198 2046 1286 2084 pag.
1313 2033 1401 2082 759,

356 2091 558 2130 Menandri
568 2105 651 2132 esse
665 2092 848 2131 dicentes.
867 2091 927 2130 lbi
940 2100 1064 2130 autem
1075 2092 1115 2129 in
1128 2092 1231 2130 hunc
1241 2091 1399 2130 modum

356 2150 576 2190 scribuntur
595 2165 603 2189 :

1557 335 1686 385 χρῆται
1705 332 1773 385 γὰρ
1793 326 1904 380 οὗτος,
1926 334 1974 378 εἷς
1992 333 2015 372 ἃ
2033 334 2097 382 δεῖ,
2114 334 2226 386 ταύτῃ
2246 337 2376 380 καλῶς.

1455 405 1502 430 43.
1560 392 1628 437 Γῆς
1648 389 1779 439 tndem
1795 391 1940 442 γυμνός,
1958 393 2087 444 γυμνός
2109 395 2138 432 Θ’
2158 393 2226 432 ὑπὸ
2244 397 2348 446 γαῖαν
2365 394 2503 447 ἄπειμι·

1610 448 1684 488 Καὶ
1699 448 1734 487 τί
1754 448 1870 500 μάτην
1890 452 2026 502 μοχθῶ,
2047 451 2178 503 γυμνὸν
2199 454 2287 505 ὁρῶν
2301 452 2341 492 τὸ
2355 453 2489 502 τίλοςγ

1456 550 1500 588 1η
1534 550 1629 590 Cod.
1664 551 1788 592 Palat.
1829 554 2105 593 sententiarum
2139 555 2500 597 Pseudodemocra-

1456 609 1619 647 ticarum
1639 610 1714 648 hoc
1730 611 1972 662 epigramma
1991 621 2079 664 post
2098 622 2263 653 sentent.
2291 615 2340 652 83
2362 615 2503 656 inseri·

1456 677 1534 715 tur,
1551 677 1593 707 ut
1611 677 1772 707 testatur
1785 669 1958 709 Orellius
1978 684 2109 722 opusc.
2129 672 2144 710 l
2164 686 2204 724 p.
2221 673 2312 718 504.
2333 676 2383 712 At
2399 673 2502 714 idem
2548 707 2551 713 ,

1454 726 1650 765 distichon
1672 727 1838 765 Palladae
1869 729 2077 781 ascriptum
2105 739 2229 769 exstat
2255 732 2296 770 in
2319 731 2504 772 Brunckii

1455 785 1628 824 Analect.
1646 793 1740 824 tom.
1760 785 1796 823 ll
1818 799 1858 837 p.
1876 787 1968 830 428.

1508 856 1557 882 n.
1577 843 1623 883 ‘0
1643 843 1771 894 κόσμος
1791 843 1991 893 ἀλλοίωσις,
2012 847 2031 884 ὁ
2059 846 2130 899 βίος
2149 848 2335 901 ὑπόληψις.
2353 849 2506 888 Demo-

1456 912 1550 942 crat.
1574 917 1638 954 ap.
1663 904 1785 943 Orell.
1809 918 1847 944 n.
1870 904 1932 942 85.
1954 905 2085 944 Exstat
2102 905 2184 944 liaec
2209 907 2399 946 sententia
2423 908 2503 946 De-

1457 963 1617 1000 mocrati
1639 963 1808 1014 ascripta
1823 976 1886 1014 ap.
1904 963 2075 1002 Marcum
2097 964 2337 1004 Antoninum
2360 965 2434 1007 lib.
2455 966 2505 1005 lv

1455 1022 1478 1071 S
1501 1023 1521 1059 3
1544 1022 1630 1068 fin„
1654 1021 1722 1060 ubi
1741 1022 1821 1061 vid.
1844 1022 2025 1062 Gataker.
2046 1022 2180 1061 Fuisse
2198 1036 2282 1062 eam
2307 1024 2351 1064 in
2370 1025 2506 1064 codice

1455 1079 1670 1128 Bai-berino
1720 1082 1996 1120 sententiarum
2047 1083 2406 1123 Democraticarum
2455 1097 2504 1124 ex

1458 1138 1664 1189 llolstenii,
1690 1139 1758 1190 qui
1790 1139 1901 1178 illum
1932 1139 2103 1178 codicem
2132 1141 2317 1191 contulit,
2345 1142 2506 1183 silentio

1456 1196 1651 1248 conjicere
1667 1197 1769 1236 licet.
1790 1198 1864 1236 Sed
1883 1211 2001 1249 quum
2026 1212 2109 1237 eam
2131 1200 2172 1237 in
2194 1199 2282 1239 cod.
2299 1200 2504 1250 Palatino,

1457 1256 1525 1306 qui
1548 1256 1678 1305 magni
1699 1256 1889 1307 ponderis
1902 1266 1974 1304 est,
1990 1257 2203 1297 desiderari
2222 1266 2382 1297 testetur
2395 1259 2504 1298 Orel-

1457 1314 1555 1366 lius,
1583 1315 1823 1366 omninoque
1861 1329 1940 1354 non
1975 1315 2155 1354 videatur
2192 1317 2278 1356 fieri
2317 1330 2434 1369 posse
2464 1326 2508 1357 ut

1459 1374 1720 1421 Democritus,
1755 1374 1845 1412 licet
1879 1374 2065 1413 mundum
2101 1377 2358 1428 appellaverit
2383 1385 2507 1416 muta·

1459 1431 1622 1482 tionem,
1653 1431 1773 1469 vitam
1794 1440 1921 1469 tamen
1939 1432 2038 1470 nihil
2061 1433 2140 1471 nisi
2161 1433 2388 1484 opinionem
2421 1446 2506 1473 esse

1459 1488 1626 1536 dixerit,
1645 1488 1720 1526 hoc
1740 1488 1887 1527 dictum
1909 1489 2011 1527 inter
2030 1490 2278 1529 Democritea
2295 1504 2376 1529 non
2397 1504 2507 1530 rece·

2607 739 2612 750 -
2604 718 2606 720 -
2598 351 2612 692 ..„-1..-.⁴.-..mam-2...,..„z-.
2596 224 2612 340 ..lenanu-¹
2594 197 2599 206 ’

1457 1547 1602 1597 pimus.
1623 1546 1823 1598 Siquidem
1843 1547 1921 1599 ipsi
1945 1548 2142 1586 Antonino
2163 1549 2294 1599 potius
2320 1551 2528 1589 convenit.
2548 1562 2550 1564 ’
2608 1556 2612 1558 ’

1457 1604 1532 1642 hoc
1551 1604 1727 1654 effatum,
1754 1605 1817 1643 cui
1847 1606 1992 1656 passim
2027 1606 2067 1644 in
2098 1619 2168 1644 ore
2185 1607 2301 1645 fuerit
2320 1607 2420 1646 illud
2439 1613 2510 1647 πᾶν

1458 1662 1645 1715 ὑπόληψις,
1667 1672 1732 1701 aut
1767 1664 1833 1701 alii
1871 1663 2158 1703 attribuendum
2197 1674 2255 1704 est
2286 1665 2510 1717 Democrati

1459 1736 1572 1773 quam
1589 1723 1663 1769 illi,
1684 1736 1799 1773 quem
1820 1723 2084 1761 Democritum
2102 1736 2186 1762 esse
2206 1724 2404 1764 volumus.

1513 1795 1559 1821 45.
1582 1782 1665 1834 Θεῷ
1689 1783 1805 1831 ὅμοιον
1834 1781 1909 1834 ἔχει
1927 1784 1945 1821 ὃ
1981 1781 2159 1835 ἄνθρωπος
2174 1781 2216 1822 τὸ
2233 1775 2272 1822 εὖ
2287 1789 2411 1832 ποιεῖν,
2427 1783 2510 1823 ὅταν

1459 1839 1499 1878 τὸ
1520 1833 1556 1878 εὖ
1577 1844 1687 1878 ποιεῖν
1709 1839 1758 1891 μὴ
1787 1841 2054 1890 καπηλεύηται,
2088 1840 2149 1880 καὶ
2171 1840 2211 1880 τὸ
2239 1842 2511 1894 εὐεργετεῖν-καὶ

1460 1897 1654 1945 ἀληθεύειν.
1671 1899 1864 1936 Anton.et
1877 1898 1978 1937 Max.
1990 1913 2030 1951 p.
2047 1913 2140 1948 ²773
2155 1912 2219 1952 ap.
2233 1899 2408 1942 Orell.n.
2425 1896 2511 1941 135.
2547 1900 2550 1902 ’

1460 1957 1539 1995 Cur
1570 1957 1669 1995 lianc
1708 1958 1935 1996 sententiam
1972 1958 2195 1997 Democrito
2231 1958 2512 2011 abjudicemus,

1461 2015 1605 2054 dictum
1623 2025 1680 2055 est
1699 2016 1740 2055 in
1760 2016 1986 2068 praefatione
2008 2017 2232 2069 fragmentis
2250 2018 2467 2070 praemissa.
2503 2048 2506 2052 .

1515 2087 1564 2114 ⁴0.
1590 2073 1662 2114 Ἢν
1681 2074 1829 2128 πιστεύῃ
1865 2091 1928 2123 τις,
1966 2074 2062 2120 θεοὺς
2100 2076 2343 2116 ἐπισκοπεύειν
2374 2075 2508 2122 πάντα,

1464 2133 1542 2172 οὔτε
1575 2133 1686 2185 λάθρη
1708 2133 1786 2172 οὔτε
1823 2135 1981 2187 φανερῶς
2008 2133 2267 2186 ἁμαρτήσεται.
2288 2135 2509 2173 Democrat.

1465 2207 1527 2243 ap.
1545 2192 1666 2230 Orell.
1687 2206 1728 2231 n.
1760 2193 1821 2233 80.
1860 2193 1916 2232 De
1949 2193 2024 2231 hoc
2047 2206 2202 2245 quoque
2233 2194 2446 2245 fragmento
2472 2195 2516 2232 in

405 2259 410 2263 ”
456 2252 636 2302 Μπκάριος
655 2252 747 2296 ὅστις
766 2252 884 2292 οὐσίαν
905 2252 964 2291 καὶ
983 2255 1060 2292 νοῦν
1085 2253 1173 2305 ἔχει,
1439 2272 1444 2283 ·
1466 2252 1598 2290 eadem
1618 2252 1846 2303 praefatione
1862 2252 2048 2291 diximus.
