2612 3814
1067 280 1410 321 FRAGMENTA.
2280 291 2332 323 a?

231 374 371 421 ἀσκηθῆ
383 400 394 420 ,
415 370 492 411 νόον
510 369 632 419 αὐτόν,
646 365 755 409 ἀίδιον
773 368 835 417 ἠδὲ
855 368 988 420 νόημα.

440 478 453 495 fl
671 475 690 493 *
908 476 923 491 ’Κ

228 548 295 593 Ὦς
313 547 373 587 καὶ
398 545 487 599 ἐγὼν
502 546 793 600 ὅφελονιχπυκινοῦ
813 546 893 587 νόου
913 546 1163 594 ἀντιὸολῆσαι,

229 607 578 662 ἀμφοτερόὸλεπτος·
593 606 691 658 δολίῃ
713 607 743 645 δ’
763 608 833 660 ὁδῷ
854 606 1099 655 ἐξαπατήθην,

226 665 464 721 πρεσὸυγενὴς
485 666 536 705 ἔτ’
553 665 618 705 ἐών
631 696 642 715 ,
658 665 781 711 ἄδολος
799 666 860 705 καὶ
879 665 1025 720 ἄμοιρος
1039 665 1180 713 ἁπάσης

171 741 208 766 :35
229 726 479 774 σκεπτοσύνης.
535 724 670 774 ’Όππη
689 725 756 779 γὰρ
774 725 858 778 ἐμὸν
876 724 954 765 νόον
972 725 1152 781 εἷρύσαιμι
1165 756 1174 774 ,
1219 776 1221 778 q

226 787 274 831 εἷς
287 785 323 825 ἓν
343 786 452 824 ταύτό
475 801 511 824 τε
532 792 603 825 πᾶν
623 786 789 825 ἀνελύετο
802 802 809 810 ·
833 791 905 825 πᾶν
925 786 955 824 δ’
978 785 1033 824 ἐὸν
1056 785 1124 824 αἰεὶ

225 845 342 894 πάντη
364 845 595 897 ἀνελκόμενον
613 844 698 896 μίαν
722 846 769 891 εἷς
790 845 893 899 φύσιν
917 843 1036 884 ἵσταθ’
1060 844 1202 896 ὁμοίαν.

429 953 445 969 ί*
665 952 679 968 fl·
899 952 916 969 ί

225 1034 289 1074 Ἔν
305 1033 341 1072 δὲ
360 1033 400 1073 τὸ
421 1032 614 1086 θαρσαλέον
630 1049 667 1073 τε
682 1034 742 1073 καὶ
765 1033 922 1085 ἐμμανὲς
940 1031 1041 1081 ὅππη
1058 1032 1204 1087 ὀρούσαι

225 1094 358 1146 φαίνετ’
380 1093 592 1147 Ἀναξάρχου
611 1093 732 1133 κύνεον
748 1093 867 1146 μένος
886 1092 921 1138 ὅς
939 1096 981 1148 ῥα
1005 1093 1064 1133 καὶ
1085 1093 1203 1141 εἰδώς,

169 1165 206 1190 (ο
224 1151 271 1196 ὥς
290 1167 394 1205 φασιν
409 1181 419 1200 ,
439 1153 554 1198 ἄθλιος
573 1151 676 1201 ἔσκε,
696 1152 796 1207 φύσις
812 1152 849 1191 δέ
867 1169 927 1203 μιν
942 1151 1100 1203 ἔμπαλιν
1120 1147 1202 1205 ἦγεν

225 1211 447 1264 ἡδονοπλήξ,
463 1212 507 1261 ἣν
528 1213 687 1251 πλεῖστοι
710 1211 934 1269 ὑποτρείουσι
954 1214 1143 1266 σοφιστῶν.

455 1319 470 1332 π
689 1319 704 1335 n
927 1318 942 1335 k

224 1389 297 1430 Καί
317 1405 385 1429 που
406 1389 643 1444 Ἀναξαγόρην
664 1389 747 1443 φάσ’
763 1389 916 1441 ἔμμεναι
936 1390 1087 1442 ἄλκιμον
1104 1389 1202 1442 ἥρω,

223 1452 316 1491 Νοῦν
329 1478 340 1498 ,
357 1449 410 1488 ὅτι
431 1449 474 1498 δὴ
494 1449 570 1494 νόος
592 1450 705 1503 αὐτῷ,
727 1449 763 1494 ὃς
780 1449 945 1497 ἐξαπίνης
963 1449 1150 1502 ἐπαγείρας

218 1509 337 1549 πάντα
367 1509 637 1564 συνεσφήκωσεν
656 1512 746 1561 ὁμοῦ
769 1509 1017 1564 τεταραγμένα
1037 1510 1202 1564 πρόσθεν.

423 1618 444 1638 4
665 1615 681 1633 ὑ
897 1616 914 1633 *

167 1704 203 1729 15
226 1689 471 1743 Πρωταγόρης
489 1691 519 1729 τ’
539 1689 739 1740 ἐπίμικτος,
759 1689 955 1743 ἐριζέμεναι
977 1685 1014 1727 εὖ
1036 1688 1148 1733 εἰδώς.

393 1811 395 1813 ,
429 1797 444 1815 ἡ
664 1797 679 1813 t
899 1796 912 1812 k

137 1914 318 1922 ——-.

138 1982 286 2021 formae.
303 1981 417 2027 Quod
434 1995 527 2020 vero
544 1981 724 2020 Kuhnius
743 1981 846 2033 apud
860 1980 1063 2019 Laertium
1078 1979 1197 2030 Ὅμη-

140 2041 294 2093 ροπάτην
312 2041 409 2093 poni
427 2042 519 2087 vult,
541 2041 861 2093 improbandum.
874 2039 937 2078 Vs.
955 2040 999 2077 31
1018 2040 1060 2077 in
1079 2052 1199 2077 mem-

137 2100 272 2139 branis
291 2100 345 2138 ita
362 2100 572 2138 exhibetur
589 2115 597 2138 ε
617 2102 768 2147 ἀσκηθῆ,
784 2098 1052 2151 νοερωτὸν-ἠὲ
1067 2098 1197 2149 νόημα.

138 2159 342 2199 Fabricius
371 2160 701 2212 interponendum
737 2160 890 2199 censuit
921 2160 1102 2211 σύμπαντ’
1137 2169 1202 2199 aut

137 2218 241 2259 πάνθ’
259 2216 338 2259 ὅσον
362 2219 425 2258 vel
458 2220 587 2258 simile
607 2219 718 2271 quid.
751 2220 970 2258 Brunckius
1001 2221 1170 2259 malebat
1188 2235 1196 2258 z

139 2279 299 2328 ἀσκηθῆ,
319 2277 513 2328 σύμπαντα
532 2278 623 2326 νόον,
649 2278 840 2329 σύμπαντα
870 2278 1056 2332 φρόνημα,
1079 2293 1199 2331 quum

138 2338 333 2389 Diogenes
351 2338 419 2386 lx,
438 2353 485 2389 19
499 2339 581 2378 haec
593 2339 671 2378 fere
689 2338 814 2378 verba
825 2348 989 2391 usurpet
1007 2353 1015 2377 τ
1040 2338 1201 2390 σύμπαν-

137 2397 184 2437 τά
197 2414 234 2436 τε
246 2391 335 2437 εἶναι
347 2402 426 2437 νοῦν
439 2398 499 2436 καὶ
513 2399 692 2452 φρόνησιν.
707 2399 854 2437 Paulus
864 2397 1034 2449 conjecit
1047 2399 1201 2448 ἀσκηθῆ,

135 2458 273 2505 θνητῶν
307 2456 515 2510 νοερώτερον
554 2457 595 2505 ἠὲ
626 2457 763 2508 νόημα,
798 2458 841 2496 ἱη
869 2458 1045 2496 carmine
1072 2465 1199 2496 autem

136 2511 316 2549 exaravit
343 2514 499 2558 ἀσκηθῆ,
523 2511 711 2564 νοερωτόν,
740 2507 850 2549 ἀίδιον
875 2510 918 2558 ἠὲ
947 2509 1078 2560 νόημα.
1101 2511 1201 2551 Mihi

139 2570 286 2609 Timon
301 2570 457 2608 videtur
472 2571 675 2622 scripsisse
695 2585 704 2608 t
734 2572 887 2619 ἀσκηθῆ,
908 2570 985 2609 νόον
1003 2569 1122 2619 αὐτόν,
1145 2569 1199 2608 ἀί-

139 2630 211 2668 διον
232 2628 295 2677 ἠδὲ
312 2628 444 2677 νόημα.

192 2689 275 2728 Vss.
295 2689 431 2737 32-37.
455 2690 502 2732 ὡς
522 2687 582 2727 καὶ
605 2687 890 2739 ἐγὼν-ὁμοίαν]
913 2688 1052 2727 Sextus
1065 2688 1201 2740 Empi-

139 2749 244 2788 ricus
266 2749 293 2787 l.
311 2762 344 2789 c.
359 2762 368 2785 τ
391 2747 439 2787 ‘0
453 2747 521 2800 γὰρ
538 2746 618 2800 περὶ
630 2747 705 2793 ἑνὸς
727 2748 946 2799 δογματίζων
961 2747 983 2794 ἢ
1003 2747 1200 2801 προκρίνων

139 2807 335 2857 φαντασίαν
363 2806 557 2859 φαντασίας
591 2805 678 2851 ὅλως
707 2805 800 2845 κατὰ
834 2805 954 2845 πίστιν
982 2805 1004 2853 ἢ
1033 2806 1200 2846 ἀπιστίαν

140 2866 220 2919 περί
235 2882 325 2910 τινος
345 2868 414 2904 τῶν
432 2866 585 2914 ἀδήλων,
602 2869 664 2904 τοῦ
692 2866 908 2917 δογματικοῦ
929 2865 1063 2917 γίνεται
1085 2881 1201 2919 χαρα-

137 2928 277 2978 κτῆρος,
295 2928 341 2970 ὥς
358 2926 461 2974 δηλοῖ
475 2925 535 2964 καὶ
551 2927 570 2963 6
583 2925 710 2976 Τίμων
725 2926 783 2965 διὰ
800 2928 870 2964 τῶν
888 2925 968 2980 περὶ
980 2925 1202 2979 Ξενοφάνους

136 2986 234 3039 αὐτῷ
258 2985 475 3037 λεγομένων·
497 2985 532 3023 ἐν
549 2986 691 3029 πολλοῖς
711 2984 779 3039 γὰρ
809 2984 913 3024 αὐτὸν
935 2986 1125 3030 ἐπαινέσας
1143 2984 1201 3024 τὸν

137 3043 367 3098 Ξενοφάνην,
378 3045 426 3088 ὡς
437 3042 586 3088 καὶτοὺς
601 3043 749 3088 Σίλλους
767 3045 863 3096 αὐτῷ
878 3045 1068 3092 ἀναθεῖναι,
1083 3044 1203 3093 ἐποίη-

141 3118 199 3141 σεν
219 3103 324 3143 αὐτὸν
344 3103 553 3156 ὀδυρόμενον
575 3103 636 3142 καὶ
658 3103 825 3155 λέγοντα·
851 3106 897 3148 ὡς
916 3104 976 3143 καὶ
997 3103 1086 3157 ἐγὼν
1117 3105 1198 3145 κτλ.

139 3161 201 3202 Vs.
233 3163 280 3201 33
312 3163 640 3217 ἀμφοτερόὸλεπτος
675 3163 945 3215 accipiendum
979 3164 1027 3203 de
1055 3176 1102 3202 eo
1134 3166 1201 3216 qui

140 3231 344 3274 utramque
374 3232 525 3275 partem
542 3232 653 3262 caute
673 3223 955 3276 circumspicit.
993 3243 1048 3253 —-
1065 3223 1129 3263 Vs.
1151 3225 1198 3270 34

141 3283 260 3333 vulgo
280 3283 337 3321 sic
355 3282 501 3333 legitur
521 3297 530 3321 ε
553 3282 794 3336 πρεσὸυγενὴς
814 3282 865 3322 ἔτ’
885 3282 949 3322 ἐὼν
971 3282 1030 3321 καὶ
1049 3283 1202 3331 ἀπενθή-

124 3344 125 3347 ’
143 3357 258 3394 ριστος
276 3341 433 3391 ἁπάσης.
455 3342 599 3381 Parum
615 3342 840 3395 probabilis
854 3343 1084 3382 Schneideri
1103 3357 1197 3382 con-

136 3402 287 3450 jectura
312 3400 593 3456 ἀναμφήριστος;
623 3403 840 3454 requiritur
862 3404 967 3442 enim
989 3402 1111 3447 ἄδολος
1140 3402 1200 3442 καὶ

139 3460 285 3514 ἄμοιρος
304 3461 447 3509 ἁπάσης
467 3461 707 3510 σκεπτοσύνης
723 3462 830 3514 quod
852 3462 1016 3501 carmini
1037 3462 1198 3501 inserui.

195 3519 277 3560 Vss.
297 3522 424 3567 38-41.
447 3522 482 3559 ἐν
504 3520 540 3559 δὲ
560 3521 599 3561 τὸ
627 3521 1068 3575 θαρσαλέον-σοφιστῶν]
1097 3521 1198 3560 Plu-

1271 373 1562 415 integrumsipsam
1576 374 1719 407 mentem
1732 377 1954 416 aeternamque
1969 376 2204 417 cogitationem.

1545 472 1560 491 t
1788 472 1804 492 ί
2040 475 2059 493 «tc

1271 550 1404 582 Utinam
1426 550 1552 583 etmihi
1572 550 1714 591 prudens
1736 550 1923 592 contigisset
1940 551 2087 592 animus,

1269 609 1506 651 circumspecto
1521 609 1663 652 judici0;
1684 610 1741 643 sed
1762 609 1875 644 dolosa
1893 610 1945 643 via
1960 610 2118 653 deceptus
2136 620 2226 652 sum,

1267 678 1366 702 senex
1380 669 1488 702 adhuc
1500 670 1648 702 sincerus
1661 672 1693 702 et
1707 679 1823 712 expers
1839 670 1948 703 omnis
2204 671 2332 714 [terem‚

1267 732 1372 762 cautae
1389 729 1670 763 considerationis.
1685 731 1899 772 Quocumque
1921 730 2009 764 enim
2033 732 2178 764 mentem
2198 740 2332 765 conver-

1267 788 1299 821 in
1322 798 1424 821 unum
1455 789 1608 831 idemque
1634 790 1787 823 universa
1806 789 2064 834 resolvebantur,
2096 793 2129 825 et
2146 791 2333 826 universum

1267 848 1353 891 quod
1370 858 1496 890 semper
1509 849 1571 892 est]
1584 850 1796 883 circumcirca
1808 850 1840 883 in
1853 860 1951 883 unam
1965 851 2015 884 sui
2031 851 2169 885 similem
2182 854 2332 885 naturam

1836 901 2332 953 [reductumconstringebatur.

1538 963 1555 978 ⁹
1800 965 1818 978 v
2146 964 2164 981 ie

1265 1041 1356 1073 Inter
1368 1039 1448 1072 alios
1461 1043 1570 1072 autem
1581 1039 1688 1072 audax
1702 1041 1734 1072 et
1748 1040 1920 1073 furibunda
1930 1050 2136 1082 quocumque
2148 1049 2182 1073 se
2194 1043 2335 1075 verteret

1266 1100 1380 1132 canina
1405 1100 1588 1133 Anaxarchi
1610 1101 1660 1133 vis
1676 1101 1950 1142 conspiciebatur,
1966 1102 2022 1143 qui
2038 1104 2071 1135 et
2092 1111 2201 1135 rerum
2220 1104 2332 1144 cogni·

1268 1161 1355 1193 tione
1368 1159 1575 1202 instructus‚]
1593 1162 1628 1193 ut
1641 1160 1825 1203 perhibent,
1841 1162 1938 1194 miser
1957 1166 2045 1202 erat,
2066 1162 2142 1204 quia
2155 1164 2332 1196 retrorsum

1267 1220 1371 1261 ipsum
1392 1219 1507 1261 agebat
1525 1219 1668 1262 natura]
1690 1220 1911 1262 voluptatibus
1926 1220 2054 1262 dedita,
2080 1231 2178 1262 quam
2199 1223 2332 1264 plurimi

1495 1319 1514 1339 *
1789 1321 1809 1340 ᾗ
1843 1279 2098 1340 [sophistarum⁸
2108 1282 2330 1315 reformidant.

1266 1398 1370 1431 Etiam
1391 1399 1618 1438 Anaxagoram
1640 1397 1759 1431 alicubi
1776 1407 1847 1432 esse
1862 1399 1978 1433 dicunt
1996 1400 2113 1433 fortem
2131 1401 2283 1446 heroem,

1265 1460 1425 1498 Mentem,
1445 1457 1521 1499 quia
1540 1466 1632 1490 mens
1644 1458 1703 1500 ipsi
1719 1458 1791 1498 fnit,
1814 1467 1888 1500 quae
1905 1459 2013 1493 subito
2026 1461 2162 1494 collecta

1265 1517 1374 1550 omnia
1393 1516 1555 1559 compegit
1571 1517 1687 1559 simul,
1708 1518 1839 1551 turbata
1860 1519 1961 1561 prius.

1538 1612 1554 1631 *t
1771 1614 1786 1632 k
2041 1615 2058 1634 «t

1265 1690 1519 1731 Protagorasque
1532 1689 1701 1722 immixtus
1719 1689 1923 1732 (sodalibus)
1944 1691 2053 1724 verbis
2071 1695 2257 1725 concertare
2273 1692 2330 1726 do-

2232 1753 2328 1795 [ctus.

1558 1806 1576 1824 -tr
1789 1807 1804 1825 t
2020 1809 2034 1826 n

1262 1979 1419 2018 tarchus
1446 1979 1494 2017 de
1510 1979 1664 2017 Virtute
1696 1980 1836 2018 morali
1871 1994 1912 2032 p.
1949 1982 2042 2030 446,
2066 1982 2108 2021 C.
2142 1983 2236 2034 (vol.
2259 1984 2328 2023 Vll

1261 2053 1349 2091 pag.
1375 2039 1449 2087 753
1472 2039 1535 2077 ed..
1567 2038 1715 2091 Reisk.)
1737 2053 1746 2079 z
1774 2041 1839 2092 Τῷ
1859 2039 1928 2094 γὰρ
1949 2039 2022 2079 ὄντι
2040 2043 2248 2089 πλησίστιος
2266 2045 2329 2094 μὲν

1263 2099 1320 2137 ἐπὶ
1342 2097 1406 2143 τὰς
1425 2099 1552 2145 ἡδονὰς
1573 2100 1591 2136 6
1611 2098 1808 2143 ἀκόλαστος
1830 2099 1900 2137 ὑπὸ
1923 2102 1993 2139 τῶν
2014 2102 2208 2153 ἐπιθυμιῶν
2226 2104 2328 2156 φέρε-

1261 2173 1337 2207 ται,
1355 2157 1415 2197 καὶ
1439 2157 1580 2196 δίδωσιν
1600 2157 1722 2196 ἑαυτὸν
1740 2157 1800 2196 καὶ
1816 2157 2108 2209 συγκατευθύνει·
2123 2161 2272 2214 πλάγιος
2292 2163 2328 2202 δὲ

1262 2218 1280 2254 ὃ
1297 2216 1474 2269 ἀκρατής,
1498 2215 1619 2269 ὥσπερ
1641 2215 1865 2270 ἐξαναφέρειν
1884 2218 2093 2271 γλιχόμενος
2112 2218 2174 2258 καὶ
2194 2221 2327 2260 διωθεῖ·

1263 2278 1344 2313 σθαι
1378 2275 1418 2315 τὸ
1450 2275 1580 2324 πάθος,
1616 2275 1830 2328 ὑποσύρεται
1861 2277 1922 2315 καὶ
1947 2278 2151 2331 περιπίπτει
2180 2279 2261 2333 περὶ
2289 2281 2329 2319 τὸ

1264 2334 1424 2388 αἰσχρόν.
1447 2334 1513 2379 Ὡς
1547 2333 1762 2387 Ἀνάξαρχον
1785 2335 1963 2374 ἐσίλλαινε
1991 2336 2137 2387 Τίμων·
2172 2338 2207 2376 ἐν
2231 2339 2266 2378 δὲ
2289 2339 2328 2379 τὸ

1263 2394 1455 2448 θαρσαλέον
1477 2396 1557 2434 κτλ.
1583 2395 1740 2432 Partem
1764 2394 1884 2446 hujus
1913 2396 1990 2435 loci
2018 2410 2097 2435 non
2124 2399 2328 2438 nominato

1263 2466 1421 2495 auctore
1437 2457 1622 2507 allegavit
1639 2457 1741 2496 idem
1760 2457 1995 2497 Plutarchus
2015 2458 2060 2496 de
2081 2459 2234 2499 vitioso
2251 2461 2329 2500 Pu-

1262 2516 1360 2554 dore
1378 2530 1420 2568 p.
1444 2516 1535 2567 529‚
1558 2516 1593 2556 A
1613 2525 1650 2555 et
1670 2515 1851 2568 Sympos.
1879 2516 1952 2555 VII
1985 2531 2076 2569 pag.
2100 2518 2192 2570 705,
2210 2518 2253 2559 F.
2274 2543 2329 2550 —-

1261 2574 1324 2613 Vs.
1361 2575 1409 2614 38
1441 2589 1514 2627 pro
1544 2576 1688 2627 ὃροῦσαι
1718 2576 1895 2614 omnium
1928 2575 2124 2615 librorum
2161 2578 2329 2618 lectione

1263 2634 1480 2672 Meinekius
1512 2633 1651 2674 Exere.
1681 2635 1723 2672 in
1744 2634 1882 2674 Athen.
1905 2635 1933 2675 l.
1966 2649 2000 2674 c.
2030 2645 2134 2675 recte
2166 2639 2329 2691 scripsit

1262 2693 1428 2745 ὀρούσαι,
1446 2702 1595 2732 mutato
1620 2694 1737 2732 ctiam
1767 2693 1914 2746 ἐμμενὲς
1933 2696 1975 2733 in
1997 2694 2166 2747 ἐμμανές.
2187 2719 2240 2727 -
2259 2698 2324 2737 Vs.

1266 2753 1385 2802 39-40
1417 2767 1491 2805 pro
1526 2754 1684 2805 vulgato
1711 2752 1731 2792 ὅ
1757 2756 1800 2807 ῥα
1821 2753 1882 2792 καὶ
1909 2752 2025 2803 εἰδώς,
2052 2756 2100 2800 ὡς
2121 2758 2237 2809 φάσαν
2266 2771 2327 2796 re-

1264 2811 1406 2862 scripsi
1427 2809 1462 2855 ὁ’ς
1477 2814 1520 2865 ῥα
1541 2811 1601 2850 καὶ
1622 2810 1721 2856 εἰδώς
1734 2844 1743 2860 ,
1763 2811 1810 2857 ὥς
1834 2828 1955 2867 φασιν.

1315 2869 1400 2908 Vss.
1425 2876 1571 2915 42-44.
1597 2870 1736 2910 καίπου
1758 2871 2217 2928 Ἀναξαγόρην-πρόσθεν]
2231 2877 2326 2916 Dio-

1263 2942 1380 2979 genes
1407 2929 1588 2969 Laertius
1615 2930 1669 2978 11,
1695 2932 1718 2969 6
1749 2945 1758 2969 ε
1786 2931 1882 2984 Παρ’
1903 2931 1921 2971 ὃ
1946 2932 2006 2971 καὶ
2038 2938 2115 2977 νοῦς
2146 2934 2324 2985 ἐπεκλήθη

1263 2991 1294 3037 (6
1315 2988 1575 3042 Ἀναξαγόρας).
1601 2990 1676 3029 Καί
1702 3006 1788 3043 φησι
1807 2991 1888 3045 περὶ
1909 2992 2018 3030 αὐτοῦ
2041 2991 2168 3042 Τίμων
2194 2994 2230 3032 ἐν
2255 3002 2326 3041 τοῖς

1263 3048 1405 3093 Σίλλοις
1433 3048 1542 3088 οὕτω·
1577 3049 1639 3089 καί
1659 3066 1726 3090 που
1749 3050 1986 3104 Ἀναξαγόρην
2021 3052 2101 3092 κτλ.
2124 3052 2325 3094 Vocabulo

1262 3108 1386 3147 utitur
1411 3108 1460 3148 de
1494 3109 1615 3149 fabris
1645 3119 1683 3148 et
1715 3110 1938 3150 architectis
1973 3111 2052 3149 dici
2086 3112 2219 3159 solito,
2258 3115 2325 3153 sed

1262 3172 1374 3219 cnjus
1395 3182 1530 3208 sensus
1550 3170 1741 3209 latissime
1759 3178 1878 3222 patet,
1900 3171 2186 3225 συνεσφήκωσεν.
2205 3173 2325 3225 Hesy-

1262 3226 1373 3265 chius
1391 3241 1399 3265 ε
1419 3227 1619 3281 σφήκωμα,
1637 3227 1813 3280 πύκνωμα
1827 3229 1916 3269 καὶὸ
1931 3229 2070 3280 δεσμός.
2090 3230 2149 3271 Cf.
2167 3231 2320 3273 Ernest.

1261 3285 1308 3323 ad
1330 3285 1443 3325 Iliad.
1463 3286 1584 3339 XVII,
1608 3288 1672 3327 52.
1690 3288 1831 3327 Mentis
1845 3303 2061 3339 cognomen
2081 3290 2324 3340 Anaxagorae

1262 3345 1382 3384 fuisse
1409 3355 1600 3386 testantur
1626 3348 1740 3386 multi
1770 3348 1983 3400 scriptores
2019 3363 2187 3400 quorum
2214 3350 2322 3388 locos

1261 3404 1418 3455 collegit
1438 3405 1677 3445 Schaubach.
1690 3406 1845 3457 Fragm.
1868 3407 2042 3458 Anaxag.
2062 3421 2103 3459 p.
2125 3409 2188 3447 36.

1313 3463 1378 3505 Vs.
1414 3466 1478 3511 45.
1511 3465 1755 3520 Πρωταγόρης
1792 3466 1823 3505 τ’
1856 3467 2040 3517 ἐπίμικτος
2074 3469 2169 3519 κτλ]
2200 3469 2317 3518 Diog.

1261 3522 1388 3561 Laert.
1402 3523 1471 3572 lx,
1490 3524 1539 3563 52
1556 3539 1564 3563 τ
1581 3525 1654 3565 Καὶ
1668 3526 1707 3564 τὸ
1717 3529 1775 3564 νῦν
1786 3525 1990 3565 ἐπιπόλαιον
2000 3526 2095 3577 γένος
2111 3529 2179 3565 τῶν
2194 3528 2322 3580 ἐριστι-
