2612 3814
420 712 459 745 α’.
479 711 772 745 ΚΛΕΟΒΟΥΛΟΥ.
1166 704 1170 730 Ι

94 805 124 832 1.
148 786 308 839 Ἄμούσι’
331 787 365 826 ἓν
389 785 543 838 βροτοῖσι
564 781 604 821 τὸ
623 780 730 820 πλέον
754 780 858 833 μέρος

146 849 261 900 λόγων
283 862 319 885 τε
335 847 480 892 πλῆθος·
491 843 542 882 ἂν
564 842 626 881 δ’ὁ
646 841 765 894 καιρὸς
794 840 948 893 ἀρκέσῃ,

146 907 265 963 φρόνει
284 922 318 946 τι
338 904 479 945 κεδνόν·
500 903 550 956 μὴ
576 902 724 956 μάταιος
744 904 766 950 ἦ
790 899 896 955 χάρις

147 966 311 1020 γινέσθω.
1166 977 1169 1022 Ι

205 1039 424 1092 (Diogenes
446 1036 624 1077 Laertius
645 1034 714 1075 lib.
735 1034 769 1083 l,
793 1034 886 1085 91.)

94 1125 125 1153 ε,
147 1109 248 1165 Ἔφη
273 1111 309 1150 δὲ
335 1111 406 1149 δεῖν
427 1108 634 1154 συνοικίζειν
661 1106 725 1150 τὰς
755 1104 973 1159 θυγατέρας,
996 1104 1132 1157 παρθέ-

148 1187 226 1216 νους
254 1169 318 1222 μὲν
341 1169 406 1218 τὴν
438 1168 605 1217 ἡλικίαν,
640 1167 679 1206 τὸ
707 1166 742 1205 δὲ
772 1171 909 1220 φρονεῖν
941 1168 1131 1218 γυναῖκας·

150 1228 356 1274 ὑποδεικνὺς
386 1229 439 1267 ὅτι
460 1228 513 1267 δεῖ
542 1225 719 1266 παιδεύειν
746 1225 806 1264 καὶ
836 1225 898 1270 τὰς
925 1225 1129 1278 παρθένους.

207 1291 426 1343 (Diogenes
449 1286 627 1326 Laertius
652 1285 725 1324 lib.
757 1285 797 1334 1,
830 1300 906 1338 913
932 1285 984 1326 cf.
1022 1285 1130 1326 Stob.

258 1360 363 1399 Flor.
384 1357 507 1409 LXX,
528 1359 616 1408 16.)
1150 1362 1152 1364 “

93 1445 128 1473 8.
149 1428 281 1482 Ἔλεγε
300 1428 336 1469 δὲ
354 1429 412 1469 τὸν
430 1428 529 1482 φίλον
550 1428 620 1467 δεῖν
641 1427 858 1479 εὐεργετεῖν,
882 1425 978 1473 ὅπως
999 1421 1022 1480 ᾗ
1040 1429 1133 1477 μᾶλ-

148 1491 209 1529 λον
238 1488 353 1540 φίλος·
375 1488 434 1527 τὸν
456 1486 492 1526 δὲ
513 1486 636 1541 ἐχθρὸν
671 1487 771 1540 φίλον
792 1492 924 1525 ποιεῖν·
960 1486 1136 1540 φυλάσσε-

148 1553 231 1588 σθαι
250 1547 319 1601 γὰρ
339 1550 406 1587 τῶν
423 1546 486 1598 μὲν
504 1546 614 1601 φίλων
634 1546 693 1586 τὸν
711 1546 837 1601 ψόγον,
857 1548 924 1586 τῶν
943 1546 980 1586 δὲ
1000 1548 1134 1600 ἐχθρῶν

149 1607 213 1656 τὴν
234 1607 438 1655 ἕπιὸουλήν.

207 1681 428 1735 (Diogenes
448 1680 627 1719 Laertius
652 1680 723 1720 lib.
744 1680 787 1729 Ι,
810 1694 877 1732 91.
895 1680 906 1732 )

35 1759 40 1762 '
93 1765 127 1791 4.
153 1750 272 1791 ‘'Otow
305 1766 356 1794 τις
379 1749 451 1803 ἐξίῃ
471 1753 534 1798 τῆς
559 1749 691 1799 οἰκίας,
712 1750 861 1798 ζητείτω
885 1750 1078 1804 πρότερον,
1102 1751 1136 1790 τί

154 1811 276 1862 μέλλει
306 1809 501 1864 πράσσειν·
535 1809 596 1849 καὶ
618 1810 702 1850 ὅταν
740 1811 902 1864 εἰσέλθῃ,
936 1811 1066 1860 πάλιν,
1102 1810 1138 1850 τί

151 1868 294 1923 ἔπραξε.

210 1940 429 1992 (Diogenes
450 1939 629 1979 Laertius
645 1938 718 1979 lib.
739 1939 774 1987 Ι,
797 1938 883 1992 92.)

30 2008 37 2018 ⁶
98 2027 130 2053 Β.
153 2013 230 2057 Τὰς
249 2014 312 2060 τῆς
328 2011 439 2064 τύχης
458 2009 659 2063 μεταὸολὰς
680 2010 847 2062 γενναίως
866 2014 978 2064 πειρῶ
998 2011 1113 2066 φέρειν
1126 2043 1136 2062 ,

21 2068 23 2077 ⁴
153 2070 214 2110 καὶ
240 2070 331 2122 μήτε
353 2071 511 2123 εὐτυχῶν
534 2070 754 2124 ὑπερήφανος
779 2068 859 2120 ἔσο,
885 2070 976 2121 μήτε
993 2073 1136 2126 ἀπορῶν

155 2129 335 2175 ταπεινός·
358 2129 449 2170 ἀλλὰ
484 2129 580 2183 γίνου
619 2129 758 2183 μέτριος
790 2130 843 2183 ἐφ’
876 2130 1046 2184 ἑκατέρας
1077 2135 1138 2179 τῆς

155 2195 279 2244 τύχης.

211 2260 401 2313 (Stobaeus
415 2260 598 2311 Florileg.
620 2259 761 2311 CVIII,
780 2260 828 2308 75
851 2260 985 2301 addito
1005 2262 1139 2302 Theo-

265 2320 351 2359 buli
372 2320 533 2365 nomine
547 2328 590 2358 ut
608 2319 782 2368 XLVIII,
804 2321 868 2358 23.
886 2321 899 2372 )

102 2394 132 2422 ο.
155 2383 240 2425 Τοῖς
260 2380 377 2434 σοφοῖς
395 2379 435 2419 τὸ
453 2379 593 2433 μέτριον
614 2382 632 2419 ὃ
651 2379 757 2432 νόμος
775 2379 920 2422 δέδωκε.

470 2529 498 2557 1.
522 2526 746 2559 CLEOBULI.

125 2605 153 2636 1.
175 2602 340 2644 imperitia
361 2602 393 2634 in
420 2602 611 2635 homiuibus
636 2602 750 2643 majori
770 2611 810 2636 ex
840 2607 931 2645 parte
957 2604 1144 2638 dominatur

80 2721 199 2763 aliquid
216 2720 342 2754 honesti
366 2720 518 2754 animum
546 2721 724 2763 intendito;
745 2731 786 2755 ne
811 2722 901 2755 irrita
930 2724 963 2756 et
979 2723 1081 2758 inanis
1103 2726 1147 2758 sit

80 2781 193 2822 gratia.

124 2845 155 2874 2.
172 2840 349 2874 Cleobulus
367 2840 414 2874 ait
435 2840 518 2873 tilias
535 2840 612 2873 viris
632 2842 773 2883 nuptum
790 2841 944 2875 locandas
960 2852 1030 2877 esse
1049 2845 1147 2877 aetate

81 2899 213 2942 quidem
232 2899 389 2942 virgines,
403 2900 613 2942 intelligentia
629 2908 707 2934 vero
725 2900 898 2943 mulieres,
913 2901 1032 2936 docens
1048 2903 1146 2945 virgi-

82 2967 139 2992 nes
156 2968 287 3001 quoque
307 2959 433 2993 institui
454 2961 617 3002 oportere.
1023 2966 1025 2968 ’

125 3020 157 3051 3.
180 3017 316 3052 Dicebat
330 3028 427 3061 porro
441 3018 605 3053 beneficiis
619 3019 829 3053 afficiendum
851 3029 920 3055 esse
933 3022 1075 3055 amicum
1087 3047 1096 3063 ,
1110 3024 1148 3056 ut

55 3114 58 3115 ⁷
83 3076 216 3110 amicior
239 3078 342 3119 soret,
370 3080 404 3112 et
428 3087 469 3112 ex
490 3079 623 3113 inimico
653 3079 838 3113 faciendum
870 3081 1012 3114 amicum
1043 3090 1051 3110 τ
1076 3091 1148 3116 esse

49 3176 57 3182 ⁷
78 3130 169 3169 'enim
189 3139 221 3170 et
237 3136 280 3170 ab
298 3138 477 3171 amicorum
501 3138 738 3181 vituperatione
756 3142 789 3173 et
812 3139 853 3173 ab
879 3139 1086 3174 inimicorum
1101 3141 1149 3174 in-

50 3239 53 3242 *
82 3194 173 3229 sidiis
187 3196 381 3231 cavendum.

31 3297 34 3300 Δ
127 3256 160 3288 4.
181 3255 363 3297 Antequam
374 3255 471 3290 domo
482 3257 556 3298 quis
569 3258 686 3299 exeat,
701 3258 780 3301 quid
794 3259 928 3292 acturus
944 3259 987 3292 sit
1005 3259 1123 3301 cogitet
1138 3269 1147 3291 ι

53 3337 55 3339 .
86 3322 200 3346 rursus
221 3322 325 3356 quum
349 3315 455 3349 redux
473 3316 618 3359 intrarit,
639 3317 718 3360 quid
738 3317 851 3360 egerit.

40 3415 43 3419 r
130 3376 160 3406 5.
185 3374 340 3407 Fortunae
361 3375 559 3409 mutationes
590 3376 717 3411 fortiter
735 3378 896 3411 sustinere
915 3378 1024 3418 tenta,
1041 3378 1086 3411 ita
1114 3378 1150 3411 ut

34 3421 41 3432 ”
86 3439 194 3475 neque
210 3433 369 3476 prosperis
387 3434 484 3469 rebus
504 3435 672 3477 superbias
686 3460 695 3477 ,
712 3445 819 3479 neque
841 3437 986 3471 adversis
1007 3436 1048 3470 ad
1069 3445 1146 3479 pau-

39 3487 51 3547 ‚¹
87 3490 247 3532 pertatem
277 3491 427 3526 redactus
455 3493 600 3529 animum
620 3495 840 3539 despondeas,
867 3497 922 3531 sed
949 3497 982 3530 in
1011 3497 1150 3539 utraque

90 3547 221 3583 fortuna
241 3551 428 3586 moderatus
443 3552 499 3587 sis.

164 283 475 371 AAAA
538 279 769 363 ΤΩΝ
836 272 1208 359 ΑΥΤΩΝ
1279 208 2142 353 ΑΠΟΦΘΕΓΜΑΤΑ

307 451 408 503 ΕΚ
452 443 828 501 ΔΙΑΦΟΡΩΝ
876 437 1358 495 ΣΥΓΓΡΛΦΕΩΝ
1406 433 1999 488 ΣΥΝΕΙΛΕΓΜΕΝΑ.

1221 715 1252 741 7.
1276 703 1397 752 ψεῦγε
1421 698 1484 750 μὲν
1504 698 1563 737 τὸν
1591 697 1715 752 φθόνον
1734 698 1804 735 τῶν
1830 698 1994 744 πολλῶν,
2017 696 2198 750 φυλάσσου
2221 698 2257 738 δὲ

1272 760 1333 805 τὰς
1356 758 1546 803 ἐπιδουλὰς
1566 760 1635 797 τῶν
1659 757 1871 810 μισούντων.

1328 831 1341 882 (
1359 829 1469 868 Stob.
1494 829 1597 869 Flor.
1615 828 1801 878 XLVIII,
1823 830 1888 870 23.
1906 826 1917 883 )

1219 905 1250 932 8.
1277 894 1381 931 Δοκεῖ
1411 890 1554 942 μάλιστ’
1579 889 1620 929 ἂν
1652 889 1784 935 ἔνδοξος
1808 889 1969 941 γενέσθαι
2002 890 2064 930 καὶ
2093 892 2260 944 βασιλεὺς

1274 950 1336 991 καὶ
1355 950 1540 1005 τύραννος,
1560 951 1589 989 εἷ
1606 949 1729 1002 μηδενὶ
1749 948 1908 989 πιστεύοι
1924 953 1994 990 τῶν
2016 951 2203 993 συνόντων.

1332 1022 1590 1074 (Plutarchus
1619 1022 1690 1060 Vll
1729 1023 1895 1074 sapient.
1918 1023 2089 1064 Conviv.
2121 1024 2207 1078 cap.
2239 1041 2258 1075 7

1383 1095 1474 1134 pas·
1497 1083 1590 1134 17·)

1225 1168 1255 1194 9.
1278 1152 1425 1206 εὨσπερ
1446 1154 1509 1192 οὐκ
1542 1152 1583 1192 ἂν
1604 1152 1750 1192 ἐδούλου
1784 1154 1819 1191 ἐν
1839 1153 1896 1202 νηὶ
1918 1160 2041 1208 μακρᾷ
2060 1155 2121 1194 καὶ
2152 1158 2262 1196 πολυ-

1274 1213 1399 1267 χρύσῳ
1422 1212 1539 1252 πλέων
1565 1213 1821 1265 βαπτίζεσθαι,
1849 1213 1942 1252 οὕτω
1977 1214 2068 1266 μηδὲ
2100 1217 2134 1254 ἓν
2166 1217 2262 1272 οἰκία

1277 1275 1377 1325 αἱροῦ
1407 1272 1637 1325 ὑπερμεγέθει
1671 1272 1732 1311 καὶ
1755 1274 1941 1312 πολυτελεῖ
1966 1274 2165 1327 καθήμενος
2191 1292 2265 1330 χει-

1277 1331 1461 1382 μάζεσθαι.

1331 1397 1513 1448 (Anthol.
1529 1397 1665 1435 Patav.
1683 1395 1694 1449 )

1199 1478 1245 1506 10.
1281 1459 1343 1510 Εἷς
1363 1468 1380 1505 ὁ
1401 1466 1537 1519 πατήρ,
1550 1467 1729 1511 παῖδεςδὲ
1746 1466 1927 1505 δυώδεκα·
1945 1468 2068 1507 τῶνδέ
2081 1470 2110 1508 θ’
2125 1470 2265 1526 ἑκάστῳ

1281 1529 1407 1581 κοῦραι
1426 1525 1619 1574 ἑξήκοντα,
1643 1525 1806 1579 διάνδιχα
1829 1519 1955 1571 εἰδος”
1938 1542 2098 1580 εχουσαι.

1282 1588 1330 1626 Αἱ
1352 1585 1415 1636 μὲν
1440 1587 1478 1624 λ
1466 1602 1566 1625 ευκαι
1585 1585 1684 1624 ἔασιν
1706 1587 1811 1634 ιδεῖν,
1837 1589 1873 1625 αἱ
1895 1588 1924 1625 δ’
1950 1590 2035 1627 αὖτε
2056 1588 2238 1639 μέλαιναι·

1280 1644 1492 1684 ἀθάναται
1474 1644 1511 1684 οέ
1532 1645 1563 1683 τ’
1583 1647 1702 1685 εὀυσαι
1721 1647 2013 1699 ἀποφθινύθουσιν
2035 1647 2184 1689 ἅπασαι.

1336 1715 1533 1768 (Stobaeus
1549 1715 1683 1766 Eclog.
1704 1715 1776 1754 lib.
1802 1716 1818 1753 Ι
1841 1729 1926 1768 cap.
1951 1711 1990 1765 8⁶,
2021 1719 2068 1767 37
2098 1733 2186 1771 pag.
2216 1722 2264 1770 87

1389 1774 1450 1813 ed.
1474 1774 1600 1814 Gaisf.
1625 1774 1738 1812 Conf.
1762 1775 1923 1816 Anthol.
1944 1777 2029 1818 Pal.
2058 1778 2159 1817 XIV.
2189 1795 2256 1819 101

1388 1843 1426 1872 et
1449 1834 1566 1885 Diog.
1589 1834 1719 1875 Laert.
1744 1835 1815 1873 lib.
1839 1835 1872 1886 l,
1904 1839 1994 1890 91.)

1594 1910 1636 1952 β’.
1661 1912 1873 1945 ΣοΛΩΝοΣ.

1227 1981 1256 2007 1.
1279 1968 1392 2012 Τέλος
1412 1971 1496 2022 ὁρᾷν
1520 1972 1660 2024 μακροῦ
1681 1970 1774 2022 βίου.

1335 2041 1549 2094 (Herodot.
1571 2042 1647 2084 lib.
1669 2043 1686 2082 I
1710 2058 1796 2095 cap.
1821 2046 1884 2085 32.
1903 2044 1915 2096 )

1226 2125 1258 2152 2.
1280 2106 1394 2165 Οῧρος
1416 2115 1477 2152 τοῦ
1501 2113 1720 2166 ἀνθρωπίνου
1743 2114 1821 2168 βίου
1843 2115 1924 2155 ἔτεα
1946 2116 2205 2169 ἑὲδομήκοντα.

1337 2178 1462 2231 (Idem
1485 2179 1510 2218 l.
1537 2180 1594 2231 c.)

1227 2261 1257 2289 3.
1280 2251 1360 2289 Πᾶν
1381 2251 1455 2288 ἐστι
1477 2249 1658 2303 ἄνθρωπος
1679 2251 1856 2305 συμφορή.

1339 2319 1468 2370 (Idem
1491 2321 1518 2359 l.
1543 2322 1604 2373 c.)

1230 2400 1262 2427 4.
1283 2390 1336 2428 Οὔ
1357 2388 1427 2443 γάρ
1443 2406 1497 2429 τοι
1517 2393 1535 2430 ὁ
1560 2391 1653 2443 μέγα
1676 2390 1842 2436 πλούσιος
1865 2395 1999 2444 μάλλον
2019 2398 2084 2433 τοῦ
2104 2394 2160 2433 ἐπ’
2178 2396 2269 2446 ἡμέ-

96 2470 1295 2489 ————————-—————————-

1247 2541 1276 2566 s..
1301 2538 1307 2566 Ι
1324 2545 1397 2576 eges
1417 2537 1619 2579 sapientibus
1635 2539 1769 2572 modum
1786 2540 1972 2582 imponunt.

1247 2598 1279 2630 7.
1295 2597 1431 2632 Deciina
1453 2599 1611 2633 invidiam
1626 2600 1714 2643 vulgi
1732 2603 1765 2634 et
1784 2601 1916 2635 insidias
1932 2602 2008 2635 odio
2025 2603 2057 2636 te
2075 2612 2271 2646 persequen-

80 2661 319 2703 verborumque
337 2661 526 2695 multitudo.
545 2662 671 2700 Quodsi
691 2662 799 2695 oblata
821 2662 918 2697 suerit
936 2664 1086 2707 occasio,
1104 2666 1143 2699 ad
1207 2656 1287 2689 [ium
1305 2666 1396 2691 Cave·

1249 2718 1280 2749 8.
1299 2717 1439 2751 Videtur
1471 2718 1514 2752 ita
1536 2719 1679 2753 maxime
1707 2720 1842 2762 gloriam
1872 2725 2108 2756 consecuturus
2128 2723 2196 2757 sive
2217 2733 2272 2757 rex

1205 2776 1275 2810 sive
1292 2777 1450 2819 tyrannus
1461 2802 1471 2818 ,
1485 2778 1513 2811 si
1528 2778 1735 2812 familiarium
1752 2781 1875 2814 nemin-i
1898 2781 1987 2814 fidat.

1248 2841 1278 2871 9.
1301 2839 1588 2877 Quemadmodum
1607 2839 1639 2872 in
1652 2840 1725 2872 navi
1740 2850 1855 2883 magna
1868 2842 1901 2875 et
1916 2842 2028 2875 aurata
2045 2842 2157 2876 vectus
2173 2843 2272 2884 mergi

1206 2898 1308 2931 nolles
1320 2923 1329 2939 ,
1349 2898 1394 2931 sic
1411 2899 1526 2932 caveto
1544 2908 1586 2932 ne
1602 2900 1635 2932 iu
1652 2899 1750 2934 domo
1768 2901 1878 2944 ampla
1898 2910 1936 2934 ac
1962 2902 2130 2944 splendida
2157 2902 2272 2936 sedens

1208 2958 1346 2991 fortunae
1361 2958 1516 2993 fluctibus
1534 2960 1677 3001 jacteris.

1252 3022 1301 3051 ιο.
1321 3021 1413 3052 Unus
1427 3020 1475 3053 est
1497 3021 1602 3062 pater,
1623 3020 1796 3054 duodecim
1814 3022 1924 3054 autem
1949 3021 2003 3054 tilii
2017 3046 2026 3063 ,
2050 3030 2188 3063 quorum
2205 3022 2273 3054 sin·

1207 3077 1288 3119 gulis
1320 3079 1487 3120 sexaginta
1522 3079 1597 3113 tiliae
1618 3081 1715 3122 sunt,
1752 3081 1916 3123 duplicem
1947 3081 2085 3114 sormam
2105 3081 2274 3115 habentes.

1208 3138 1334 3181 Quippe
1352 3139 1424 3172 aliae
1442 3139 1517 3173 albo
1536 3139 1643 3173 colore
1670 3141 1748 3173 sunt
1761 3165 1771 3182 ,
1791 3141 1864 3174 alioe
1885 3141 1980 3183 nigro
2000 3151 2009 3174 :
2029 3141 2177 3184 quamvis
2195 3150 2274 3175 vero

1208 3196 1407 3231 immortales
1429 3198 1510 3240 sint,
1525 3207 1638 3232 omnes
1651 3200 1761 3232 tamen
1781 3201 1977 3233 moriuntur.

1620 3292 1649 3322 2.
1675 3290 1863 3323 SOLONIS.

1255 3378 1282 3410 1.
1305 3377 1451 3410 Exitium
1470 3378 1548 3411 vitae
1564 3377 1732 3412 diuturnae
1750 3380 1873 3421 specta.

1252 3441 1284 3470 2.
1305 3437 1479 3470 Terminus
1499 3437 1653 3470 humanae
1672 3438 1752 3470 vitae
1769 3437 1844 3470 anni
1865 3437 2082 3478 septuaginta.

1253 3499 1284 3530 3.
1303 3497 1391 3530 Mera
1404 3496 1572 3530 calamitas
1587 3497 1686 3530 homo
1699 3498 1758 3530 est.

1253 3558 1284 3590 4.
1300 3558 1412 3599 Neque
1426 3556 1515 3591 enim
1540 3556 1668 3591 beatior
1685 3559 1734 3591 est
1762 3556 1887 3598 magnis
1904 3555 2019 3598 opibus
2044 3554 2199 3597 praeditus
2216 3564 2271 3596 ρο,

1146 3631 1221 3666 219

2602 2087 2609 2152 .‡22—
2602 2055 2608 2074 as
2601 1782 2608 2050 »ἓὲι-πτπω-ἐ-επ

2602 2203 2606 2221 -
2602 2148 2609 2198 ———.-n.

2602 2339 2610 2521 >ss—z2ffltf—r—„L
2607 2313 2609 2325 A

2604 3488 2612 3498 ἱ
2603 3363 2612 3482 *raa-&2⁵5
2604 3331 2612 3355 Ἧι
