2612 3814
982 247 1222 288 SYMBOLA
1253 246 1641 287 PYTHAGORICA.
2319 255 2361 289 51
2375 255 2389 288 1

269 332 317 366 Ad
333 331 479 374 symbola
499 331 710 374 Pythagorica
723 330 922 364 referendam
935 332 1032 363 etiam
1050 339 1120 364 esse
1139 330 1280 364 litteram
1343 330 1432 363 omni
1450 329 1606 372 dignitate
1622 338 1660 362 ac
1673 338 1706 363 re
1725 330 1890 370 familiari,
1904 331 1936 363 in
1950 330 2102 364 omnibus
2118 330 2254 364 miseriis
2266 330 2396 372 ignomi-

226 393 255 425 Y
275 392 357 425 inter
372 400 486 425 omnes
503 393 652 425 constare
669 391 877 424 arbitramur.
899 393 945 423 De
959 399 1023 432 qua
1037 391 1082 423 ita
1095 389 1283 423 ‘Lactantius
1344 389 1461 430 niaque
1479 388 1655 421 victurum.
1673 401 1690 417 ¹»

224 450 324 484 divin.
343 450 451 484 instit.
466 450 524 483 lib.
537 451 586 482 vl
600 458 671 492 cap.
685 453 729 483 3:
745 449 1113 491 Dicuutwyekaqorei)
1131 449 1282 481 humanae
1387 447 1547 481 Addimus
1567 447 1678 480 incerti
1708 447 1849 480 auctoris
1873 456 2003 480 carmen
2025 448 2065 481 de
2079 448 2191 481 eodem
2210 451 2399 490 argumento

226 510 302 543 vilae
318 518 451 542 cursum
472 510 504 543 Y
524 509 641 542 litterae
668 517 740 542 esse
765 508 926 550 similem,
948 508 1034 551 quod
1062 507 1284 550 unusquisque
1344 506 1512 548 scriptum.

227 569 418 608 hominum,
448 577 552 610 quum
578 567 690 609 primae
706 568 930 601 adolescentiae
951 568 1049 600 limen
1070 567 1231 607 attigerit,
1251 567 1283 599 et
1409 565 1528 598 Littera
1544 565 1753 606 Pythagorae,
1770 565 1955 597 discrimine
1971 569 2057 598 secta
2078 566 2198 598 lncorni
2211 591 2221 606 ,

226 628 258 661 in
270 636 345 661 eum
360 628 468 661 locum
482 628 624 668 venerit,
638 629 762 671 partes
778 628 840 661 ubi
853 629 958 660 sevia
969 625 1079 667 findit
1095 628 1131 659 in
1146 625 1281 664 ambas,
1410 626 1567 657 Humanae
1583 625 1659 658 vitae
1675 625 1814 666 speciem
1831 625 1980 666 praeferre
2001 625 2143 658 videtur.

226 686 347 719 liaereat
361 685 572 719 nutabundus
597 694 636 718 ac
651 686 793 726 nesciat,
810 686 844 719 in
867 694 964 727 quam
983 694 1018 718 se
1035 686 1158 727 partem
1177 684 1284 725 potius
1407 685 1490 717 Nam
1507 683 1560 716 via
1573 683 1703 716 virtutis
1721 684 1873 717 dextrum
1896 683 1976 725 petit
1993 684 2094 716 ardua
2112 684 2246 724 collem,

222 745 368 778 inclinet.
397 745 430 779 Si
447 744 564 779 ducem
588 748 703 778 nactus
722 745 839 785 suerit,
856 745 912 786 qui
937 744 1054 784 dirigat
1076 744 1116 776 ad
1149 743 1283 775 meliora
1411 742 1644 784 Difficilemque
1658 742 1781 775 aditum
1802 743 1944 784 primum
1961 742 2182 784 spectantibus
2195 743 2308 783 offert,

227 803 420 837 titubantem
430 829 440 846 ,
458 804 521 838 hoc
537 805 603 846 est,
616 804 643 837 si
660 806 717 838 aut
733 804 966 846 philosophiam
983 803 1132 836 didicerit
1144 804 1202 835 aut
1215 803 1283 836 elo·
1311 843 1317 858 ·
1408 801 1470 835 Sed
1487 801 1630 843 requiem
1649 802 1773 843 praebet
1790 802 1880 835 fessis
1895 802 1928 834 in
1943 802 2061 835 vertice
2071 811 2210 835 summo.

225 864 392 904 quent-iam
413 866 470 897 aut
489 864 610 905 aliquid
628 864 774 897 honestae
788 863 884 904 artis,
902 871 968 904 quo
983 861 1098 895 evadat
1112 861 1152 894 ad
1166 861 1283 894 bonam
1311 860 1318 911 ξ
1410 859 1508 893 Molle
1523 860 1667 893 ostendit
1681 860 1742 894 iter
1758 861 1811 893 via
1830 860 1913 902 lata,
1929 860 1985 894 sed
2003 861 2117 894 ultima
2134 862 2220 893 meta

225 922 348 964 frugem
362 923 471 964 (quod
491 923 558 956 fieri
577 923 646 956 sine
662 923 771 956 labore
785 923 927 955 maximo
941 931 1005 954 nou
1024 922 1128 962 potest
1143 921 1168 961 )‚
1184 921 1284 953 lione·
1410 919 1596 961 Praecipitat
1615 921 1728 962 captos
1745 920 1910 962 volvitque
1930 930 1986 962 per
2000 921 2101 954 ardua
2115 929 2207 953 saxa.

228 984 312 1015 stam
329 991 367 1015 ac
389 983 554 1024 copiosam
580 982 682 1016 vitam
706 981 874 1023 disputant
901 982 1126 1023 peracturum;
1153 979 1180 1012 si
1208 988 1286 1012 vero
1413 978 1567 1021 Quisquis
1586 979 1673 1012 euim
1693 979 1792 1012 duros
1808 989 1903 1013 casus
1916 980 2046 1013 virtutis
2062 990 2173 1013 amore

229 1040 393 1075 doctorem
413 1041 603 1083 frugalitatis
622 1050 687 1074 non
700 1041 876 1081 invenerit,
888 1041 923 1073 in
937 1040 1098 1072 sinistram
1110 1039 1197 1070 viam
1212 1047 1286 1079 quae
1411 1039 1544 1080 Vicerit‚
1559 1039 1614 1072 ille
1632 1039 1693 1072 sibi
1706 1040 1902 1081 laudemque
1918 1041 2083 1082 decusque
2096 1040 2234 1082 parabit.

227 1101 368 1134 melioris
399 1102 539 1144 speciem
582 1101 769 1142 mentiatur,
797 1099 956 1140 incidere,
990 1099 1021 1131 id
1051 1100 1102 1131 est
1133 1097 1285 1138 desidiae,
1412 1099 1453 1130 At
1469 1097 1524 1139 qui
1540 1097 1696 1131 desidiam
1713 1099 1896 1141 luxumque
1908 1101 2062 1140 sequetur
2077 1099 2230 1139 inertem,

226 1160 368 1201 inei-tim,
389 1161 527 1194 luxuriae
541 1170 576 1194 se
597 1160 724 1194 tradere
747 1160 841 1202 (quae
855 1159 966 1192 suavia
982 1157 1115 1200 quidem
1135 1157 1287 1190 videntur
1314 1152 1321 1243 Ι
1413 1159 1499 1189 Dum
1518 1157 1597 1199 sugit
1619 1159 1780 1200 oppositos
1792 1159 1922 1192 incauta
1938 1162 2045 1192 mente
2058 1158 2200 1199 labores,

227 1219 268 1252 ad
294 1223 425 1262 tempus
455 1230 530 1254 vera
561 1221 645 1253 bona
675 1219 872 1261 ignoranti)3
900 1221 973 1257 post
1003 1221 1133 1256 autem,
1171 1216 1288 1248 amissa
1415 1217 1534 1257 Turpis
1553 1217 1710 1260 inopsque
1726 1218 1824 1251 simul
1841 1218 2021 1252 miserabile
2038 1219 2189 1259 transiget
2202 1226 2320 1250 aevum.

1131 1837 1511 1864 *ἠῢ-..-
