2612 3814
254 239 334 273 528

307 327 397 367 240.
430 322 551 361 Multa
583 322 684 361 velle
717 322 818 361 scire
854 322 1062 362 curiositas
1093 323 1215 362 animi
1246 336 1318 374 pu-

250 381 368 420 tanda
398 391 486 421 est..
512 381 584 432 (Cf.
609 382 820 421 Democrit.
850 382 897 422 fr.
931 383 1069 422 moral.
1107 387 1311 427 140-141

248 450 287 480 et
307 441 493 482 Heraclit.
518 455 581 494 ap.
602 442 718 492 Diog.
741 440 869 481 Laert.
893 441 962 480 lib.
985 441 1053 490 IX,
1082 442 1130 492 ι.)

304 507 398 547 241.
431 501 508 548 Qui
535 501 737 552 cognoscit
759 515 846 553 quae
866 501 950 540 Deo
972 502 1092 551 digna
1112 510 1219 545 sunt,
1248 500 1317 538 ille

248 561 406 614 sapiens
426 570 497 601 est.

305 627 398 667 242.
432 622 684 671 Docti-inam,
718 634 765 659 ex
801 634 879 672 qua
909 621 1104 672 proficere
1136 628 1246 672 potes
1272 619 1313 657 in

246 694 379 719 amore
398 681 495 729 Dei,
512 681 618 719 illam
638 680 858 718 necessario
878 688 1030 730 expete.

302 741 395 785 243.
428 738 594 792 Sapiens
626 739 690 777 vir
726 739 871 790 parcit,
904 751 953 776 ne
982 737 1122 790 perdat
1142 747 1310 790 tempus.

249 799 321 851 (Cf.
344 813 463 852 supra
482 799 661 838 Chilonis
678 798 822 836 dictum
843 795 971 849 χρόνου
994 795 1139 851 φείδου.)

301 865 394 905 244.
430 859 627 897 Fiduciam
647 871 733 896 cum
752 857 990 896 verecundia
1011 856 1165 895 habeto.

301 918 393 963 245.
426 917 660 956 Excrucient
681 925 716 955 te
736 915 855 955 liberi
877 916 977 954 male
994 916 1168 954 viventes
1188 915 1313 966 magis

244 991 361 1029 quam
385 978 611 1016 morientes.

300 1039 391 1082 246.
424 1036 514 1075 Filii
536 1036 715 1075 infideles
735 1048 804 1074 nec
822 1036 910 1076 filii.

299 1101 391 1143 247.
424 1094 570 1135 Fidelis
601 1098 666 1135 vir
695 1109 776 1134 non
807 1108 909 1146 aegre
944 1095 1016 1134 fert
1049 1094 1309 1147 abjectionem

242 1153 473 1193 liberorum.
498 1154 627 1207 (Conf.
647 1155 769 1194 Marc.
790 1155 981 1194 Antonin.
1007 1154 1039 1204 Ι,
1063 1155 1117 1204 8.)

298 1215 386 1259 248.
419 1213 561 1254 Vivere
594 1215 752 1266 quidem
777 1228 858 1254 non
886 1224 944 1254 est
974 1216 1016 1254 in
1044 1214 1183 1264 nobis,
1207 1226 1311 1255 recte

242 1283 370 1313 autem
389 1275 524 1313 vivere
541 1276 583 1313 in
605 1274 723 1313 nobis
743 1283 812 1313 est.

296 1340 390 1387 249.
422 1333 509 1373 Non
527 1335 682 1387 judices
716 1348 800 1374 esse
833 1335 1037 1388 sapientiae
1064 1336 1307 1390 studiosum,

241 1394 305 1433 cui
325 1407 405 1432 non
424 1395 472 1432 de
493 1394 677 1433 omnibus
698 1395 840 1435 credis.

296 1453 390 1492 250.
421 1452 543 1493 Stude
565 1455 825 1494 communiter
844 1454 1030 1494 omnibus
1058 1455 1304 1503 benefacere.

295 1513 387 1553 251.
420 1513 724 1552 Criminationes
742 1513 931 1553 adversus
943 1515 1144 1566 sapientiae
1160 1515 1308 1554 studio-

241 1585 327 1611 sum
349 1573 433 1612 noli
454 1574 673 1613 admittere.

295 1632 387 1672 252.
417 1632 671 1671 Exsecrabile
694 1631 767 1671 tibi
802 1633 854 1671 sit
881 1633 997 1672 etiam
1022 1633 1129 1686 juste
1155 1634 1306 1686 aliquid

236 1704 393 1742 pumre.

292 1751 385 1790 253.
418 1751 461 1791 Si
491 1752 554 1790 vis
587 1765 676 1790 cum
709 1750 846 1790 laetitia
877 1751 1001 1790 animi
1037 1753 1192 1800 vivere,
1223 1753 1308 1791 noli

239 1812 362 1850 multa
393 1825 520 1863 agere.
543 1811 589 1850 ln
617 1810 752 1850 multis
783 1811 889 1850 enim
923 1812 1146 1852 actionibus
1177 1814 1311 1853 minor

236 1871 331 1911 eris.
356 1871 484 1926 (Conf.
508 1871 725 1911 Democrit.
752 1870 890 1922 fragm.
914 1873 1055 1911 moral.
1078 1875 1158 1924 92.)

294 1932 387 1976 254.
418 1931 533 1978 Quod
561 1945 641 1970 non
668 1931 859 1983 posuisti,
881 1945 931 1970 ne
962 1932 1097 1980 tollas,
1132 1933 1199 1972 sed
1222 1934 1309 1973 suf-

238 1990 372 2033 ficiant
407 1990 482 2029 tibi
520 2005 607 2042 quae
643 1999 709 2030 tua
743 1999 849 2031 sunt.
887 1991 1013 2044 (Conf.
1042 1992 1179 2033 Solon.
1205 2007 1309 2047 apo-

237 2049 437 2100 phthegm.
458 2051 539 2101 48.)

292 2109 385 2148 255.
422 2109 662 2162 Relinquens
688 2123 777 2162 quae
807 2111 987 2164 possides
1019 2124 1184 2163 sequere
1215 2126 1305 2152 ver-

236 2168 329 2207 bum
351 2170 444 2216 Dei,
470 2170 574 2209 liber
594 2171 699 2210 enim
720 2170 801 2210 eris
821 2170 871 2210 ab
887 2169 1091 2218 omnibus,
1115 2186 1200 2211 cum
1227 2173 1309 2211 Deo

239 2228 442 2267 servieris.

284 2287 386 2327 256.
417 2287 535 2327 (38552
555 2302 578 2327 a
596 2288 702 2327 cibo.

292 2346 384 2395 257.
418 2347 498 2386 Ede
516 2349 615 2387 citra
636 2347 866 2388 satietatem.

293 2405 385 2444 258.
417 2406 535 2446 0111111
556 2407 710 2446 1101111111
733 2408 950 2460 impartito.

294 2465 390 2515 259.
423 2466 502 2504 Pro
533 2466 747 2505 reficiendo
775 2480 950 2520 paupere
980 2468 1103 2511 etiam,
1124 2468 1308 2521 jejunare

236 2523 385 2564 bonum
412 2535 480 2565 est.
498 2526 625 2580 (Conf.
643 2526 824 2567 Clemens
846 2528 1058 2567 Alexandr.
1071 2527 1216 2569 Strom.
1232 2529 1303 2567 Vll

235 2598 277 2636 p.
300 2585 409 2636 878.)

293 2645 383 2685 260.
415 2645 541 2684 Omne
559 2645 744 2697 poculum
766 2645 841 2685 tibi
860 2659 981 2686 suave
995 2648 1048 2687 sit
1067 2649 1175 2699 quod
1197 2649 1304 2689 sitim

237 2705 467 2754 exstinguit.
506 2705 634 2754 (Conf.
679 2705 863 2758 Xenoph.
898 2707 1118 2749 Memorab.
1158 2709 1231 2748 lib.
1265 2711 1302 2757 Ι,

238 2776 325 2815 cap.
349 2763 427 2812 ΙΙΙ,
448 2763 505 2816 6.)

295 2825 386 2862 261.
417 2823 655 2863 Ebrietatem
678 2826 791 2877 quasi
823 2827 1019 2867 insaniam
1043 2829 1146 2880 fuge.
1172 2829 1301 2883 (Conf.

240 2891 342 2923 sent.
366 2882 533 2934 Pythag.
554 2885 603 2934 9.)

294 2944 388 2982 262.
425 2943 572 2991 Homo,
594 2944 663 2995 qui
684 2957 706 2982 a
721 2953 860 2984 ventre
879 2946 1070 2994 vincitur,
1091 2946 1235 2987 belluae
1252 2949 1304 2987 si-

238 3002 346 3046 milis
366 3011 434 3042 est.

296 3064 386 3101 263.
418 3062 477 3101 Ex
497 3076 614 3102 carne
633 3063 734 3102 nihil
755 3063 882 3103 oritur
897 3065 1063 3107 bonum.

298 3123 391 3166 264.
423 3121 683 3175 Turpissimae
723 3122 906 3163 libidinis
940 3138 986 3164 ea
1024 3126 1199 3177 quidem*
1219 3141 1307 3180 quae

241 3182 380 3220 suavia
392 3190 500 3230 sunt,
517 3183 596 3222 cito
611 3192 828 3232 transeunt,
845 3185 993 3236 probra
1003 3199 1100 3225 vero
1113 3196 1306 3239 perpetuo

243 3249 413 3280 manent.

300 3301 394 3340 265.
425 3301 561 3342 Solent
578 3303 757 3342 homines
773 3301 1003 3343 abscindere
1028 3305 1162 3357 aliqua
1187 3320 1307 3346 mem-

245 3358 408 3398 brorum
429 3374 590 3400 suorum
608 3375 682 3415 pro
696 3362 862 3402 sanitate
878 3362 1135 3414 reliquorum.
1153 3366 1308 3412 Quanto

246 3418 287 3455 id
308 3421 636 3474 praestantiuspro
644 3421 838 3475 pudicitia
852 3421 938 3460 fiet!
961 3422 1033 3473 (Cf.
1049 3424 1241 3477 Porphyr.
1260 3427 1307 3466 ad

246 3477 419 3519 Marcell.
441 3494 527 3532 cap.
549 3479 629 3534 34.)

1067 232 1219 272 SEXTl
1252 231 1620 272 ENCHIRIDION.

1435 322 1528 359 266.
1563 321 1760 362 Grandem
1787 335 1944 373 poenam
1975 331 2126 375 putatu,
2165 338 2251 363 cum
2273 325 2315 364 in
2341 325 2445 366 desi·

1380 379 1505 419 deriis
1528 379 1771 430 obtinueris;
1794 395 1994 434 nunquam
2025 383 2131 422 enim
2160 383 2269 423 sedat
2287 384 2445 426 deside-

1379 438 1482 477 rium
1518 439 1676 491 adeptio
1716 439 2042 480 desideraturum.
2090 441 2217 493 (Conf.
2263 443 2444 485 Clemens

1380 498 1495 537 Alex.
1512 498 1639 537 Protr.
1657 498 1704 537 ad
1722 498 1838 539 Gent.
1855 513 1894 551 p.
1914 500 1962 538 85
1978 509 2015 539 et
2033 500 2179 541 Strom.
2192 502 2262 541 Vll
2281 517 2321 555 p.
2340 503 2443 554 857.)

1436 558 1527 605 267.
1558 557 1645 597 Νο11
1666 566 1723 597 est
1740 559 1937 609 sapienter
1954 559 2115 610 factum,
2129 561 2172 600 in
2189 576 2268 614 quo
2282 563 2445 604 libertas

1377 616 1566 657 aufertur.

1438 677 1532 718 268.
1563 676 1672 715 Bona
1708 676 1854 716 habere
1896 690 2032 718 omnes
2074 688 2230 732 optant,
2264 679 2445 721 obtinent

1376 743 1502 773 autem
1517 763 1528 783 ‚
1553 736 1622 788 qui
1643 737 1873 789 semetipsos
1894 737 2046 788 integre
2071 739 2196 778 verbo
2228 739 2301 779 Dei
2330 753 2443 780 man-

1376 796 1574 848 ciparunt.

1435 857 1528 907 269.
1559 855 1772 909 Sapientiae
1798 864 1963 908 amator,
1993 865 2031 895 et
2060 856 2248 898 honestus
2279 868 2384 910 esto,
2405 870 2445 900 et

1379 929 1459 954 non
1481 916 1739 957 obtrectator.

1431 990 1524 1024 270.
1559 976 1660 1015 Rara
1691 977 1742 1016 sit
1772 975 1999 1028 objurgatio
2037 985 2104 1015 tua
2134 986 2172 1016 et
2202 988 2440 1032 opportuna.

1376 1034 1505 1088 (Conf.
1543 1036 1725 1075 Clemens
1758 1036 1974 1076 Alexandr.
2003 1036 2160 1088 Paedag.
2191 1037 2267 1079 lib.
2304 1039 2322 1078 Ι
2354 1053 2441 1093 cap.

1375 1095 1512 1148 8-9)

1430 1170 1522 1205 271.
1554 1156 1708 1196 Nimius
1728 1157 1831 1196 risus
1851 1156 2044 1196 indicium
2076 1166 2134 1196 est
2164 1157 2287 1197 animi
2319 1159 2444 1210 negli-

1374 1220 1499 1267 gentis
1528 1232 1537 1255 :
1569 1230 1618 1256 ne
1648 1230 1744 1268 ergo
1765 1225 1914 1255 tantum
1935 1216 2010 1256 tibi
2038 1216 2264 1268 indulgeas,
2286 1227 2330 1257 ut
2359 1219 2442 1259 risu

1372 1277 1545 1317 diffluas.

1428 1351 1521 1385 272.
1553 1336 1759 1375 Castorum
1779 1336 1862 1375 vita
1883 1335 1934 1375 sit
1955 1335 2029 1375 tibi
2053 1335 2269 1376 honestatis
2301 1350 2439 1377 exem-

1372 1396 1498 1448 plum.

1428 1456 1520 1505 273.
1553 1455 1755 1508 Optimum
1781 1455 1939 1507 quidem
1957 1464 2016 1494 est
2045 1469 2126 1494 non
2151 1469 2332 1508 peccare,
2352 1471 2442 1510 pec-

1371 1525 1521 1555 cantem
1534 1529 1630 1555 vero
1644 1528 1870 1566 agnoscere,
1882 1529 1997 1567 quam
2012 1516 2441 1567 ignorare‚meliusest.

1371 1575 1500 1630 (Conf.
1518 1576 1699 1615 Clemen's
1727 1575 1941 1615 Alexandr.
1960 1575 2118 1627 Paedag.
2134 1575 2208 1615 lib.
2229 1575 2246 1614 1
2267 1589 2309 1629 p.
2332 1578 2440 1630 146.)

1427 1641 1521 1684 274.
1553 1635 1712 1674 Jactans
1731 1648 1811 1674 non
1830 1643 1888 1674 est
1908 1635 2077 1687 sapiens.

1427 1694 1522 1744 275.
1554 1694 1734 1745 Magnam
1750 1694 1849 1733 scito
1868 1706 1952 1732 esse
1966 1693 2197 1745 sapientiam
2209 1723 2222 1740 ,
2236 1707 2308 1746 per
2321 1707 2439 1746 quam

1374 1754 1476 1793 ferre
1506 1763 1616 1807 potes
1635 1753 1925 1793 ineruditorum
1954 1753 2238 1806 insipientiam.
2261 1753 2337 1805 (Cf.
2365 1753 2442 1792 De-

1372 1813 1539 1866 mophil.
1562 1822 1658 1853 sent.
1681 1813 1758 1863 28.)

1429 1874 1519 1922 276.
1550 1873 1686 1925 Turpe
1709 1872 1843 1911 ducito
1866 1873 2031 1925 proprio
2052 1887 2120 1912 ore
2135 1873 2304 1913 laudari.

1429 1947 1525 1982 277.
1559 1933 1789 1986 Sapientum
1825 1935 1967 1971 animae
2003 1933 2249 1973 insatiabiles
2281 1942 2372 1972 sunt
2399 1934 2442 1973 in

1370 2006 1504 2032 amore
1523 1993 1611 2032 Dei.

1426 2055 1519 2102 278.
1550 2052 1767 2091 Exordium
1798 2053 1840 2090 in
1863 2052 2013 2102 agendo
2035 2066 2058 2092 a
2078 2054 2162 2092 Deo
2191 2066 2325 2101 sume,
2353 2066 2442 2106 quae

1374 2113 1473 2164 agis.
1502 2113 1575 2165 (Cf.
1595 2126 1717 2152 carm.
1743 2125 1829 2150 aur.
1854 2126 1916 2152 vs.
1942 2113 2094 2165 48-49.)

1427 2188 1520 2225 279.
1553 2174 1631 2212 Ore
1650 2181 1777 2211 autem
1795 2173 1908 2223 prius
1929 2172 2053 2211 Deum
2073 2172 2215 2212 habeto
2240 2182 2278 2212 et
2294 2181 2440 2224 mente,

1372 2247 1488 2284 quam
1508 2233 1692 2285 respires.

1429 2294 1519 2331 280.
1551 2293 1606 2331 Ea
1628 2306 1716 2344 quae
1736 2300 1892 2343 oportet
1911 2291 2062 2330 discere
2082 2300 2120 2331 et
2139 2292 2193 2330 ita
2219 2292 2346 2331 facere
2359 2321 2370 2340 ‚
2390 2305 2441 2331 ne

1371 2353 1527 2391 coneris
1547 2352 1673 2391 facere
1685 2381 1699 2402 ,
1722 2359 1929 2402 antequam
1947 2350 2088 2390 discas.
2107 2350 2181 2404 (Cf.
2204 2365 2327 2391 carm.
2351 2364 2438 2392 aur.

1371 2425 1433 2451 vs.
1456 2412 1615 2461 30-31.)

1427 2471 1519 2510 281.
1550 2469 1719 2508 Carnem
1738 2469 1822 2507 noli
1842 2481 1988 2509 amare.

1425 2531 1515 2568 282.
1547 2529 1726 2568 Animam
1743 2527 1888 2567 bonam
1907 2537 1996 2580 post
2012 2529 2136 2567 Deum
2159 2528 2292 2579 dilige.

1425 2591 1518 2628 283.
1550 2589 1867 2628 Domesticorum
1907 2588 2200 2639 indignationes
2239 2588 2341 2628 ferre
2372 2601 2438 2627 sa-

1397 2650 1515 2689 ientis
1537 2658 1610 2690 est.

1368 2664 1393 2702 p
1425 2709 1519 2755 284.
1550 2708 1779 2761 Sapientum
1795 2708 1946 2746 divitiae
1961 2707 2217 2748 continentia.
2237 2707 2313 2762 (Cf.
2333 2717 2434 2749 sent.

1368 2767 1488 2808 Pvth.
1517 2782 1530 2806 1
1569 2799 1577 2807 .

1403 2811 1519 2868 '285.
1539 2766 1596 2865 9Si
1616 2827 1713 2878 quid
1731 2827 1941 2879 proprium
1959 2827 2027 2865 alii
2045 2826 2277 2875 tradideris,
2298 2835 2336 2865 at
2352 2827 2438 2878 ipse

1368 2901 1449 2926 non
1464 2887 1631 2927 habebis
1642 2917 1652 2936 ,
1669 2901 1747 2926 non
1760 2901 1774 2939 J
1782 2888 1915 2926 udices
1931 2887 2096 2927 bonum.
2115 2887 2188 2939 (Cf.
2210 2886 2436 2939 Demophil.

1370 2957 1467 2988 sent.
1486 2946 1560 3002 18.)

1425 3011 1519 3050 286.
1549 3008 1662 3048 Justa
1684 3008 1911 3047 communio
1931 3006 2137 3046 servanda.

1425 3071 1518 3118 287.
1548 3068 1636 3108 Non
1667 3067 1775 3106 dicas
1804 3067 1966 3119 aliquod
1996 3067 2076 3105 alio
2103 3074 2263 3118 peccato
2291 3066 2435 3106 levius.

1370 3129 1493 3182 (Conf.
1517 3126 1658 3166 Cicero
1677 3126 1869 3166 Paradox.
1893 3125 1944 3176 3.)

1425 3189 1518 3228 288.
1550 3186 1660 3226 Sicut
1689 3187 1731 3225 in
1761 3185 1976 3224 benefactis
2008 3184 2163 3223 laudari
2197 3185 2285 3232 vis,
2307 3184 2362 3223 ita
2390 3184 2434 3222 in

1370 3245 1525 3285 delictis
1543 3246 1737 3299 patienter
1760 3245 1893 3296 accipe
1907 3273 1918 3292 ,
1939 3244 1973 3282 si
1995 3244 2180 3296 culperis.
2203 3244 2332 3297 (Cous.
2351 3243 2435 3295 Py-

1371 3308 1475 3358 thag.
1494 3321 1557 3360 ap.
1577 3306 1686 3347 Stob.
1702 3306 1808 3344 Flor.
1826 3304 1931 3352 XIV,
1957 3305 2035 3357 18.)

1427 3368 1521 3419 289.
1552 3367 1728 3414 Quorum
1746 3365 1882 3404 laudes
1898 3364 2118 3403 contemnis
2132 3395 2141 3411 ,
2158 3376 2294 3402 eorum
2309 3373 2437 3413 neque

1371 3426 1644 3478 derogationes
1694 3425 1825 3477 magni
1874 3424 2037 3477 pendas,
2075 3423 2157 3478 (Cf.
2207 3421 2434 3474 Demophil.

1372 3495 1470 3527 sent.
1489 3486 1568 3540 2ο.)
