2612 3814
346 263 394 295 82
1262 250 1328 290 DE
1357 249 1608 291 HIPPONE.

344 344 490 394 cipium
505 355 588 381 esse
599 342 781 395 opinatus
800 342 840 380 id
859 342 1056 394 praecipue
1067 341 1151 379 sine
1165 340 1286 378 dnbio
1301 341 1393 390 egit,

343 410 385 440 ut
407 414 615 453 corporum
647 400 988 452 membrorumque
1018 408 1192 438 naturam
1219 408 1256 438 et
1277 398 1395 437 fabri-

343 474 425 499 cam
447 461 673 512 explicaret.
696 460 739 498 In
761 460 810 498 iis
829 473 913 511 quae
928 460 1004 511 ipsi
1021 459 1259 510 placuissent
1275 471 1396 509 expo-

343 519 483 558 nendis
519 520 649 571 llippo
686 533 822 571 parum
860 519 1014 557 subtilis
1050 519 1268 570 disputator
1308 518 1394 556 suit.

342 579 472 625 Quare
489 579 716 616 Aristoteles
743 578 860 616 modo
881 583 948 621 τοῖς
965 575 1233 629 φορτικωτέροις
1253 578 1322 614 τῶν
1342 592 1396 629 φι-

341 638 500 691 λοσόφων
529 651 617 676 eum
651 638 877 676 adnumerat
912 637 959 675 de
986 637 1116 676 Anim.
1151 636 1179 684 I,
1210 650 1248 686 2,
1280 636 1396 674 modo

342 706 502 749 propter
523 697 662 735 mentis
680 696 984 735 imbecillitatem
1007 709 1028 733 a
1048 696 1287 734 severiorum
1309 695 1396 747 phi-

341 756 594 809 losophorum
617 769 778 793 numero
799 763 973 805 segregat
991 755 1158 806 Metaph.
1178 755 1207 803 l,
1224 757 1261 793 3.
1282 755 1395 801 Quod

344 824 470 853 autem
488 816 701 866 posteriore
722 814 807 852 loco
827 814 1028 863 Stagirites
1050 814 1271 865 llipponem
1292 813 1395 851 Tha-

343 874 409 912 leti
431 872 657 924 subjunxit,
678 873 717 911 id
735 885 781 910 eo
808 873 973 910 consilio
995 872 1106 922 fecit,
1133 881 1175 911 ut
1193 886 1270 910 non
1287 881 1396 912 aetate

341 932 407 971 sed
429 931 744 984 placitis'l'lialeti
762 932 984 982 proximum
1003 932 1122 970 fuisse
1139 932 1392 981 significaret.

343 990 482 1040 Exigui
504 989 687 1028 momenti
707 998 797 1028 sunt
826 1003 913 1041 quae
932 990 980 1029 de
999 990 1204 1030 hominum
1232 1004 1392 1041 genera·

343 1052 448 1089 tione
462 1049 565 1102 apud
579 1049 837 1088 Censorinum
858 1050 961 1090 libro
978 1050 1026 1090 de
1038 1051 1109 1089 Die
1123 1051 1243 1090 natali
1262 1051 1393 1104 Hippo

338 1109 463 1147 docet.
485 1107 542 1151 lbi
557 1109 725 1160 scriptor
748 1109 890 1160 cap.V,
910 1118 1114 1161 postquam
1140 1124 1271 1149 semen
1288 1112 1393 1151 unde

338 1177 448 1207 exeat
475 1168 578 1207 inter
612 1168 812 1220 sapientiae
834 1170 1076 1221 professores
1111 1184 1190 1208 non
1221 1180 1395 1210 constare

339 1227 452 1275 dixit,
469 1228 509 1266 in
522 1227 624 1266 bunc
643 1227 798 1266 modum
815 1229 963 1280 pergit:
986 1246 1001 1263 α
1019 1229 1272 1269 Parmenides
1288 1231 1392 1269 enim

339 1295 420 1325 tum
442 1299 490 1324 ex
512 1286 663 1325 dextris
680 1295 758 1325 tum
778 1287 889 1326 laevis
908 1288 1087 1339 partibus
1107 1289 1205 1327 oriri
1228 1290 1392 1341 putavit.

342 1345 516 1398 Hipponi
533 1358 722 1384 vero...ex
739 1346 920 1385 medullis
931 1346 1126 1399 profluere
1142 1361 1273 1386 semen
1287 1349 1393 1388 vide-

338 1411 417 1451 tur,
440 1404 559 1456 idque
593 1416 639 1442 eo
662 1404 845 1456 probari,
868 1406 973 1457 quod
1000 1416 1087 1459 post
1112 1407 1390 1447 admissionem

338 1463 528 1515 pecudum
552 1463 584 1501 si
615 1465 704 1514 quis
730 1477 855 1503 mares
876 1465 1093 1514 interimat,
1122 1466 1310 1505 medullas
1330 1476 1390 1506 ut-

338 1530 427 1574 pote
446 1522 650 1561 exhaustas
673 1524 854 1576 reperiat.
890 1541 906 1558 υ
940 1525 1087 1563 Omitto
1120 1533 1276 1564 caeteras
1302 1526 1389 1577 ejus

501 1637 752 1679 ἽΠΠΩΝΟΣ
781 1639 1218 1683 ἈΠΟΣΠΑΣΜΑΤΙΑ.

338 1739 710 1790 Πουλυμαθημοσύνης
722 1769 732 1788 ,
751 1742 814 1787 τῆς
828 1741 867 1779 οὗ
884 1740 1093 1795 κενεώτερον
1113 1741 1226 1783 οὐδέν.

339 1845 566 1895 (Athenaeus
585 1846 678 1885 XIII
697 1860 735 1900 p.
757 1848 850 1896 610,
869 1848 899 1886 B
916 1861 926 1884 ι
947 1849 1116 1888 Τοσαῦτα
1134 1854 1194 1890 τοῦ
1216 1850 1400 1904 Μυρτίλου

340 1903 417 1951 ἑξῆς
441 1904 696 1950 καταλέξαντος
720 1906 780 1945 καὶ
806 1905 949 1946 πάντων
974 1907 1077 1947 αὑτὸν
1113 1907 1174 1948 ἐπὶ
1205 1912 1248 1960 τῇ
1268 1909 1393 1964 μνήμῃ

339 1963 595 2014 θαυμασάντων
624 1966 642 2003 ὁ
673 1965 873 2010 Κύνουλκος
909 1966 995 2020 ἔφη·
1025 1968 1394 2019 πουλυμαθημοσύνης

338 2024 416 2061 κτλ.
435 2020 580 2062 Ἵππων
610 2023 676 2078 ἔφη
703 2026 721 2063 ὁ
758 2025 870 2070 ἄθεος.
891 2025 1000 2066 Ἀλλὰ
1024 2026 1086 2066 καὶ
1114 2026 1343 2081 Ἡράκλειτος
1375 2033 1393 2069 ὁ

338 2080 426 2126 θεῖός
446 2097 552 2133 φησι·
583 2101 598 2117 α
627 2084 852 2135 πουλυμαθίη
883 2084 958 2125 νόον
989 2085 1082 2140 ἔχειν
1111 2088 1150 2127 οὗ
1182 2088 1354 2130 διδάσκει.
1377 2108 1392 2123 ι»

341 2141 412 2181 Καὶ
428 2143 446 2180 ὁ
464 2141 589 2193 Τίμων
603 2141 640 2181 δὲ
657 2142 722 2197 ἔφη
735 2158 743 2168 ·
759 2145 818 2182 ιιέν
837 2143 873 2183 δὲ
890 2145 1096 2197 πλατυσμὸς
1112 2148 1392 2200 πουλυμαθημο-

445 2245 623 2292 Ἵππωνος
642 2248 720 2288 τόδε
741 2251 839 2300 σῆμα
851 2280 862 2297 ,
888 2249 947 2289 τὸν
969 2250 1172 2290 ἀθανάτοισι
1191 2255 1317 2292 θεοῖσιν
1418 2254 1429 2365 ¹

492 2297 572 2345 ἶσον
589 2305 751 2355 ἐποίησεν
765 2309 886 2361 Μοῖρα
904 2310 1177 2361 καταφθίμενον.

342 2405 354 2456 (
380 2405 600 2444 Alexander
642 2406 963 2458 Aphrodisiensis
1015 2409 1055 2447 in
1102 2410 1268 2451 Aristot.
1316 2411 1393 2450 Me·

340 2463 444 2515 taph.
467 2463 500 2512 I,
520 2465 540 2502 3
564 2478 653 2517 pag.
673 2479 719 2503 21
737 2466 800 2506 ed.
821 2467 974 2508 Bonitz.
999 2482 1007 2490 ·
1037 2469 1152 2508 Τοῦτο
1173 2468 1208 2508 δὲ
1226 2469 1324 2522 λέγοι
1349 2469 1392 2509 ἂν

340 2523 418 2573 περὶ
437 2523 544 2562 αὐτοῦ
563 2523 617 2563 ὅτι
642 2524 738 2569 ἄθεος
762 2519 824 2573 ἧν·
846 2530 983 2565 τοιοῦτο
999 2525 1067 2581 γὰρ
1097 2529 1158 2568 καὶ
1176 2529 1218 2568 τὸ
1246 2531 1305 2569 ἐπὶ
1331 2534 1393 2570 τοῦ

342 2595 448 2632 ταφου
479 2582 583 2620 αὐτοῦ
605 2582 830 2635 ἐπίγραμμα.
863 2583 1046 2631 Ἵππωνος
1065 2589 1145 2627 κτλ.
1171 2589 1279 2641 quod
1299 2591 1391 2642 qui-

341 2640 428 2677 dem
447 2640 688 2691 epigramma
709 2642 792 2694 ipse
812 2646 1033 2696 composuit
1046 2675 1056 2694 ,
1078 2655 1121 2685 ut
1141 2647 1196 2686 ait
1212 2648 1393 2689 Clemens

343 2698 627 2739 Alexandrinus
646 2702 694 2740 ad
715 2701 858 2742 Gentes
878 2717 919 2756 p.
941 2705 988 2743 36
1014 2720 1022 2743 :
1047 2707 1102 2746 Οὐ
1119 2706 1257 2760 νέμεσις
1277 2708 1391 2748 τοίνυν

342 2755 418 2795 οὐδὲ
436 2755 592 2797 Ἵππωνι
613 2760 905 2807 ἀπαθανατίζοντι
924 2762 981 2801 τὸν
1009 2763 1157 2804 θάνατον
1169 2767 1228 2806 τὸν
1245 2769 1392 2807 ἑαυτοῦ·

342 2814 513 2856 ὁἾππων
532 2818 599 2871 γὰρ
626 2821 861 2872 ἐπιγραφῆναι
891 2823 1051 2862 ἐκέλευσε
1075 2827 1125 2877 τῷ
1152 2826 1313 2878 μνήματι
1339 2830 1390 2882 τῷ

340 2876 449 2916 αὗτοῧ
474 2876 552 2916 τόδε
580 2877 620 2916 τὸ
653 2880 817 2931 ἐλεγεῖον·
843 2878 1022 2927 Ἵππωνος
1057 2884 1134 2922 τόδε
1175 2889 1274 2937 σῆμα
1306 2887 1386 2927 κτλ.

1460 339 1666 391 opiniones
1685 350 1850 389 quarum
1883 337 1925 376 in
1954 337 2090 376 eodem
2112 337 2248 376 libello
2276 338 2519 380 Censorinus

1461 398 1649 436 meminit.
1678 397 1868 448 Dogmata
1887 410 1957 436 sua
1977 396 2229 449 Xenophanis
2242 427 2253 447 ‚
2271 398 2519 439 Parmenidis

1459 457 1704 508 aliorumque
1723 457 1904 508 exemplo
1919 456 2102 496 versibus
2120 466 2350 507 persecutus
2362 467 2435 507 est,
2451 460 2519 499 sed

1462 529 1581 554 unum
1602 529 1651 554 an
1670 516 1804 568 plures
1827 517 2029 569 scripserit
2050 517 2176 556 libros
2196 531 2274 556 non
2292 519 2427 568 liquet.
2444 519 2520 559 Vix

1460 584 1585 614 autem
1604 576 1837 615 crediderim
1852 606 1863 625 ,
1885 590 1973 615 eum
1996 578 2232 630 peculiarem
2253 577 2423 617 edidisse
2438 579 2523 618 dis-

1460 635 1699 687 putationem
1712 638 1760 674 de
1771 639 1860 674 locis
1874 651 1959 687 quoe
1970 639 2144 675 de'cuneur
2148 639 2320 687 perdere,
2338 640 2524 689 qm‘dqm‘d

1461 701 1499 732 in
1533 698 1603 732 illa
1637 697 1831 743 inciderit,
1862 704 1907 734 ut
1940 696 2133 735 conclusit
2167 696 2371 736 Fabricius
2413 697 2519 740 Bibl.

1459 753 1585 794 Graec.
1613 754 1695 793 vol.
1718 754 1767 802 ll,
1796 767 1834 806 p.
1851 754 1929 792 658
1950 754 2012 794 ed.
2034 754 2141 794 Harl.
2162 768 2211 794 ex
2231 756 2420 806 Antigoni
2448 756 2521 796 Ca·

1460 812 1574 863 rystii
1594 812 1748 860 verbis,
1773 812 1876 865 apud
1906 826 2022 864 quem
2040 813 2141 853 nist.
2164 814 2306 855 mirab.
2328 828 2415 868 cap.
2442 817 2514 855 131

1460 872 1542 911 haec
1560 873 1814 925 reperiuntur
1835 887 1844 910 :
1872 870 2017 912 Ἵππων
2041 871 2078 911 δὲ
2107 875 2125 911 δ
2145 871 2308 926 Ῥηγῖνος
2335 875 2416 929 περὶ
2445 878 2519 915 τῶν

1459 932 1657 983 λεγομένων
1677 932 1795 971 τόπων
1829 931 1979 985 φθείρειν
2000 930 2046 971 τὰ
2065 931 2288 983 ἐμπίπτοντα
2309 933 2465 974 τοιοῦτόν
2485 951 2520 975 τι

1459 990 1604 1044 γράφει·
1632 991 1736 1045 φησὶν
1759 994 1794 1031 ἐν
1827 991 1987 1038 Ἀθήναις
2012 990 2070 1030 ἐπὶ
2111 991 2285 1044 βασιλέως
2307 992 2523 1036 Ἐπαινέτου

1459 1049 1704 1102 Ὀλυμπιάδος
1735 1050 1839 1099 ἕκτης
1874 1051 1935 1090 καὶ
1964 1053 2193 1104 τριακοστῆς,
2226 1053 2262 1091 ἐν
2282 1045 2307 1104 ᾗ
2323 1051 2523 1106 Ἀρυτᾶμας

1459 1109 1591 1149 Λάκων
1607 1116 1689 1165 νικᾷ
1705 1111 1869 1159 στάδιον,
1890 1114 1953 1158 τῆς
1974 1110 2141 1155 Σικελίας
2159 1112 2194 1150 ἐν
2212 1112 2409 1159 Παληκίοις
2432 1114 2523 1153 οἶκον

1458 1167 1656 1218 δομηθῆναι
1671 1168 1778 1209 τόπον
1802 1171 1851 1212 εἷς
1874 1168 1911 1209 ὃν
1929 1168 2025 1214 ὅστις
2044 1168 2086 1210 ἂν
2105 1171 2242 1224 εἰσέλθῃ
2255 1201 2265 1219 ‚
2283 1173 2315 1210 el
2332 1173 2396 1222 μὲν
2412 1187 2523 1212 κατα·

1458 1227 1616 1279 κλιθείη,
1635 1229 1874 1277 ἀποθνήσκει,
1893 1231 1925 1268 εἰ
1942 1228 1979 1268 δὲ
2003 1230 2238 1282 περιπατοίη,
2259 1228 2521 1285 οὗδὲνῑπάσχει.

1459 1288 1540 1326 Hoc
1560 1289 1665 1328 enim
1681 1299 1951 1340 argumentum
1968 1289 2017 1329 ab
2037 1304 2084 1329 eo
2100 1291 2143 1329 in
2164 1291 2308 1344 majori
2323 1292 2371 1330 de
2389 1305 2523 1332 rerum

1458 1356 1597 1387 natura
1629 1350 1805 1389 carmine
1850 1358 2056 1389 tractatum
2088 1363 2174 1390 esse
2208 1351 2416 1403 probabile
2449 1360 2519 1393 est.

1458 1408 1686 1448 Poematum
1701 1410 1787 1461 ejus
1804 1411 2011 1461 reliquias,
2031 1411 2169 1465 paucis
2182 1412 2392 1451 versiculis
2408 1424 2523 1452 exce·

1455 1468 1556 1519 ptis,
1575 1470 1703 1509 nullas
1723 1470 1925 1510 habemus.

1747 1679 1945 1711 HIPPONIS
1968 1681 2236 1714 FRAGMENTA.

1454 1761 1482 1794 0
1499 1761 1714 1795 eruditionem
1729 1787 1739 1804 ‚
1756 1772 1821 1805 qua
1839 1763 1922 1796 nihil
1944 1764 2076 1797 vanius.

1459 1862 1582 1911 σύνης,
1606 1866 1667 1912 τῆς
1686 1865 1726 1903 οὔ
1749 1864 1958 1918 κενεώτερον
1979 1865 2081 1906 ἄλλο.
2112 1884 2129 1900 ι»
2148 1865 2247 1905 Vide
2274 1866 2456 1908 Timonis
2483 1878 2524 1910 et
2578 1865 2582 1868 ⁴

1458 1922 1645 1963 Heracliti
1664 1924 1890 1975 fragmenta.
1907 1924 1968 1965 cf.
1986 1925 2127 1976 Bergk.
2147 1925 2298 1966 Comm.
2316 1926 2365 1966 de
2390 1927 2521 1982 Reliq.

1456 1996 1556 2023 com.
1581 1984 1687 2023 attic.
1718 1998 1757 2036 p.
1795 1985 1889 2032 180;
1914 1984 2136 2023 Bakhuizen
2165 1997 2244 2023 van
2269 1985 2346 2024 den
2375 1987 2516 2028 Brink.

1454 2041 1543 2083 Var.
1562 2042 1684 2082 Lectt.
1704 2057 1753 2082 ex
1769 2043 1870 2083 Ilist.
1889 2043 1990 2096 phil.
2010 2045 2133 2096 antiq.
2148 2058 2188 2095 p.
2209 2043 2257 2094 57
2277 2058 2289 2094 ;
2307 2043 2448 2096 Uhrig.
2469 2046 2521 2086 de

1453 2102 1637 2155 Hippone
1658 2103 1770 2141 atheo
1788 2115 1877 2155 pag.
1898 2105 1965 2156 9.)

1545 2254 1706 2297 Hipponis
1721 2254 1782 2287 hoc
1795 2255 1980 2297 sepulcrum
1997 2255 2064 2294 mt,
2079 2264 2176 2296 quem
2192 2255 2262 2288 Diis
2277 2255 2521 2290 immortalibus

1583 2315 1766 2357 exaequavit
1785 2318 1883 2349 Parca
1899 2315 2100 2350 defunctum.

1455 2404 1509 2450 E&
1524 2425 1563 2461 γε
1578 2406 1723 2449 Ἵππων
1739 2409 1965 2455 ἐπιδεικνύεις
1984 2413 2069 2463 ἡμῖν
2091 2411 2156 2459 τὴν
2184 2411 2406 2464 ἀνθρωπίνην
2421 2412 2517 2452 πλᾶ·

1455 2485 1537 2518 νην·
1553 2471 1584 2509 εἷ
1601 2469 1669 2522 γὰρ
1689 2470 1749 2509 καὶ
1774 2470 1943 2510 λαλοῦντί
1957 2486 2012 2510 σοι
2025 2470 2082 2521 ’μὴ
2100 2471 2376 2520 πεπιστεύκασι,
2389 2473 2519 2524 νεκροῦ

1455 2528 1675 2579 γενέσθωσαν
1693 2528 1871 2578 μαθηταί·
1888 2532 2052 2582 χρησμὸς
2071 2523 2171 2575 οῧτός
2194 2532 2288 2570 ἐστιν
2313 2528 2514 2575 Ἵππωνος·

1454 2587 1637 2639 νοήσωμεν
1673 2587 1791 2629 αὐτόν.
1837 2589 1941 2627 Dicit
1975 2589 2098 2639 igitur
2145 2589 2431 2642 philosophus,
2476 2602 2521 2630 se

1455 2655 1582 2686 morte
1599 2659 1669 2686 sua
1685 2661 1772 2686 cum
1787 2647 1874 2686 Diis
1892 2648 2183 2688 immortalibus
2202 2659 2396 2702 aequatum
2414 2662 2515 2691 esse.

1454 2707 1629 2753 Quorum
1670 2707 1882 2746 verborum
1923 2721 2059 2747 sensus
2097 2718 2173 2755 est,
2217 2723 2337 2761 quum
2379 2709 2517 2750 atheus

1457 2766 1573 2805 suerit
1611 2766 1762 2818 Hippo,
1800 2766 1979 2806 homines
2013 2776 2137 2807 morte
2167 2769 2218 2806 ad
2254 2769 2423 2808 nihilum
2454 2782 2516 2808 re·

1458 2825 1589 2863 cidere
1609 2826 1772 2876 Diisque
1793 2826 2083 2866 immortalibus
2100 2827 2169 2879 qui
2196 2841 2276 2866 non
2299 2829 2379 2867 sint
2400 2841 2520 2882 pares

1456 2886 1583 2940 lieri.)

2597 3571 2612 3604 ‹htu-
2599 3374 2612 3566 -.⁴nn-m—mssm.
2604 3352 2612 3366 ,.-
2600 3237 2612 3346 „mur-r-
