2612 3814
912 258 1200 299 CARMINUM
1228 260 1512 308 RELIQUIAE.
2217 269 2288 302 127

200 348 260 388 ml
279 348 324 387 τὰ
333 348 425 388 κατὰ
434 345 601 401 σφετέρας
613 345 776 398 δυνάμεις
785 346 843 386 ἐπὶ
856 343 949 386 τοῖσί
958 363 996 386 τε
1006 347 1147 392 καὶτοῖς
1162 378 1173 399 ,

198 413 269 446 πᾶν
286 408 391 447 πλέον
409 408 502 446 ἐστὶν
521 409 608 457 ὁμοῦ
622 406 726 459 φάεος
747 405 808 445 καὶ
827 407 952 452 νυκτὸς
967 407 1123 461 ἀφάντου
1135 437 1146 459 ,

121 480 171 506 125
198 465 283 507 ἴσων
303 466 525 521 ἀμφοτέρων,
543 465 620 505 ἐπεὶ
638 465 810 520 οὐδετέρῳ
834 465 922 517 μέτα
942 467 1066 518 μηδέν.

402 566 422 586 4
638 565 657 583 ἰ
875 564 891 579 ²

198 632 244 671 Αἱ
259 630 328 683 γὰρ
349 628 562 684 στεινότεραι
580 629 774 677 πεποίηντο
791 629 900 681 πυρὸς
921 630 1095 683 ἀκρίτου),

198 692 234 728 αἱ
254 691 283 728 δ’
307 690 363 729 ἐπὶ
386 695 462 734 ταῖς
482 688 615 738 νυκτός,
637 688 728 740 μετὰ
744 688 778 727 δὲ
797 688 922 742 φλογὸς
941 689 1033 728 ἵεται
1055 683 1158 730 αἶσα·

197 750 232 788 ἐν
249 748 285 788 δὲ
303 748 400 803 μέσῳ
419 749 550 788 τούτων
572 749 720 800 Δαίμων
736 749 759 797 ἢ
777 749 896 788 πάντα
911 749 1063 805 κυὸερνᾷ
1077 765 1085 774 ·

197 810 312 862 πάντῃ
332 809 401 862 γὰρ
422 814 602 861 στυγεροῖο
621 807 724 848 τόκου
742 808 802 848 καὶ
818 808 927 860 μίξιος
948 808 1041 862 ἀρχὴ

118 883 170 910 130
196 869 375 921 πέμπουσ’
392 869 510 924 ἄρσενι
531 871 617 917 θῆλυ
634 871 805 922 μιγῆναι,
824 868 962 907 ἐναντία
976 871 1007 907 τ’
1028 862 1124 912 αὖθις

201 923 305 977 ἄρσεν
321 924 514 976 θηλυτέρῳ.

403 1019 423 1038 *V*
637 1019 655 1036 *
875 1017 890 1034 a·

117 1139 261 1182 guntur
288 1132 392 1182 apud
412 1130 652 1181 Simplicium
672 1131 821 1169 Comm.
845 1130 893 1166 ad
919 1131 1037 1169 Arist.
1062 1131 1176 1179 Phys.

117 1193 141 1229 f.
165 1193 230 1241 39,
253 1205 289 1231 a.

171 1254 218 1289 V.
243 1251 330 1288 123.
355 1249 399 1286 τὰ
417 1247 510 1287 κατὰ
527 1247 695 1301 σφετέρας
714 1246 879 1298 δυνάμεις
901 1262 982 1285 non
1002 1250 1175 1298 intelligo

119 1324 206 1348 cum
235 1311 438 1347 Karstenio
471 1310 672 1357 qualitates
701 1307 839 1360 ἀραιόν,
867 1306 998 1346 πυκνόν
1035 1311 1074 1346 et
1106 1310 1177 1345 alia

117 1369 363 1417 hujusmodi,
385 1369 452 1405 sed
471 1369 596 1405 noctis
611 1376 648 1405 et
660 1369 757 1404 lucis
778 1369 958 1417 potentiae
981 1375 1180 1405 cousenta-

116 1442 186 1467 nea
197 1458 208 1476 ,
229 1428 428 1478 utriusque
447 1430 526 1465 vim
541 1436 579 1466 et
593 1428 789 1467 effectum.

175 1488 264 1527 125.
281 1476 366 1525 (cmv
393 1486 622 1538 ἀμφοτέρων)
641 1487 818 1536 AEqualia
838 1486 935 1523 dicit
969 1487 1083 1522 ambo
1104 1488 1179 1522 ele-

115 1555 263 1598 menta,
285 1547 326 1584 id
345 1554 397 1584 est
411 1547 497 1597 pari
523 1546 707 1596 dignitate
729 1558 772 1583 ac
800 1546 839 1582 vi
868 1544 1043 1595 praedita.
1073 1546 1180 1581 Hanc

116 1608 370 1656 aequalitatem
388 1607 431 1642 in
455 1619 500 1643 eo
517 1607 660 1643 versari
679 1606 901 1650 arbitratur,
927 1604 1035 1653 quod
1053 1606 1181 1641 neutri

117 1667 331 1715 quidquam
342 1679 428 1703 cum
440 1666 559 1702 altero
576 1678 782 1702 commune
800 1665 863 1702 sit.
883 1663 945 1700 Sic
961 1662 1180 1713 Simplicius

115 1727 195 1762 haec
215 1727 334 1762 verba
353 1726 502 1774 accepit
519 1738 528 1764 ε
547 1726 578 1762 εἷ
598 1723 634 1762 δὲ
652 1720 835 1774 μηδετέρῳ
851 1751 861 1771 ,
879 1722 1071 1771 inquiens,
1087 1722 1181 1761 κατὰ

119 1786 130 1835 (
146 1798 250 1823 corr.
268 1784 377 1835 μέτα)
394 1782 520 1834 μηδέν,
537 1782 598 1821 καὶ
615 1781 667 1821 δ’τι
681 1781 791 1835 ἀρχαὶ
812 1781 919 1835 ἄμφω
936 1781 996 1819 καὶ
1013 1781 1066 1819 ὅτι
1083 1784 1180 1820 ἐναν-

115 1842 189 1881 τίαι
212 1844 392 1891 δηλοῦται.
419 1844 523 1894 Ergo
547 1843 786 1880 Parmenidis
804 1843 925 1879 verba
950 1843 1003 1879 ita
1023 1842 1180 1892 supple-

116 1905 172 1941 vit
197 1917 205 1940 :
243 1902 318 1940 ἐπεὶ
339 1901 510 1954 οὐδετέρῳ
528 1903 598 1941 τῶν
621 1899 804 1954 στοιχείων
822 1898 932 1950 μηδὲν
958 1899 1100 1950 μέτεστι
1119 1904 1180 1940 τοῦ

120 1963 257 2017 ἑτέρου,
276 1972 320 2001 ut
348 1963 584 2001 constructio
606 1964 667 2000 τοῦ
690 1961 847 2011 μετεῖναι
871 1960 1005 1997 eadem
1025 1962 1072 1997 sit
1097 1974 1181 2010 quae

118 2024 284 2063 habetur
308 2036 373 2073 ap.
395 2022 492 2060 Plat.
515 2022 633 2071 Apol.
657 2034 721 2069 19,
741 2020 770 2060 C
795 2033 804 2056 :
824 2018 904 2069 ἐμοὶ
924 2020 992 2056 τῶν
1013 2019 1180 2058 τοιούτων

118 2080 215 2121 οὐδὲν
238 2081 414 2133 μέτεστιν.
448 2079 547 2118 Sunt
568 2082 635 2129 qui
662 2078 928 2116 Parmenidem
958 2079 1022 2115 hic
1043 2079 1182 2117 dixisse

119 2149 258 2192 putent
271 2171 281 2189 ,
314 2141 475 2190 aequalia
509 2152 588 2177 esse
629 2139 708 2177 duo
734 2140 813 2175 haec
844 2139 1032 2175 elementa
1045 2167 1056 2186 ‚
1091 2140 1183 2189 quia

119 2202 215 2239 nihil
239 2207 355 2239 exstet
369 2229 380 2250 ,
402 2201 498 2249 quin
514 2213 560 2237 ex
582 2200 772 2236 ambobus
783 2196 991 2235 conflatum
1008 2199 1068 2237 sit.
1089 2200 1183 2247 Quae

119 2262 305 2298 sententia
334 2268 371 2296 et
388 2261 483 2296 mihi
506 2259 710 2306 arrideret,
731 2260 760 2295 si
785 2259 895 2295 aliter
915 2258 1070 2295 locutus
1090 2267 1183 2295 esset

119 2328 257 2371 poeta,
289 2320 399 2357 verbi
431 2331 544 2356 causa
579 2317 657 2357 ἐπεὶ
692 2316 900 2371 ἀμφοτέρων
935 2315 1018 2370 δίχα
1055 2316 1179 2367 μηδέν.

119 2382 296 2418 Aliorum
314 2381 666 2431 interpretatione5‚
686 2392 707 2417 e
727 2380 867 2429 quibus
880 2379 976 2415 nihil
988 2377 1183 2428 proficias,

120 2441 461 2491 praetermittendas
478 2452 686 2478 censemus,

178 2499 226 2539 V.
251 2501 474 2540 126—128.
491 2500 710 2549 Simplicius
731 2499 844 2548 Phys.
870 2498 940 2536 fol.
963 2511 1003 2547 9,
1022 2511 1043 2534 a
1061 2510 1071 2534 ι
1093 2498 1182 2536 Μετ’

122 2559 224 2611 ὀλίγα
239 2557 274 2596 δὲ
288 2558 395 2597 πάλιν
411 2557 490 2610 περὶ
506 2559 575 2596 τῶν
594 2558 687 2596 δυοῖν
709 2556 893 2610 στοιχείων
912 2554 1020 2595 εἰπὼν
1037 2557 1072 2610 (ὁ
1088 2557 1186 2608 Παρ·

123 2612 285 2670 μενίδης)
315 2617 441 2669 ἐπάγει
469 2617 529 2656 καὶ
561 2616 602 2655 τὸ
623 2617 826 2664 ποιητικόν,
859 2613 972 2666 λέγων
997 2619 1117 2659 οὕτως·
1149 2619 1184 2655 αἱ

123 2681 191 2731 γὰρ
211 2675 653 2731 στεινότεραι-κυὸερνᾷ.
685 2679 729 2716 V.
754 2675 959 2725 129-131
994 2682 1055 2726 (π.
1077 2689 1115 2727 γ.
1132 2697 1186 2705 -

129 2734 330 2791 θηλυτέρῳ)
373 2751 460 2774 cum
492 2737 799 2787 praecedentibus
829 2735 1046 2785 junguntur
1083 2736 1186 2785 apud

124 2798 303 2836 eumdem
319 2798 531 2834 Aristotelis
550 2798 799 2846 interpretem
816 2797 924 2845 Phys.
942 2795 1008 2832 fol.
1033 2807 1070 2842 7,
1093 2808 1128 2834 a.

180 2855 227 2894 V.
266 2858 352 2894 126.
387 2859 432 2894 In
464 2856 580 2896 codd.
616 2856 756 2905 legitur
794 2855 830 2892 αἱ
863 2854 931 2906 γὰρ
972 2853 1186 2904 στεινότεραι

125 2913 282 2964 ποίηντο,
303 2916 411 2964 cujus
430 2917 517 2953 loco
534 2916 688 2965 vulgavi
700 2912 908 2962 πεποίηντο.
925 2915 1091 2951 Metrum
1111 2915 1185 2963 igi-

127 2983 190 3013 tur
206 2989 291 3013 non*
303 2983 450 3012 constat
468 2976 540 3012 nisi
555 2989 587 3011 οι
601 2974 847 3024 diphthongo
864 2981 950 3010 ante
965 2980 1187 3022 sequentem

125 3036 299 3072 vocalem
313 3051 337 3082 η
353 3043 530 3084 correpta
552 3047 597 3071 ac
618 3035 730 3071 simul
753 3035 967 3083 posteriore
986 3033 1129 3081 syllaba
1146 3031 1187 3069 in

126 3092 234 3146 πυρός
248 3102 407 3144 propter
420 3095 521 3131 arsin
533 3094 740 3143 producta.
761 3093 948 3133 Caeterum
967 3100 1151 3141 quantum
1167 3105 1187 3128 e
1210 3086 1214 3093 ’

80 3158 83 3161 “
129 3153 314 3203 Simplicii
331 3154 457 3191 verbis
474 3153 663 3202 conjicere
683 3153 795 3199 licet,
818 3153 855 3189 αἱ
876 3159 1023 3201 spectat
1050 3152 1099 3188 ad
1126 3165 1188 3187 co-

131 3225 242 3250 ronas
263 3212 565 3265 (στεφάνας)εἰνε
579 3213 692 3250 orbes
704 3214 844 3262 partim
859 3213 1026 3259 aetheria,
1046 3213 1186 3261 partim

130 3279 282 3309 terrena
310 3274 468 3309 materie
494 3273 746 3322 compositos,
774 3272 891 3310 alium
922 3284 1036 3319 supra
1071 3271 1185 3306 alium

131 3331 244 3378 sitos,
267 3332 408 3380 quibus
426 3332 614 3369 mundum
638 3340 814 3368 constare
827 3331 980 3380 putavit
1000 3330 1189 3365 Parmeni-

133 3389 199 3427 des
229 3397 267 3426 et
287 3403 452 3439 quorum
479 3392 520 3427 in
547 3390 676 3428 medio
697 3393 818 3428 Deam
850 3389 1011 3439 reperiri
1043 3395 1187 3424 naturae

131 3449 427 3487 moderatricem
451 3452 595 3489 statuit.
633 3452 718 3488 Huc
753 3451 946 3500 pertinent
980 3461 1063 3496 quae
1097 3448 1187 3484 Sto-

132 3508 235 3546 baeus
257 3510 334 3549 Ecl.
360 3510 470 3559 phys.
490 3511 521 3557 1,
542 3510 592 3548 23
613 3523 654 3560 p.
679 3510 755 3554 &82
786 3510 948 3546 servavit
970 3516 1007 3545 et
1034 3520 1118 3556 quae
1142 3507 1190 3543 de
1209 3497 1214 3532 l

1235 355 1268 386 et
1279 362 1353 394 quae
1365 353 1477 385 harum
1491 353 1642 393 potentiae
1654 357 1868 387 consentanca
1883 355 1947 387 linc
1963 358 1995 389 et
2006 356 2080 388 illuc
2095 357 2290 397 pertineant,

1198 430 1202 433 -
1236 422 1344 445 rerum
1360 413 1550 445 universitas
1562 413 1721 454 completa
1732 415 1780 445 est
1789 413 1885 445 simul
1897 414 1968 446 luce
1979 418 2010 446 et
2024 418 2117 447 nocte
2132 416 2271 447 obscura
2281 441 2290 456 ‚

1236 472 1414 514 aequalibus
1431 472 1515 505 inter
1534 481 1569 505 se
1587 472 1773 512 elementss,
1792 472 1944 512 quoniam
1977 473 2083 505 neutri
2111 474 2290 515 quidquam

1464 572 1483 589 ὴ
1756 572 1772 590 ᾖ
1819 530 1908 573 [cum
1929 531 2030 563 altero
2046 541 2218 589 gemmane
2233 536 2291 565 est.

1237 643 1444 685 Angustiores
1462 643 1548 676 enim
1571 643 1666 676 orbes
1679 644 1829 676 constant
1843 651 1883 677 ex
1901 644 1973 684 igne
1990 643 2098 675 minus
2116 653 2218 685 puro;

1237 703 1286 735 liis
1300 703 1440 744 subjecti
1454 712 1472 735 e
1491 705 1598 743 nocte,
1618 712 1715 745 quam
1731 703 1931 736 intervolitat
1948 703 2028 743 ignis
2045 712 2138 744 pars;

1236 765 1268 795 in
1283 763 1398 795 mediis
1419 763 1469 795 his
1483 765 1550 795 Dea
1564 765 1612 796 est
1625 772 1699 805 quae
1718 764 1834 795 cuncta
1852 763 2023 804 gubernat.

1237 823 1367 864 Ubique
1387 823 1474 855 enim
1490 822 1551 856 diri
1570 825 1680 864 partus
1696 823 1868 865 coitusque
1886 823 2030 855 effectrix

1236 881 1405 922 impellens
1420 881 1570 913 feminam
1589 883 1624 914 ut
1638 882 1717 913 mari
1731 884 1828 924 atque
1842 890 1860 914 e
1876 881 2037 913 contrario
2052 889 2165 912 rursus

1237 949 1362 972 marem
1383 942 1418 973 ut
1438 941 1565 973 feminae
1582 950 1616 973 se
1634 941 1779 974 misceat.

1467 1029 1485 1046 -k
1757 1029 1775 1045 -Q
2048 1028 2067 1045 ’ἱ

1239 1131 1468 1167 Parmenide
1495 1130 1658 1167 affirmat
1677 1132 1811 1168 Cicero
1827 1130 1874 1167 de
1897 1131 1987 1167 Nat.
2023 1131 2146 1168 Deor.
2173 1131 2204 1176 l,
2235 1143 2297 1168 11.

1240 1191 1367 1237 Quum
1381 1189 1417 1225 αἱ
1438 1189 1652 1241 στεινότεραι
1669 1191 1744 1226 sint
1769 1202 1922 1226 coronae
1943 1189 2179 1237 angustiores
2196 1218 2206 1239 ‚
2228 1189 2302 1225 du-

1240 1250 1347 1285 bium
1370 1249 1525 1285 videtur
1545 1257 1676 1285 utrum
1708 1262 1759 1285 eae
1787 1262 1871 1297 quae
1892 1249 1959 1284 lias
1973 1248 2169 1296 excipiunt
2188 1260 2304 1297 supra

1239 1309 1320 1344 illas
1334 1321 1382 1345 an
1401 1308 1498 1345 infra
1518 1310 1597 1345 sitae
1616 1310 1705 1347 sint.
1735 1308 1810 1345 Sed
1837 1308 1946 1356 prius
1969 1307 2066 1343 illud
2087 1308 2152 1343 vix
2175 1308 2305 1343 conci-

1239 1368 1327 1403 liari
1359 1381 1451 1405 cum
1481 1368 1719 1404 Parmenidis
1749 1368 1935 1404 sententia
1974 1367 2144 1415 poterit,
2189 1380 2304 1415 quem

1240 1426 1484 1463 manifestum
1504 1435 1557 1464 est
1574 1429 1625 1463 ita
1648 1427 1694 1464 de
1713 1427 1772 1464 his
1798 1427 1913 1463 rebus
1943 1426 2150 1472 disserere,
2169 1434 2212 1462 ut
2232 1438 2302 1462 or·-

1240 1487 1329 1523 bem
1347 1499 1571 1536 supremum
1589 1500 1756 1536 eumque
1779 1487 1907 1524 omnia
1923 1486 2138 1535 cingentem
2159 1483 2304 1534 οὐρανόν

1239 1547 1317 1582 sive
1328 1543 1488 1595 ὄλυμπον
1511 1544 1660 1598 ἔσχατον
1683 1547 1750 1597 (cf.
1770 1559 1808 1584 v.
1834 1545 1920 1596 141)
1939 1552 2068 1594 vocet,
2084 1545 2183 1581 infra
2200 1545 2304 1582 hunc

1241 1606 1478 1655 angustiores
1510 1607 1647 1653 orbes,
1682 1619 1780 1655 quos
1801 1607 1864 1642 hic
1892 1611 2188 1651 commemorat,
2219 1605 2305 1653 pri-

1240 1677 1346 1700 mum
1373 1666 1489 1712 lucis,
1508 1666 1648 1703 deinde
1665 1667 1790 1702 noctis
1805 1666 1973 1702 collocet
1989 1671 2105 1712 atque
2122 1665 2221 1700 inter
2236 1665 2306 1702 has

1240 1725 1404 1761 mediam
1434 1727 1577 1762 versari
1606 1728 1726 1763 Deam
1757 1725 1970 1775 perhibeat.
1999 1723 2056 1762 Cf.
2083 1722 2191 1762 Stob.
2224 1725 2250 1760 l.
2276 1725 2303 1762 l.

1240 1785 1432 1821 Plutarch.
1454 1785 1502 1821 de
1535 1786 1640 1823 Plac.
1662 1785 1759 1834 phil.
1783 1785 1837 1832 11,
1862 1797 1896 1831 7.
1922 1783 2053 1821 Galen.
2073 1783 2172 1821 Hist.
2204 1783 2302 1821 Phil.

1240 1857 1274 1880 c.
1296 1845 1365 1881 XI.
1385 1844 1522 1882 Euseh.
1543 1846 1664 1893 Praep.
1686 1844 1754 1882 EV.
1771 1844 1856 1888 XV,
1874 1842 1939 1880 38.
1954 1862 2009 1870 —
2024 1838 2131 1890 πυρὸς
2151 1839 2308 1893 ἀκρίτοιο

1240 1916 1318 1940 non
1337 1904 1491 1953 explico
1511 1904 1550 1941 h.
1572 1904 1595 1939 l.
1619 1908 1745 1952 ignem
1761 1915 1943 1951 magnum
1962 1908 2000 1938 et
2016 1904 2216 1948 ingentem,
2241 1901 2308 1937 sed

1242 1970 1284 1998 ut
1304 1964 1481 2013 plerique
1505 1964 1761 2013 interpretum
1789 1963 1999 1999 voluerunt
2020 1974 2095 1997 non
2113 1973 2247 2010 purum
2271 1968 2309 1996 et

1241 2022 1408 2059 tenebris
1430 2024 1605 2061 mixtum.

1296 2082 1343 2119 V.
1374 2082 1463 2120 128.
1487 2083 1522 2119 ἐν
1544 2080 1580 2119 δὲ
1603 2079 1701 2134 μέσῳ
1719 2079 1851 2119 τούτων
1884 2077 2059 2131 Δαίμων)
2085 2082 2307 2117 Daemonem

1240 2140 1454 2190 mundique
1479 2142 1646 2178 animam
1662 2154 1682 2178 a
1703 2140 1928 2178 Parmenide
1948 2138 2059 2186 Δίκην
2078 2147 2115 2176 et
2132 2138 2303 2189 Ἀνάγκην

1240 2201 1476 2236 nominatam
1522 2213 1601 2237 esse
1633 2200 1767 2250 prodit
1803 2199 1915 2237 Stob.
1948 2199 2030 2237 Ecl.
2065 2200 2098 2244 1,
2133 2211 2174 2247 p.
2217 2198 2309 2245 484,

1242 2257 1446 2310 Ἀφροδίτην
1469 2260 1661 2297 Plutarch.
1682 2259 1855 2296 Amator.
1880 2270 1942 2296 12.
1961 2258 2020 2295 Ex
2039 2270 2115 2307 qua
2132 2259 2300 2295 nominis

1244 2318 1502 2368 discrepantia
1534 2317 1799 2368 colligendum
1832 2318 1941 2353 nullo
1972 2318 2165 2353 vocabulo
2207 2318 2308 2354 hanc

1244 2378 1357 2414 deam
1372 2390 1394 2414 a
1412 2378 1647 2427 philosopho
1666 2377 1884 2426 insignitam
1900 2388 1994 2414 esse.

1298 2439 1342 2476 V.
1370 2450 1458 2486 129.
1479 2438 1555 2473 Pro
1579 2437 1733 2486 vulgata
1760 2434 1878 2472 πάντα
1897 2432 1966 2485 γὰρ
2001 2439 2182 2486 στυγεροῖο
2204 2437 2307 2472 Kar-

1242 2496 1384 2532 stenius
1404 2495 1513 2532 dedit
1528 2495 1644 2533 πάντα
1662 2493 1694 2545 γ’
1710 2493 1798 2546 ἄρα,
1820 2495 2008 2531 l‘rellerus
2027 2496 2067 2531 in
2086 2496 2184 2532 Hist.
2212 2496 2307 2543 phil.

1243 2568 1284 2604 p.
1309 2555 1359 2604 96
1381 2555 1512 2597 παντὸς
1536 2552 1604 2606 γὰρ
1639 2568 1758 2604 στυγ.;
1779 2554 1874 2590 mihi
1904 2554 2130 2603 ponendum
2155 2554 2311 2591 videtur

1215 2611 1218 2613 Δ
1244 2613 1361 2660 πάντη
1380 2614 1462 2666 γὰρ.
1484 2617 1564 2651 Dea
1582 2614 1820 2651 Parmenidis
1845 2615 2063 2663 appellatur
2085 2613 2178 2665 ἀρχή
2201 2615 2310 2650 simi—

1243 2676 1330 2711 liter
1360 2681 1475 2722 atque
1496 2674 1602 2724 apud
1633 2674 1832 2723 Orpheum
1863 2673 1961 2723 frag.
2000 2672 2045 2710 15
2075 2686 2112 2723 p.
2143 2672 2219 2710 508
2249 2673 2308 2710 ed.

1246 2735 1380 2771 Herm.
1401 2732 1488 2783 ἔρως
1507 2741 1669 2770 vocatur
1690 2731 1800 2783 μέγας
1821 2732 1928 2783 ἀρχὸς
1949 2730 2130 2771 ἁπάντων.

1299 2794 1344 2830 V.
1371 2792 1459 2830 130.
1478 2792 1596 2841 Apud
1617 2792 1856 2841 Simplicium
1876 2792 1938 2828 hic
1958 2804 2085 2828 versus
2103 2792 2155 2827 sic
2171 2791 2307 2827 scribi-

1246 2859 1308 2888 tur
1325 2862 1334 2887 :
1361 2850 1540 2900 πέμπουσ’
1567 2848 1688 2900 ἄρσενι
1709 2851 1795 2896 θῆλυ
1817 2850 1917 2901 μιγέν
1930 2881 1940 2898 ,
1960 2848 1999 2889 τό
2014 2851 2045 2887 τ’
2065 2849 2221 2887 ἐναντίον
2245 2842 2308 2887 αὗ-

1246 2913 1311 2953 θις.
1334 2911 1696 2948 Karstenius-edidit
1720 2909 1834 2961 μίγεν,
1853 2923 1926 2959 pro
1944 2909 2120 2961 ἐμίγησαν
2139 2910 2310 2958 positum

1245 2978 1398 3020 putans.
1419 2971 1528 3008 Idem
1548 2972 1608 3007 vir
1640 2970 1779 3007 doctus
1805 2968 1899 3021 ἀρχὴ
1923 2968 2116 3019 πέμπουσα
2142 2981 2215 3018 pro
2235 2981 2310 3004 no-

1245 3032 1431 3068 minativo
1461 3031 1638 3067 absoluto
1677 3031 1827 3079 accepit
1864 3031 1935 3066 hac
1969 3029 2260 3066 constructione
2297 3041 2307 3065 ε

1246 3090 1362 3129 πάντα
1382 3092 1444 3137 τῆς
1467 3092 1579 3142 ἀρχῆς
1597 3087 1807 3140 πεμπούσης
1828 3087 1929 3139 μίγεν
1948 3087 2166 3141 (ἐμίγησαν)
2187 3086 2308 3138 ἄρσενι

1247 3150 1334 3196 θῆλυ
1359 3165 1395 3188 κ.
1418 3165 1452 3188 τ.
1476 3151 1530 3198 λ.;
1552 3150 1618 3187 sed
1639 3151 1679 3186 in
1699 3150 1979 3186 commentario
2009 3149 2107 3185 hanc
2128 3147 2307 3184 emenda-

1246 3212 1389 3247 tionem
1410 3211 1614 3260 proposuit
1637 3221 1646 3248 :
1674 3207 1794 3259 πέμπε
1818 3207 1880 3247 σὺν
1902 3206 2021 3259 ἄρσενι
2042 3206 2132 3253 θῆλυ
2155 3208 2309 3256 μιγῆναι

1248 3269 1388 3306 ἐναντία
1403 3269 1432 3306 τ’
1445 3262 1556 3312 αὖθις.
1577 3272 1630 3306 Ex
1649 3271 1719 3306 hac
1740 3269 2010 3306 emendatione
2023 3268 2140 3304 verba
2162 3267 2309 3316 μιγῆναι

1247 3327 1386 3368 ἐναντία
1422 3328 1454 3366 τ’
1483 3343 1570 3366 cum
1599 3329 1768 3366 Prellero
1801 3329 1828 3365 l.
1858 3341 1893 3368 c.
1922 3327 2124 3377 probanda
2160 3326 2302 3362 censui.

1248 3390 1370 3426 Porro
1385 3396 1562 3426 notamus
1574 3386 1768 3436 πέμπουσ’.
1779 3388 1955 3437 ..μιγῆναι
1969 3395 2072 3423 recte
2090 3385 2303 3433 comparari

1249 3461 1270 3486 a
1280 3450 1484 3485 Karstenio
1493 3462 1579 3485 cum
1591 3448 1770 3496 junctura
1782 3447 1987 3484 Homerica
1998 3447 2042 3482 ll.
2058 3459 2092 3490 α,
2106 3444 2150 3481 8:
2166 3441 2305 3487 ξυνέηκε

1252 3506 1445 3558 μάχεσθαι.
1460 3511 1516 3545 De
1532 3509 1682 3556 reliquo
1695 3507 1942 3556 participium
1956 3502 2131 3553 πέμπουσ’
2145 3502 2234 3537 idco
2249 3513 2306 3536 su·
