2612 3814
307 275 380 310 316

381 355 414 392 Τ
419 355 649 394 heodoretus
692 354 872 408 εὑρήσετε.
912 356 1092 406 Denique
1136 354 1353 406 ἀνεξεόρετον

381 415 544 466 scripsi,
563 423 604 453 ut
631 423 688 453 est
709 414 811 466 apud
831 414 1099 466 Thucydidem
1123 415 1194 453 lib.
1215 414 1287 462 lll,
1306 415 1352 462 87

381 482 416 511 et
437 473 548 520 alibi,
563 482 692 525 spreta
709 473 743 511 T
747 473 946 512 heodoreti
968 474 1145 512 codicum
1164 474 1355 524 scriptura

383 531 608 585 ἀνεξεύρητον
647 540 685 571 et
718 531 930 570 Clementis
966 532 1131 570 lectione
1177 530 1355 584 ἀνεξερεύ-

380 594 514 641 νητον.)

328 663 359 689 s.
382 650 522 703 Χρυσὸν
557 649 624 703 γὰρ
658 651 689 689 οἱ
732 650 931 700 διζήμενοι,
965 649 1068 703 φησὶν
1100 648 1352 701 Ἡράκλειτος,

381 714 446 763 γῆν
470 710 604 756 πολλὴν
624 708 834 762 ὀρύσσουσι,
855 709 913 747 καὶ
935 707 1132 761 εὑρίσκουσι
1150 707 1280 758 ὀλίγον.

437 769 628 823 (Clemens
649 769 791 808 Strom.
819 767 882 815 lV,
904 782 924 805 2
948 782 987 820 p.
1012 767 1088 806 565
1106 776 1143 806 et
1170 767 1354 805 Theodo-

383 838 486 867 retus
504 829 581 868 vol.
607 827 658 867 1v
678 840 765 879 pag.
791 827 895 878 716.)

327 903 358 928 9.
383 888 555 927 Δοκέοντα
576 885 644 939 γὰρ
663 890 681 926 ὁ
701 885 938 937 δοκιμώτατος
958 884 1123 936 γινώσκει
1150 884 1354 939 φυλάσσειν·

383 946 442 985 καὶ
463 945 579 997 μέντοι
600 944 660 983 καὶ
678 943 756 992 δίκη
777 944 1022 998 καταλήψεται
1039 945 1176 997 ψευδῶν
1193 942 1356 988 τέκτονας

382 1006 439 1043 καὶ
461 1004 663 1057 μάρτυρας,
683 1005 701 1042 ὁ
721 1002 884 1056 Ἐφέσιός
902 1019 1022 1056 φησιν.

435 1061 625 1112 (Clemens
643 1061 788 1101 Strom.
808 1061 875 1109 vl,
899 1076 912 1100 1
935 1076 974 1114 p.
999 1064 1088 1113 649.
1109 1061 1355 1101 Membrana-

383 1134 467 1158 rum
511 1120 743 1172 scripturam
784 1120 973 1160 δοκεόντων
1012 1121 1189 1160 converti
1223 1121 1266 1159 in
1298 1122 1356 1159 δο-

382 1178 536 1230 κέοντα.)

316 1250 363 1276 10.
385 1237 544 1277 Σίὸυλλα
563 1236 600 1276 δὲ
619 1237 821 1291 μαινομένῳ
851 1237 1002 1288 στόματι
1027 1240 1106 1278 καθ’
1127 1237 1356 1291 Ἠράκλειτον

383 1296 562 1345 ἀγέλαστα
582 1296 642 1334 καὶ
663 1296 920 1335 ἀκαλλώπιστα
949 1297 1011 1335 καὶ
1041 1297 1219 1351 ἀμύριστα
1253 1300 1358 1350 φθεγ-

382 1355 513 1406 γομένη
542 1355 666 1408 χιλίων
698 1358 784 1394 ἐτῶν
815 1355 997 1401 ἐξικνεῖται
1028 1359 1072 1409 τῇ
1104 1360 1201 1410 φωνῇ
1222 1356 1278 1396 διὰ
1300 1357 1358 1396 τὸν

383 1415 472 1454 θεόν.

437 1473 680 1527 (Plutarchus
701 1473 750 1512 de
772 1473 884 1525 Pyth.
906 1487 1011 1515 orac.
1033 1486 1117 1526 cap.
1141 1469 1187 1522 6,
1201 1475 1282 1514 vol.
1304 1474 1358 1512 IX

383 1547 424 1583 p.
441 1533 533 1580 257.
549 1531 745 1584 Spectavit
758 1533 862 1571 hunc
875 1533 1003 1572 locum
1022 1533 1198 1571 Clemens
1212 1533 1356 1573 Strom.

384 1591 416 1637 I,
444 1591 487 1628 15
511 1604 550 1642 p.
574 1591 649 1628 358
673 1605 681 1628 ε
710 1590 938 1643 Ἡράκλειτος
957 1591 1025 1643 γὰρ
1048 1593 1110 1630 οὐκ
1136 1591 1360 1644 ἀνθρωπίνως

386 1648 504 1702 φησίν,
528 1648 619 1688 ἀλλὰ
639 1648 700 1687 σὺν
721 1652 787 1703 θεῷ
809 1652 941 1701 μᾶλλον
963 1649 1142 1698 Σιὸύλλην
1162 1650 1356 1704 πεφάνθαι,

386 1709 476 1746 item
496 1707 732 1748 lamblichus
753 1710 801 1748 de
826 1709 941 1761 Myst.
963 1718 1056 1749 sect.
1082 1710 1102 1748 3
1125 1723 1210 1761 cap.
1232 1710 1322 1748 VIII
1348 1725 1356 1748 :

383 1765 443 1805 καὶ
471 1766 593 1819 λόγους
625 1765 688 1815 μὲν
720 1768 934 1821 προϊεμένη,
955 1770 993 1807 ου
1021 1767 1112 1819 μετὰ
1141 1769 1293 1814 διανοίας
1324 1768 1360 1808 δὲ

383 1827 452 1864 τῶν
468 1826 652 1877 λεγόντων,
671 1826 762 1865 ἀλλὰ
781 1827 982 1880 μαινομένῳ
1002 1827 1087 1882 φασὶ
1107 1827 1287 1881 στόματι.)

309 1898 354 1924 n.
380 1878 496 1935 Οἶμαι
520 1885 556 1923 δέ
574 1901 611 1924 σε
628 1884 812 1936 γινώσκειν
837 1886 878 1925 τὸ
897 1886 981 1958 παρ’
997 1886 1231 1939 Ἡρακλείτου
1259 1887 1362 1939 λεγό-

388 1958 507 1993 μενον,
529 1945 575 1988 ὡς
594 1937 685 1989 ωναξ
706 1939 744 1983 οὗ
761 1945 800 1983 τὸ
817 1946 979 1996 μαντεῖόν
999 1948 1072 1984 ἐστι
1098 1946 1136 1985 τὸ
1162 1949 1196 1985 ἕν
1216 1950 1364 2001 Δελφοῖς

389 2000 468 2040 οὔτε
484 2002 606 2054 λέγει,
629 2002 707 2042 οὔτε
727 2002 898 2057 κρύπτει,
916 2003 1007 2042 ἀλλὰ
1027 2005 1206 2056 σημαίνει.

441 2061 684 2109 (Plutarchus
706 2062 753 2100 de
769 2062 881 2113 Pyth.
896 2076 1000 2104 orac.
1021 2077 1107 2116 cap.
1128 2079 1192 2112 21,
1208 2066 1287 2105 vol.
1310 2065 1363 2104 lX

386 2133 426 2171 p.
452 2121 524 2158 281
561 2133 644 2172 seq.
671 2121 816 2160 Addidi
837 2137 876 2160 σε
896 2136 982 2160 cum
1012 2123 1169 2163 Reiskio
1194 2133 1231 2162 et
1250 2123 1363 2178 Ἡρα-

388 2178 547 2231 κλείτῳ
537 2193 577 2217 1n
599 2179 831 2231 Ἡρακλείτου
851 2180 1033 2235 mutavi.)

311 2249 358 2277 12.
381 2230 510 2277 Οἰδα’
494 2236 563 2290 εγὼ
594 2238 653 2277 καὶ
683 2238 859 2278 Πλάτωνα
879 2243 1219 2293 προσμαρτυροῦντα
1248 2241 1364 2294 ἹΙρα-

389 2295 515 2349 κλείτῳ
546 2297 749 2350 γράφοντια
733 2297 835 2338 «ὁΕν
855 2315 894 2337 το
913 2300 1018 2353 σοφὸν
1052 2315 1177 2350 μουνον
1203 2300 1365 2352 λέγεσθαι

391 2355 500 2393 ἐθέλει
516 2371 576 2394 και
596 2357 660 2395 οὔκ
678 2356 787 2396 ἐθέλει
804 2357 916 2404 Ζηνος
935 2358 1115 2409 οὐνόματι.
1140 2375 1155 2394 ν

444 2413 638 2465 (Clemens
659 2414 805 2456 Strom.
825 2416 872 2464 V,
893 2423 936 2462 ¹4
959 2432 999 2469 p.
1022 2420 1097 2466 718
1117 2427 1155 2456 et
1175 2417 1367 2457 Eusebius

390 2472 517 2524 Praep.
536 2474 683 2525 Evang.
703 2475 812 2524 XIII,
830 2477 890 2516 13.
905 2477 1053 2527 Scripsi
1072 2478 1239 2528 οὐνόματι
1254 2477 1367 2528 cujus

393 2531 478 2570 loco
502 2533 604 2584 apud
622 2533 856 2574 Clementem
872 2545 995 2575 exstat
1013 2535 1149 2588 ὄνομα,
1168 2537 1271 2589 apud
1293 2537 1367 2575 Eu·

394 2590 542 2629 sebium
563 2592 604 2630 in
625 2592 757 2631 codice
772 2594 986 2634 Parisiensi
1006 2594 1167 2647 οὔνομα.)

357 2721 390 2753 8.
414 2722 494 2753 Nam
521 2722 575 2762 qui
603 2730 717 2755 aurum
744 2727 912 2764 quaerunt,
933 2726 1038 2767 inquit
1055 2727 1258 2769 Heraclitus,
1282 2728 1369 2760 mul-

316 2778 389 2811 tum
417 2779 483 2819 agri
517 2780 694 2815 suffodiunt
714 2791 773 2815 nec
791 2784 851 2816 nisi
876 2785 1108 2826 aliquantulum
1135 2786 1255 2819 metalli
1275 2786 1366 2820 inve-

318 2837 423 2870 niunt.

362 2901 394 2929 9.
419 2895 544 2929 Etenim
573 2897 815 2938 probatissimus
839 2900 977 2943 quisque
1000 2911 1037 2935 ea
1065 2912 1138 2944 quac
1157 2903 1217 2944 ipsi
1244 2904 1372 2946 placent

320 2954 402 2987 tueri
435 2955 567 2997 statuit,
598 2957 695 2998 atque
715 2958 810 2990 etiam
840 2968 934 3000 poena
967 2960 1159 3002 irrogabitur
1187 2963 1372 2996 mendacio-

323 3021 395 3046 rum
430 3014 618 3048 auctoribus
646 3025 684 3048 ac
722 3018 746 3049 t«
755 3017 879 3059 stibus,
912 3020 1183 3060 quemadmodum
1215 3022 1372 3063 Ephesius

321 3072 409 3105 dicit.

366 3133 415 3163 10.
442 3132 480 3163 At
499 3131 618 3174 Sibylla
637 3132 761 3166 furente
777 3143 850 3174 ore,
871 3138 908 3167 ut
927 3135 970 3168 ait
988 3137 1182 3178 Heraclitus,
1203 3139 1302 3180 risus,
1319 3149 1372 3172 or-

322 3191 417 3223 natus
434 3195 464 3224 et
482 3192 545 3224 suci
565 3194 707 3234 expertia
722 3202 838 3227 sonans
856 3194 906 3228 dei
924 3195 1076 3229 beneficio
1097 3207 1208 3231 vocem
1227 3199 1269 3232 ad
1287 3200 1373 3233 mille

324 3257 425 3282 annos
443 3250 622 3284 continuat.

369 3311 418 3342 11.
440 3310 523 3342 Puto
549 3311 658 3343 autem
684 3314 714 3344 te
733 3311 905 3353 intelligere
927 3313 958 3345 ld
975 3313 1061 3355 quod
1081 3314 1121 3346 ab
1144 3315 1306 3349 Heraclito
1325 3319 1374 3350 est

324 3367 463 3409 dictum,
485 3377 591 3410 regem
611 3369 703 3410 cujus
721 3371 887 3404 oraculum
907 3372 1102 3414 Delphicum
1121 3377 1171 3406 est
1193 3383 1298 3417 neque
1324 3375 1374 3408 di-

324 3434 414 3467 cere,
435 3436 538 3469 neque
554 3429 735 3470 occultare,
750 3430 805 3462 sed
823 3431 1013 3471 significare.

370 3490 419 3519 12.
444 3487 518 3521 Scio
546 3488 694 3529 equidem
714 3490 811 3523 etiam
839 3491 1004 3524 Platonem
1032 3492 1196 3534 astipulari
1215 3495 1375 3527 Heraclito

1040 267 1325 307 HERACLlTI
1356 265 1696 306 FRAGMENTA.

1431 367 1476 392 1³.
1500 349 1606 392 Ἀλλὰ
1623 350 1667 389 τὰ
1689 350 1752 402 μὲν
1772 353 1835 398 τῆς
1852 349 1999 403 γνώσιος
2016 350 2125 403 βάθεα
2145 349 2311 403 κρύπτειν
2327 351 2475 402 ἀπιστίη

1497 409 1612 463 ἀγαθὴ
1633 411 1713 449 καθ’
1732 409 1978 463 Ἡράκλειτον·
1997 410 2142 459 ἀπιστίη
2162 410 2231 461 γὰρ
2248 411 2477 465 διαφυγγάνει
2538 454 2539 457 Ἰ

1498 469 1548 521 μὴ
1565 468 1814 521 γινώσκεσθαι.
2538 467 2541 510 J

1553 529 1745 583 (Clemens
1778 529 1920 568 Strom.
1951 528 1998 577 V,
2037 529 2082 567 13
2120 542 2161 582 p.
2191 530 2285 581 699.
2312 529 2478 571 Restitui

1497 589 1644 640 γνώσιος
1671 588 1803 642 βάθεας
1836 589 1952 628 codd.
1982 588 2143 639 γνώσεως
2164 587 2268 641 βάθη.
2298 588 2477 636 Quorum

1498 647 1711 686 verborum
1740 661 1874 687 sensus
1898 648 2056 686 videtur
2074 647 2140 687 hic
2159 661 2257 688 esse.
2288 648 2391 687 Bene
2417 648 2478 688 fa-

1498 707 1607 745 ciunt
1632 707 1771 759 optimi
1792 707 1940 758 quique
1967 706 2220 759 philosophi,
2244 706 2350 759 quod
2370 706 2478 760 plebi

1498 775 1535 804 et
1550 765 1750 818 plerisque
1763 764 1991 804 hominibus
2007 764 2227 805 diffidentes
2246 766 2478 806 interiorem

1500 838 1632 863 rerum
1662 825 1887 863 divinarum
1917 823 2257 876 humanarumque
2285 825 2479 876 cognitio-

1502 897 1590 922 nem
1621 884 1790 922 maxime
1825 883 2074 921 dissimulant
2109 891 2226 935 atque
2259 883 2477 931 occultant,

1502 943 1653 981 etiamsi
1692 943 1792 981 hanc
1829 941 2181 981 dissimulationem
2214 941 2474 997 animadverti

1500 1001 1663 1052 vident.)

1435 1073 1480 1100 14.
1503 1059 1715 1110 Πολυμαθίη
1754 1059 1831 1099 νόον
1868 1061 1905 1099 οὗ
1938 1061 1991 1099 διδ
1973 1060 2111 1101 ἄσκει.
2139 1059 2306 1100 Ἡσίοδον
2336 1060 2407 1115 γὰρ
2435 1060 2480 1102 ἂν

1500 1119 1633 1165 ἐδίδαξε
1650 1119 1711 1158 καὶ
1730 1119 1955 1173 Πυθαγόρην,
1976 1113 2073 1164 αυτίς
2089 1136 2182 1159 τε..
2148 1119 2351 1174 Ξενοφάνεά
2366 1135 2405 1161 τι
2417 1120 2480 1161 καὶ

1501 1178 1712 1218 Ἑκαταῖον.

1555 1238 1762 1292 (Diogenes
1799 1237 1977 1278 Laertius
2008 1237 2082 1278 lib.
2117 1237 2186 1287 IX,
2231 1251 2267 1278 1.
2289 1237 2482 1278 Similiter

1503 1296 1710 1336 Athenaeus
1728 1296 1799 1337 lib.
1816 1296 1969 1350 xlllp.
1992 1298 2070 1337 610
2099 1311 2109 1337 ε
2141 1295 2248 1336 Ἀλλὰ
2275 1295 2337 1337 καὶ
2366 1295 2484 1351 Ἡρά-

1499 1357 1634 1401 κλειτος
1654 1357 1672 1394 ὁ
1692 1355 1781 1400 θεῖός
1798 1371 1932 1409 φησι-α
1917 1356 2046 1395 «Πουλ
2039 1372 2098 1407 υμ
2101 1358 2166 1403 αθῆ
2188 1356 2276 1410 (leg.
2298 1356 2485 1407 πουλυμα-

1502 1414 1570 1466 θίη)
1585 1415 1662 1454 νόον
1681 1414 1773 1467 ἔχειν
1794 1415 1833 1454 οὗ
1852 1414 2060 1455 διδάσκει.
2079 1414 2127 1453 Et
2142 1414 2323 1454 Clemens
2337 1413 2482 1455 Strom.

1503 1473 1533 1521 l,
1558 1488 1605 1526 19
1624 1488 1665 1526 p.
1689 1475 1737 1523 37
1743 1475 1798 1512 3:
1821 1472 1899 1527 ᾔδει
1918 1473 2006 1526 γάρ,
2028 1467 2148 1525 οἶμαι,
2168 1475 2214 1517 ὣς
2236 1472 2306 1526 ἄρα
2324 1472 2394 1522 ἤδη
2412 1489 2483 1513 πο-

1502 1535 1645 1581 λυμαθη
1674 1532 1749 1571 νόον
1776 1531 1871 1586 ἔχει·
1895 1531 1914 1571 ὃ
1942 1532 2100 1571 δίδασκει
2133 1531 2214 1572 καθ’
2232 1531 2482 1586 Ἡράκλειτον,
2541 1570 2545 1572 .

1503 1591 1574 1631 ubi
1592 1592 1722 1630 'deleto
1741 1591 1864 1630 verbo
1879 1589 1953 1645 ἔχει
1968 1591 2264 1631 rescribendum
2279 1591 2483 1642 πολυμαθίη

1502 1651 1579 1691 νόον
1612 1653 1651 1691 οὗ
1681 1651 1851 1691 διδάσκει.
1886 1651 2012 1690 Aliter
2042 1651 2208 1690 Proclus
2238 1650 2282 1690 in
2308 1650 2485 1692 Platonis

1502 1711 1608 1751 Tim.
1624 1725 1664 1763 p.
1678 1711 1723 1748 31
1743 1710 1799 1763 (p.
1822 1724 1870 1759 72
1886 1710 1950 1749 ed.
1966 1709 2208 1763 Schneider.)
2229 1722 2238 1750 τ
2259 1708 2297 1749 τί
2313 1708 2381 1762 γὰρ
2401 1713 2485 1750 θαυ-

1504 1769 1639 1821 μαστὸν
1661 1772 1684 1817 ἡ
1713 1771 1785 1807 τῶν
1804 1767 1997 1822 γεγονότων
2021 1770 2164 1820 γνῶσις;
2186 1768 2387 1820 πολυμαθίη
2406 1768 2484 1809 νόον

1504 1829 1542 1867 οὗ
1557 1827 1652 1882 φύει,
1662 1827 1766 1882 φησὶν
1785 1830 1802 1866 ὁ
1818 1833 1974 1881 γενναῖος
1987 1826 2229 1880 Ἡράκλειτος.
2245 1827 2484 1867 Heraclitum

1504 1888 1734 1940 Pythagorae
1755 1887 1991 1929 mentionem
2010 1889 2052 1926 in
2071 1885 2177 1925 libro
2193 1886 2242 1925 de
2262 1899 2396 1926 rerum
2414 1899 2484 1926 na-

1505 1956 1591 1986 tura
1608 1947 1758 1996 fecisse,
1775 1948 2005 1986 testificatur
2017 1947 2132 1986 etiam
2148 1946 2328 1986 Clemens
2343 1946 2475 1986 Strom

1506 2007 1540 2055 I,
1564 2021 1609 2045 21
1632 2020 1673 2059 p.
1700 2007 1778 2058 396
1799 2021 1808 2045 z
1828 2006 2060 2059 Ἡράκλειτος
2088 2005 2158 2058 γὰρ
2192 2003 2485 2058 μεταγενέστερος
2543 2000 2547 2004 ’

1506 2065 1554 2104 ὢν
1591 2066 1797 2119 Πυθαγόρου
1830 2065 2007 2117 μέμνηται
2042 2066 2148 2104 αὐτοῦ
2175 2065 2210 2103 ἐν
2235 2067 2285 2119 τῷ
2302 2064 2485 2117 συγγράμ-

1507 2141 1606 2176 ματι.
1627 2125 1817 2163 Caeterum
1842 2125 1975 2163 confer
1993 2124 2208 2163 Democriti
2234 2123 2374 2175 fragm.
2397 2137 2485 2162 ino-

1507 2185 1713 2236 ral.141.)

1440 2257 1486 2282 15.
1503 2242 1736 2295 “Ηροίκλειτος
1751 2244 1834 2294 γοῦν
1854 2244 1873 2280 ὁ
1892 2240 2035 2294 φυσικὸς
2053 2218 2236 2292 μονονουχὶ,
2254 2239 2404 2292 κέκραγε
2425 2239 2487 2279 καί

1510 2317 1618 2356 φησι,
1641 2299 1889 2354 «Πυθαγόρης
1910 2299 2132 2352 Μνησάρχου
2165 2297 2323 2351 ἱστορίην
2347 2297 2486 2346 ἤσκησε

1510 2343 1701 2413 ἀνθρώπων
1712 2360 1868 2411 μάλιστα
1881 2360 2038 2411 πάντων,
2047 2374 2108 2397 και
2119 2357 2348 2409 ἐκλεξάμενος
2356 2357 2487 2402 ταύτας

1510 2419 1573 2464 τὰς
1589 2419 1793 2472 συγγραφὰς
1813 2417 2004 2466 ἐποιήσατο
2029 2419 2152 2457 ἑαυτοῦ
2177 2419 2301 2470 σοφίην
2319 2417 2484 2468 πολυμα-

1511 2478 1603 2526 θίην,
1625 2476 1871 2531 κακοτεχνίην.
1895 2493 1912 2510 »

1565 2537 1774 2587 (Diogenes
1795 2536 1970 2574 Laertius
1986 2535 2059 2575 lib.
2073 2535 2187 2584 VIII,
2205 2535 2315 2576 6.·De
2333 2534 2488 2586 reliquo

1510 2597 1580 2635 vix
1596 2595 1782 2634 Heracliti
1803 2603 1893 2634 sunt
1912 2595 2112 2634 sententiae
2132 2608 2216 2645 quae
2238 2593 2280 2632 in
2299 2593 2484 2644 Florileg.

1431 2729 1582 2761 scribenti
1604 2741 1611 2762 2
1631 2742 1647 2757 «ι
1667 2728 1763 2767 Quod
1783 2737 1883 2761 unum
1911 2729 2037 2769 sapiens
2058 2729 2105 2760 est
2123 2727 2229 2760 sotum
2253 2727 2344 2760 Jovis
2360 2725 2488 2760 nomine

1432 2787 1584 2829 appellari
1603 2788 1706 2828 potest
1720 2790 1753 2818 et
1765 2796 1828 2819 non
1846 2788 1961 2827 potest.
1982 2800 1998 2815 ι»

1478 2849 1526 2879 13.
1551 2846 1613 2878 Sed
1633 2846 1817 2878 abditarum
1840 2855 1947 2877 rerum
1973 2845 2186 2886 cognitionem
2212 2844 2315 2876 celare
2333 2843 2418 2876 bona
2435 2851 2487 2877 so·
2513 2865 2518 2869 ·

1433 2905 1576 2938 cundum
1606 2904 1804 2938 Heraclitum
1821 2903 1999 2936 dissidentia
2031 2905 2096 2943 est;
2126 2911 2200 2934 nam
2225 2902 2404 2935 diffidentia
2422 2911 2486 2936 non

1433 2963 1540 3006 potest
1556 2972 1620 2995 non
1638 2962 1861 2995 animadverti.

1477 3024 1527 3055 14.
1551 3024 1668 3068 Magna
1684 3021 1836 3064 variaque
1855 3021 1993 3054 eruditio
2008 3021 2147 3053 mentem
2165 3029 2228 3052 non
2248 3019 2352 3053 docet.
2371 3020 2487 3053 Hesio·

1432 3082 1510 3114 dum
1521 3081 1607 3114 enim
1620 3079 1782 3113 docuisset
1791 3081 1823 3113 et
1833 3080 2058 3121 Pythagoram,
2070 3088 2245 3121 rursusque
2256 3079 2487 3120 Xenophanem

1433 3145 1530 3182 atque
1550 3142 1751 3173 Hecataeum.

1478 3203 1527 3232 15.
1553 3200 1635 3232 Nam
1654 3197 1835 3231 Heraclitus
1851 3196 2003 3238 physicus
2020 3197 2146 3229 tantum
2163 3205 2227 3229 non
2240 3196 2390 3229 contenta
2410 3203 2488 3229 voce

1433 3258 1478 3291 ait
1507 3267 1517 3290 :
1548 3271 1565 3286 «ι
1594 3257 1801 3299 Pythagoras,
1824 3255 2003 3288 Mnesarchi
2035 3255 2131 3296 filius,
2147 3254 2293 3287 omnium
2320 3253 2488 3287 hominum

1434 3318 1574 3351 maxime
1593 3319 1626 3350 in
1642 3318 1819 3350 litterarum
1839 3315 1946 3348 studio
1973 3318 2123 3348 versatus
2146 3319 2215 3355 est,
2235 3321 2403 3356 quumque
2417 3313 2490 3347 hoeo

1434 3387 1452 3411 e
1469 3386 1583 3419 magno
1597 3385 1731 3410 numero
1747 3375 1867 3417 scripta
1883 3374 2069 3416 delegisset,
2081 3384 2139 3416 pro
2154 3374 2309 3415 sapientia
2323 3373 2383 3406 sibi
2396 3381 2488 3406 com·

1436 3437 1560 3479 paravit
1576 3436 1695 3470 variam
1711 3434 1922 3482 eruditionem
1937 3434 2120 3476 malamque
2132 3435 2243 3467 artem.
2260 3445 2278 3463 ι
