2612 3814
1052 287 1395 333 FRAGMENTA.

136 367 360 417 μαστεύηται
382 371 400 408 ὁ
418 368 539 421 λόγος,
565 368 646 408 ποτὶ
665 369 705 409 τὸ
728 372 850 411 νοατὸν
871 373 1100 427 ποτιὸάλλει,
1120 375 1186 416 ὅκα

135 424 171 463 δὲ
192 425 275 480 περὶ
307 428 482 465 αἷσθατῶν
499 456 511 474 ,
529 427 611 466 ποτὶ
639 428 679 466 τὸ
700 430 883 471 αἷσθατόν.
942 432 1015 472 Καὶ
1036 434 1080 472 δι’
1103 435 1187 474 αὐτὸ

133 484 389 538 ψευδογραφίαι
409 486 444 523 ἐν
458 485 632 540 γαμετρίᾳ
645 486 737 526 κατὰ
753 489 924 541 σχήματα
945 491 1005 530 καὶ
1023 492 1189 545 ἀριθμοὺς

134 547 360 603 ἐμφαίνονται
371 579 383 598 ,
405 550 614 601 αἰτιολογίαν.
630 550 667 590 δὲ
684 552 744 591 καὶ
770 554 999 607 εἷκοτολογίαι
1015 557 1050 595 ἐν
1068 571 1189 610 φυσιο-

133 607 237 663 λογίᾳ
251 608 311 647 καὶ
328 609 492 662 πολιτικᾷ
503 609 596 648 κατὰ
613 609 749 662 γένεσιν
762 612 823 651 καὶ
836 612 999 666 πράξιας.
1054 614 1108 655 Τὸ
1125 615 1188 667 μὲν

133 665 202 719 γὰρ
225 666 278 706 ὅτι
311 669 346 706 ἐν
377 667 511 721 διπλόῳ
541 668 633 722 λόγῳ
655 670 806 723 ἁρμονία
832 673 1021 725 τυγχάνει,
1043 674 1124 714 ποτὶ
1150 675 1190 715 τὸ

133 725 257 765 νοατὸν
276 726 501 766 ποτιὸάλλων
519 730 538 767 ὁ
555 729 659 780 λόγος
672 729 854 782 γινώσκει·
870 731 910 770 τὸ
925 733 955 771 δ’
975 731 1028 771 ὅτι
1048 749 1190 788 συμφω-

135 786 189 823 νεῒ
207 787 226 824 ὁ
256 785 395 830 διπλόος
414 786 540 838 λόγος,
568 787 626 826 διὰ
655 794 718 833 τᾶς
737 790 916 834 αἰσθάσιος
942 792 1190 846 ἐπιμαρτυρεῖ·

131 859 205 884 ται.
264 843 335 884 Καὶ
361 847 430 883 τῶν
451 847 661 899 μαχανικῶν
685 846 722 886 δὲ
735 847 790 887 τοὶ
814 847 912 901 λόγοι
943 849 1057 889 ποττὰ
1081 851 1190 890 νοατὰ

131 902 404 944 ποτιὸάλλονται
423 904 595 957 σχήματα
615 906 675 944 καὶ
704 906 861 960 ἀριθμὼς
891 908 951 947 καὶ
975 910 1164 964 ἀναλογίας
1177 941 1188 960 ,

131 961 176 1000 τὰ
190 961 227 1001 δὲ
247 963 524 1013 ἀποτελέσματα
542 965 625 1004 ποτὶ
650 965 696 1004 τὰ
728 966 900 1005 αἷσθατά·
920 967 995 1018 μεθ’
1011 967 1095 1013 ὕλας
1122 969 1190 1022 γὰρ

131 1023 242 1059 ταῦτα
259 1023 439 1075 θεωρεῖται
462 1023 522 1061 καὶ
537 1023 705 1068 κινάσιος.
765 1024 917 1065 Καθόλω
942 1025 978 1064 δὲ
1005 1027 1190 1079 ἀμάχανον

131 1082 270 1132 γνῶμεν
293 1081 332 1120 τὸ
349 1080 406 1120 διὰ
426 1080 461 1120 τί
488 1083 523 1120 ἐν
543 1081 705 1134 ἑκάστῳ,
723 1083 773 1135 μὴ
793 1084 996 1136 προειδότας
1011 1086 1052 1124 τὸ
1071 1086 1105 1124 τί
1121 1088 1191 1125 ἐντι

133 1137 298 1180 ἕκαστον.
359 1142 390 1180 Κ
396 1140 526 1194 ρίνεται
544 1141 580 1180 δὲ
597 1141 636 1181 τὸ
651 1140 714 1192 μὲν
730 1142 764 1180 τί
784 1143 856 1182 ἐντι
870 1143 1016 1183 ἕκαστον
1031 1146 1100 1183 τῶν
1117 1145 1191 1183 ἐόν-

134 1213 203 1236 των
224 1201 274 1252 τῷ
297 1198 382 1252 νόῳ·
410 1199 450 1238 τὸ
474 1201 510 1239 δὲ
539 1200 595 1239 διὰ
626 1200 690 1239 τίἓι
722 1202 811 1250 ἕντι,
833 1200 856 1250 ἢ
879 1202 934 1243 ὅτι
962 1202 1071 1248 οὕτως
1097 1207 1191 1257 ἔχει,

132 1256 227 1310 λόγῳ
246 1257 307 1296 καὶ
330 1258 511 1298 αἷσθάσιὺ·
532 1260 627 1313 λόγῳ
650 1258 713 1311 μέν
726 1290 736 1310 ,
750 1260 817 1300 ὅκα
837 1261 939 1307 δεῖξίν
964 1278 1055 1307 τινος
1070 1264 1190 1314 σαμά-

130 1331 244 1367 νωμεν
272 1316 330 1355 διὰ
355 1319 605 1370 συλλογισμῶ,
626 1319 846 1373 ὑπάρχοντος
880 1320 914 1366 ἐξ
938 1321 1113 1374 ἀνάγκας,
1135 1324 1192 1361 αἷ-

134 1373 238 1412 σθάσι
258 1374 319 1423 δέ,
356 1374 422 1413 ὅκα
456 1377 781 1430 ἕπιμαρτυρώμεθα
807 1379 866 1418 τὸν
900 1378 1003 1432 λόγον
1045 1380 1104 1418 διὰ
1130 1387 1192 1424 τᾶς

134 1432 325 1478 αἷσθάσιος.

189 1491 392 1543 (Stobaeus
419 1494 551 1545 Eclog.
573 1494 645 1534 lib.
667 1496 684 1534 l
709 1509 793 1548 cap.
815 1497 865 1536 35
884 1511 973 1550 pag.
999 1500 1075 1537 283
1106 1512 1189 1550 seq.

133 1550 196 1591 ed.
219 1551 339 1591 Gaisf.
358 1552 509 1604 Scripsi
542 1567 550 1591 ε
575 1559 591 1578 ³
617 1553 675 1593 διὰ
693 1555 744 1603 τί;
761 1556 877 1597 codd.
900 1556 966 1597 ὅτι.
989 1556 1006 1582 b
1024 1557 1187 1610 αἷσθάσι,

134 1609 249 1651 codd.
272 1611 468 1663 αἷσθάσει.)

362 1757 366 1762 .
401 1706 442 1746 ε’.
477 1707 544 1747 Ἐκ
560 1711 620 1747 τοῦ
637 1709 717 1761 περὶ
733 1712 793 1749 τοῦ
810 1709 919 1754 ὄντος.

185 1806 255 1846 VI.
288 1806 415 1847 Πάντα
433 1823 492 1859 μοι
524 1809 682 1848 δοκοῦντι
711 1809 909 1863 ἇμαρτάνεν
925 1813 941 1833 ⁸
961 1811 992 1848 οἱ
1025 1808 1183 1861 λέγοντες

131 1865 192 1904 δύο
211 1864 322 1918 λόγως
342 1867 422 1919 περὶ
442 1867 571 1913 παντὸς
585 1867 748 1918 λέγεσθαι
765 1867 928 1913 ἐναντίως
943 1869 1109 1912 ἀλλάλοις
1127 1884 1189 1907 να-

130 1925 279 1978 μερτέας
296 1926 516 1979 ἀμφοτέρως.
576 1926 674 1979 Ἐγὼ
691 1927 727 1967 δὲ
753 1933 887 1982 πρᾶτον
906 1928 1001 1967 τοῦτ’
1018 1927 1186 1966 ἀδύνατον

129 1984 273 2035 νομίζω,
294 1987 501 2039 ἀμφοτέρων
521 1988 655 2026 πιστῶν
672 1986 815 2037 ἐόντων,
834 1986 997 2032 ἐναντίως
1012 1981 1101 2037 ἦμεν
1123 1988 1188 2026 ἀλ-“-

129 2043 259 2092 λάλοις,
276 2046 321 2086 ὥς
344 2045 383 2084 τὸ
400 2045 507 2084 καλὸν
523 2048 574 2098 τῷ
593 2047 691 2099 καλῷ
710 2045 771 2084 καὶ
787 2047 826 2086 τὸ
847 2046 969 2086 λευκὸν
989 2050 1039 2100 τῷ
1055 2047 1184 2099 λευκῷ.

130 2101 237 2142 Ἀλλὰ
257 2102 325 2156 γὰρ
347 2105 413 2156 οὐχ
435 2104 543 2148 οὕτως
557 2104 647 2158 ἔχει,
670 2105 766 2143 ἀλλά-
779 2107 849 2144 ἐντι
869 2105 908 2144 τὸ
929 2105 1036 2145 καλὸν
1054 2105 1115 2144 καὶ
1132 2107 1186 2144 αἷ-

2231 316 2308 350 569

1254 380 1361 434 σχρὸν
1385 383 1546 434 ἐναντία,
1566 386 1685 426 καὶτὸ
1706 388 1830 428 λευκὸν
1858 391 1921 429 καὶ
1948 392 1987 431 τὸ
2017 393 2143 444 μέλαν.
2202 397 2309 437 Οὕτω

1253 439 1289 478 δὲ
1313 440 1431 481 καὶτὸ
1455 445 1624 497 ναμερτὲς
1653 448 1703 500 τῷ
1722 447 1843 501 ψεύδει
1863 450 1994 504 φαμέν,
2012 452 2089 493 οὐδὲ
2114 458 2310 509 ναμερτέας

1254 497 1315 536 δύο
1341 499 1454 550 λόγως
1480 501 1669 555 λέγεσθαι,
1691 505 1714 553 ἢ
1752 506 1812 545 δύο
1841 508 2008 561 ψευδέας,
2035 511 2126 550 ἀλλὰ
2154 512 2212 551 τὸν
2245 515 2309 566 μὲν

1254 558 1369 606 ἀλαθῆ
1382 591 1392 607 ,
1408 559 1467 598 τὸν
1485 561 1521 600 δὲ
1541 563 1711 615 ψεύσταν.
1767 564 1814 607 ‘O
1829 566 1898 619 γὰρ
1923 567 1986 607 τὰν
2014 570 2130 623 ψυχὰν
2157 575 2309 614 ἐπαινῶν

1252 618 1303 655 τῶ
1320 617 1492 671 ἀνθρώπω
1505 622 1566 660 καὶ
1588 622 1627 662 τὸ
1647 626 1752 674 σῶμα
1767 626 1989 680 μεμφόμενος
2005 630 2071 682 οὐχ
2086 630 2172 684 ὑπὲρ
2189 637 2309 674 ταυτῶ

1253 676 1295 716 ἂν
1310 678 1407 732 λέγοι
1423 678 1441 703 b
1459 695 1512 729 τι,
1533 683 1562 720 εἷ
1581 682 1631 733 μὴ
1658 682 1719 721 καὶ
1742 683 1775 722 εἴ
1798 700 1832 724 τι
1851 686 1931 739 περὶ
1949 693 2012 732 τᾶς
2038 695 2112 740 γᾶς·
2125 690 2220 742 λέγοι
2249 694 2311 731 καὶ

1252 739 1302 776 τῶ
1332 740 1469 792 οὖρανῶ
1499 741 1640 781 ταυτόν.
1699 744 1825 783 Ταῦτα
1845 745 1912 798 γὰρ
1939 746 1999 786 δύο
2028 747 2123 798 ἐντί,
2147 750 2225 788 ἀλλ’
2247 753 2307 803 οὔχ

1253 795 1289 834 ἓν
1307 796 1434 849 ὄνομα.
1493 799 1566 839 Καὶ
1581 800 1618 840 τί
1641 800 1676 840 δὲ
1702 800 1793 842 θέλω
1812 803 1874 844 καὶ
1902 809 2004 845 τοῦτο
2026 806 2154 859 δεῖξαι,
2176 807 2220 848 Ὁ
2241 797 2311 863 γὰρ

1252 853 1364 907 λέγων
1384 858 1465 910 περὶ
1482 860 1551 897 τῶν
1566 859 1772 910 Ἀθαναίων,
1790 862 1837 908 ὥς
1860 865 1933 903 ἐντι
1958 865 2049 904 κατὰ
2068 867 2169 920 λόγον
2188 867 2309 922 ἄνδρες

1254 914 1398 966 ἀγαθοί,
1417 916 1477 956 καὶ
1509 919 1528 955 ὁ
1555 917 1680 971 λέγων,
1701 919 1748 966 ὥς
1776 923 1848 960 ε’ντι
1880 923 1960 976 περὶ
1988 924 2136 978 χάριτας
2158 929 2308 980 φαῦλοι,

1254 974 1316 1012 οὐκ
1344 975 1484 1014 ἐναντία
1517 975 1670 1028 λέγοντι.
1728 979 1787 1020 Τὰ
1818 979 1887 1034 γὰρ
1918 983 2057 1021 ἐναντία
2091 985 2170 1036 περὶ
2201 986 2310 1024 ταυτὸ

1253 1038 1402 1085 πρᾶγμα
1424 1035 1626 1076 ἀντικέαται
1643 1038 1826 1087 ἀλλάλοις,
1843 1044 1954 1079 ταῦτα
1979 1042 2014 1079 δὲ
2036 1042 2095 1080 δύο
2121 1044 2192 1082 ἐντὶ
2219 1045 2310 1098 πρά-

1254 1106 1388 1142 γματα.

1310 1151 1501 1203 (Stobaeus
1532 1153 1664 1206 Eclog.
1685 1155 1757 1195 lib.
1780 1155 1817 1195 11
1838 1171 1921 1210 cap.
1943 1173 1965 1197 2
1997 1173 2080 1211 pag.
2115 1162 2188 1199 521
2224 1175 2307 1214 seq.

1254 1209 1315 1248 ed.
1330 1209 1453 1250 Gaisf.
1467 1212 1614 1265 Scripsi
1637 1229 1646 1252 :
1666 1216 1681 1234 ‘¹
1696 1215 1911 1269 ἇμαρτάνεν,
1925 1219 2038 1257 codd.
2060 1219 2310 1274 ἁμαρτάνειν.υ

1255 1267 1295 1306 ἂν
1311 1267 1406 1321 λέγοι
1423 1285 1477 1319 τι;
1499 1271 1591 1311 libri
1608 1271 1703 1324 λέγοι
1719 1275 1785 1326 τι.)
2178 1295 2181 1297 ·

1311 1340 1401 1380 Vll.
1433 1341 1604 1395 Ἀρχύτας
1636 1342 1753 1396 ἔλεγεν
1790 1346 1826 1384 ἓν
1860 1349 1903 1399 τῇ
1934 1347 2070 1395 κινήσει
2102 1352 2144 1402 τῇ
2180 1353 2308 1403 φυσικῇ

1257 1399 1383 1436 ἐνεῖναι
1402 1399 1467 1447 τὴν
1501 1404 1561 1439 τοῦ
1589 1399 1667 1440 ἴσου
1698 1404 1886 1455 ἀναλογίαν
1910 1405 1921 1457 (
1941 1407 2111 1445 κινεῖσθαι
2130 1407 2197 1460 γὰρ
2220 1408 2309 1446 ἀνά-

1255 1458 1355 1510 λογον
1389 1458 1535 1511 πάντα),
1557 1460 1689 1508 ταύτην
1725 1461 1761 1500 δὲ
1797 1462 1905 1513 μόνην
1934 1466 1982 1509 εἷς
2011 1465 2120 1514 αὑτὴν
2147 1467 2309 1517 ἀνακάμ-

1254 1531 1367 1565 πτειν,
1386 1516 1478 1557 ὥστε
1496 1518 1643 1564 κύκλους
1663 1528 1774 1560 ποιεῖν
1795 1522 1856 1560 καὶ
1873 1524 2088 1576 στρογγύλα,
2106 1525 2188 1565 ὅταν
2209 1528 2309 1579 ἐγγέ·

1254 1591 1371 1623 νηται.

1256 1692 1284 1730 B
1308 1634 1555 1731 ι(μῖνίεῐοῑείεες
1589 1637 1787 1680 Problem.
1817 1640 1921 1688 XVI,
1958 1656 1982 1692 9
2017 1656 2102 1695 pag.
2137 1644 2213 1696 915
2243 1646 2306 1686 ed.

1286 1706 1327 1731 e’
1346 1707 1416 1732 ‘ern

1605 1805 1651 1851 ς’.
1683 1807 1750 1848 Ἐκ
1766 1811 1835 1848 τῶν
1849 1809 1952 1863 ὅρων.

1307 1927 1420 1965 VIIl.
1451 1925 1500 1966 Τί
1517 1927 1590 1964 ἔστι
1609 1926 1776 1979 νηνεμία,
1795 1925 1949 1980 Ἥρεμία
1972 1930 2005 1966 ἐν
2027 1929 2150 1977 πλήθει
2169 1927 2281 1982 ἀέρος.

1306 1984 1353 2024 Τί
1369 1986 1442 2023 ε’στι
1458 1984 1614 2036 γαλήνη;
1633 1983 1838 2036 εΟμαλότης
1854 1985 2042 2033 θαλάττης.

1252 2104 1281 2141 13
1308 2044 1551 2154 (Arist)oteles
1570 2043 1739 2096 Metaph.
1763 2044 1835 2084 lib.
1857 2044 1946 2092 VII,
1965 2059 1986 2083 2
2011 2059 2099 2097 pag.
2124 2048 2221 2092 1043
2241 2047 2304 2086 ed.

1284 2105 1415 2142 ekker.

131 2299 312 2340 prohabiles
340 2301 537 2341 conjecturae
560 2301 601 2334 de
630 2311 738 2334 rerum
765 2305 837 2334 ortu
863 2302 895 2334 in
926 2302 1130 2344 physiologia
1154 2311 1192 2334 ac
1225 2309 1228 2323 ¹
1254 2302 1331 2333 hum
1355 2301 1430 2333 albo
1451 2302 1643 2342 opponatur.
1686 2300 1975 2334 verumenimvero
2007 2302 2130 2333 nonita
2146 2310 2181 2334 se
2208 2302 2303 2335 habet

1224 2327 1228 2427 ἔ
1252 2369 1323 2399 reS,
1353 2359 1407 2392 sed
1437 2359 1596 2401 contraria
1621 2360 1698 2392 sunt
1717 2359 1888 2401 pulchrum
1905 2368 1942 2391 ac
1964 2359 2123 2399 deforme,
2144 2360 2252 2393 album
2271 2364 2304 2394 et

135 2359 306 2400 prudentia
328 2360 426 2392 civili.

138 2419 223 2452 tione
246 2419 420 2459 contineri,
438 2420 519 2452 ratio
545 2420 801 2467 intelligibilibus
828 2421 950 2454 intenta
971 2421 1062 2454 videt
1080 2431 1088 2454 ε
1105 2431 1184 2454 con-

139 2478 249 2512 venire
276 2481 386 2512 autem
412 2479 578 2521 duplicem
619 2479 701 2512 hanc
735 2480 893 2514 rationem
926 2489 1041 2514 sensus
1083 2482 1187 2514 docet.

135 2538 222 2577 Quin
239 2538 334 2570 etiam
354 2538 530 2571 mechanici
547 2538 651 2571 allatis
668 2539 844 2571 rationibus
858 2538 976 2580 figuras
988 2543 1020 2572 et
1039 2548 1191 2572 numeros

134 2599 168 2630 et
187 2597 409 2639 proportiones
431 2597 472 2630 ad
489 2597 700 2639 intelligibilia
719 2598 988 2640 accommodant,
1004 2599 1038 2631 at
1054 2599 1190 2632 eftectus

132 2658 172 2691 ad
196 2657 381 2698 sensibilia,
401 2657 667 2699 quandoquidem
698 2658 730 2690 in
753 2659 889 2691 materia
917 2646 956 2691 ac
993 2662 1086 2691 motu
1114 2667 1188 2691 cer-

133 2719 266 2750 nuntur.
313 2717 455 2750 Omnino
479 2717 548 2751 fieri
564 2718 697 2759 nequit,
711 2721 749 2751 ut
767 2718 840 2760 quis
859 2727 951 2751 suam
972 2718 1130 2760 cuiusque
1144 2718 1189 2750 rei

138 2784 268 2809 causam
285 2776 492 2818 cognoverit,
509 2776 572 2809 nisi
586 2777 655 2817 ejus
674 2778 822 2810 naturam
839 2779 913 2810 ante
928 2776 1187 2810 consideraverit.

134 2837 183 2868 Ac
199 2837 315 2869 natura
344 2836 477 2877 quidem
503 2835 662 2878 cujusque
681 2837 727 2870 rei
752 2838 861 2870 mente
885 2837 1062 2878 Judicatur,
1086 2846 1183 2869 causa

133 2896 241 2929 autem
258 2897 291 2929 et
313 2896 429 2928 modus
444 2896 569 2929 ratione
589 2897 623 2929 et
635 2905 729 2930 sensu
752 2904 761 2925 ε
779 2896 902 2930 ratione
922 2896 1066 2938 quidem,
1084 2905 1185 2937 quum

131 2954 254 2998 aliquid
279 2956 461 2989 necessario
489 2956 647 2996 eflicitur3
677 2965 771 2990 sensu
799 2966 897 2998 vero,
923 2965 1025 2999 quum
1051 2965 1182 2990 sensum

134 3015 268 3048 rationis
283 3016 400 3048 testem
414 3015 619 3048 adhibemus.

487 3140 518 3169 5.
541 3137 567 3168 E
583 3136 664 3169 libro
679 3135 720 3169 de
736 3137 827 3168 Ente.

176 3267 235 3300 vl.
259 3266 363 3300 Valde
378 3266 442 3299 salli
457 3267 538 3300 mihi
555 3268 705 3302 videntur
722 3268 776 3309 qui
792 3268 831 3300 ‹le
846 3267 961 3309 quavis
974 3276 1008 3300 re
1020 3267 1102 3299 duas
1117 3276 1187 3299 sen·

134 3325 254 3359 tentias
271 3325 353 3359 inter
375 3335 408 3359 se
425 3327 622 3369 contrarias,
639 3327 694 3361 sed
715 3328 887 3367 utramque
910 3335 1019 3359 veram
1046 3335 1186 3368 pronun-

133 3385 204 3418 tiari
221 3393 315 3427 posse
332 3384 455 3418 dicunt.
502 3388 570 3426 Ego
586 3386 726 3428 primum
742 3386 802 3418 hoc
820 3385 887 3418 fieri
907 3394 971 3417 non
992 3394 1085 3426 posse
1101 3385 1187 3418 arbi-

131 3447 211 3484 tror,
229 3445 266 3477 ut
290 3445 316 3477 si
344 3444 417 3477 duae
446 3445 615 3478 sententiae
641 3447 742 3479 rectae
772 3445 960 3484 afferantur,
976 3453 1023 3477 eae
1051 3443 1134 3476 inter
1151 3452 1187 3477 se

131 3503 302 3537 contrariae
321 3503 407 3544 sint,
425 3503 701 3545 quemadmodum
734 3504 905 3546 pulchrum
935 3503 1067 3545 pulchro
1085 3505 1116 3536 et
1142 3503 1187 3536 al-

470 2361 596 2393 Etenim
620 2361 819 2393 harmoniam
845 2361 975 2403 quidem
1007 2361 1127 2403 duplici
1150 2372 1193 2394 ra—

1253 2420 1392 2460 nigrum.
1438 2419 1490 2452 Sic
1509 2418 1606 2451 etiam
1642 2427 1755 2452 verum
1786 2419 1865 2452 falso
1891 2419 2085 2451 contrarium
2111 2408 2302 2461 statuimus,

1251 2487 1356 2519 neque
1378 2478 1460 2510 duas
1489 2486 1583 2511 veras
1600 2478 1774 2511 sententias
1798 2477 1860 2510 dici
1890 2478 2129 2518 contendimus,
2147 2479 2203 2511 aut
2220 2479 2302 2511 duas

1252 2537 1364 2577 salsas,
1380 2537 1435 2570 sed
1450 2537 1583 2570 alteram
1597 2545 1704 2570 veram
1715 2561 1724 2576 ‚
1738 2537 1872 2569 alteram
1891 2537 2013 2570 falsam.
2060 2539 2132 2570 Non
2149 2538 2234 2571 enim
2248 2539 2303 2579 qui

1250 2597 1394 2630 animum
1421 2597 1558 2630 hominis
1583 2597 1714 2637 laudat,
1737 2606 1853 2639 corpus
1873 2597 2096 2639 reprehendit,
2121 2597 2162 2630 de
2189 2598 2303 2631 eodem

1250 2659 1440 2697 argumento
1455 2655 1594 2696 disserit,
1605 2655 1668 2689 nisi
1685 2656 1767 2689 forte
1782 2656 1878 2689 etiam
1896 2656 1950 2697 qui
1967 2656 2008 2689 de
2020 2657 2104 2689 terra
2120 2665 2158 2689 ac
2169 2656 2209 2690 de
2221 2657 2303 2689 coelo

1250 2717 1336 2756 agit,
1356 2715 1397 2748 de
1420 2715 1533 2748 eodem
1560 2723 1655 2756 agere
1679 2715 1835 2748 dicendus
1865 2716 1937 2754 est;
1958 2715 2116 2757 siquidem
2137 2715 2202 2748 duo
2226 2718 2303 2749 sunt

1249 2774 1320 2813 illa,
1341 2783 1404 2807 non
1418 2782 1533 2807 unum.
1577 2772 1637 2807 Sed
1654 2773 1732 2815 quid
1747 2783 1828 2815 opus
1846 2776 1895 2807 est
1913 2773 2018 2807 verbis
2032 2774 2073 2806 ad
2089 2774 2151 2807 hoc
2167 2774 2302 2807 demon-

1250 2833 1441 2866 strandum?
1458 2833 1522 2872 Qui
1539 2833 1624 2866 enim
1646 2832 1855 2867 Athenienses
1878 2833 1992 2866 doctos
2019 2842 2088 2866 esse
2116 2833 2160 2865 ait
2184 2834 2216 2866 et
2245 2834 2301 2874 qui

1249 2901 1303 2924 cos
1322 2892 1463 2932 ingratos
1488 2894 1601 2934 vocat,
1618 2892 1639 2924 ii
1655 2900 1718 2924 non
1737 2892 1895 2925 contraria
1918 2891 2040 2925 dicunt.
2084 2893 2194 2930 Quum
2213 2892 2298 2924 enim

1249 2952 1331 2985 inter
1349 2962 1383 2986 se
1403 2953 1563 2986 contraria
1581 2955 1725 2994 pugnent
1740 2953 1773 2985 in
1793 2953 1925 2992 eodem,
1949 2953 2002 2985 hic
2021 2952 2133 2993 utique
2149 2952 2213 2985 duo
2229 2961 2299 2985 cer-

1247 3015 1381 3046 nuntur.

1290 3072 1362 3103 Vll.
1389 3070 1544 3113 Archytas
1560 3071 1685 3105 dicebat
1701 3071 1733 3104 in
1754 3074 1842 3103 motu
1861 3070 1996 3102 naturali
2014 3078 2139 3111 aequam
2163 3078 2298 3110 propor-

1247 3129 1367 3162 tionem
1389 3130 1495 3164 inesse
1516 3130 1638 3172 (omnia
1658 3131 1742 3164 enim
1760 3130 1960 3172 proportione
1976 3130 2130 3170 moveri),
2146 3130 2229 3162 hanc
2242 3139 2298 3163 an-

1248 3192 1312 3222 tem
1331 3190 1432 3222 solam
1455 3190 1488 3223 in
1507 3199 1578 3224 sese
1595 3190 1727 3228 reverti,
1743 3190 1823 3223 adeo
1843 3191 1879 3222 ut
1897 3189 1972 3221 data
1987 3189 2151 3222 occasione
2163 3189 2257 3222 orbes
2267 3193 2300 3221 et

1247 3237 1387 3281 rotunda
1401 3250 1519 3283 volvat.

1516 3353 1547 3382 ὃ.
1573 3351 1597 3382 Ε
1615 3348 1695 3381 libro
1712 3347 1751 3380 de
1767 3345 2027 3380 Definitionibus.

1289 3445 1376 3477 vm.
1400 3445 1486 3483 Quid
1502 3443 1552 3476 est
1569 3442 1721 3475 malacia?
1741 3441 1837 3479 Quies
1851 3441 1882 3473 in
1899 3439 2104 3472 multitudine
2126 3438 2220 3473 aeris,

1289 3502 1373 3543 Quid
1390 3506 1439 3536 est
1454 3502 1551 3536 maris
1565 3501 1805 3543 tranquillitas?
1823 3500 1897 3541 Ejus
1909 3498 2086 3541 aequalitas.
