2612 3814
330 311 403 344 392

322 391 360 430 τὸ
382 390 418 430 ὂν
437 391 627 430 ἀπολέσθαι
643 392 682 431 ἐκ
706 394 774 431 τῶν
801 391 851 442 μὴ
871 392 978 431 ὄντων
998 391 1018 438 ἢ
1037 394 1082 436 εἷς
1102 391 1140 429 τὸ
1161 392 1209 442 μὴ
1230 392 1265 431 ὂν
1283 394 1365 430 ἀνα-

320 452 477 497 λυθῆναι.
533 449 727 504 Ἄφθαρτον
774 450 841 504 ἄρα
890 450 949 489 καὶ
979 450 1169 503 ἀνώλεθρον
1200 451 1240 489 τὸ
1280 458 1363 490 πᾶν.

319 512 340 559 S
367 517 425 549 tl.
450 511 493 548 Εἰ
508 509 543 548 δὲ
561 510 620 548 καὶ
644 509 778 555 δοξάζοι
796 525 846 555 τις
864 509 949 549 αὐτὸ
965 510 1180 563 φθείρεσθαι,
1203 510 1282 557 ἤτοι
1296 510 1365 549 ὑπό

319 584 408 614 τινος
427 571 495 607 τῶν
514 568 576 614 ἔξω
596 572 656 608 τοῦ
673 569 800 613 παντὸς
820 569 1036 623 φθαρήσεται
1055 568 1362 620 δυναστευόμενον,

319 627 340 674 ἢ
364 628 431 667 ὑπό
450 643 539 672 τινος
561 630 627 666 τῶν
646 627 739 672 ἐντός
753 644 761 652 ·
778 627 856 666 οὔτε
876 628 906 665 δ’
928 627 995 666 ὑπό
1020 644 1108 672 τινος
1126 631 1193 666 τῶν
1221 628 1342 673 ἔξωθεν
1355 644 1363 652 ·

317 686 414 730 ἐκτὸς
429 686 495 739 γὰρ
513 690 570 725 τοῦ
587 686 714 731 παντὸς
730 687 844 725 οὐδέν·
865 685 909 725 τὰ
928 686 995 739 γὰρ
1012 686 1101 726 ἄλλα
1117 687 1232 726 πάντα
1251 689 1284 724 έν
1313 689 1362 740 τῷ

315 746 444 796 παντί,
459 746 518 783 καὶ
538 746 576 784 τὸ
590 746 670 784 ὅλον
685 746 743 784 καὶ
766 745 804 784 τὸ
822 752 888 784 πᾶν
905 748 921 784 ὁ
936 746 1064 795 κόσμος
1077 762 1084 770 ·
1104 747 1180 786 οὔτε
1200 746 1265 785 ὑπὸ
1293 748 1362 784 τῶν

316 806 350 842 ἐν
374 806 485 855 αὐτῷ·
511 803 627 851 δεήσει
652 803 718 856 γὰρ
739 807 849 842 ταῦτα
866 804 1007 854 μείζονά
1027 820 1063 843 τε
1087 805 1146 843 καὶ
1164 804 1359 855 δυναμικώ-

313 879 397 915 τερα
420 857 507 901 εἶναι
530 866 591 901 τοῦ
611 862 762 906 παντός·
789 866 889 902 τοῦτο
918 862 953 901 δὲ
982 865 1045 902 οὐκ
1068 864 1210 911 ἀληθές
1240 864 1361 915 ἄγεται

314 921 381 974 γὰρ
398 922 442 961 τὰ
468 922 556 959 ἄλλα
577 922 692 959 πάντα
712 921 779 959 ὑπὸ
804 924 864 959 τοῦ
890 920 1019 965 παντός
1035 952 1045 971 ,
1064 922 1123 960 καὶ
1140 922 1230 961 κατὰ
1257 926 1360 961 τοῦτο

313 981 371 1018 καὶ
391 980 539 1025 σώζεται
556 979 616 1018 καὶ
637 979 876 1031 συνήρμοσται
891 980 951 1019 καὶ
970 979 1042 1032 βίον
1064 980 1137 1033 ἔχει
1157 981 1217 1020 καὶ
1231 981 1358 1034 ψυχήν·

311 1041 341 1076 εἰ
362 1039 395 1076 δὲ
411 1038 488 1077 οὔτε
505 1038 572 1077 ὑπό
590 1053 679 1082 τινος
694 1041 763 1077 τῶν
779 1037 899 1083 ἔξωθεν
910 1069 919 1086 ,
936 1038 1013 1077 οὔτε
1027 1039 1095 1078 ὑπό
1115 1055 1203 1084 τινος
1220 1042 1289 1077 τῶν
1305 1040 1359 1078 ἔν-

311 1098 405 1135 δοθεν
423 1091 638 1150 φθαρήσεται
657 1096 694 1135 τὸ
712 1103 799 1145 πᾶν,
819 1096 991 1150 ἄφθαρτος
1007 1097 1074 1150 ἄρα
1095 1097 1155 1136 καὶ
1171 1097 1359 1149 ἀνώλεθρος

309 1158 326 1194 ὁ
347 1155 492 1205 κόσμος·
507 1158 628 1194 τοῦτον
648 1155 715 1208 γὰρ
734 1155 866 1208 ἔφαμεν
884 1149 972 1195 εἶναι
990 1155 1027 1194 τὸ
1044 1162 1127 1196 πᾶν.
1150 1158 1172 1208 S
1195 1164 1254 1196 ¹2.
1275 1152 1357 1195 Ἔτι

309 1213 343 1252 δὲ
364 1213 423 1252 καὶ
445 1212 508 1262 ὅλη
527 1214 568 1252 δι’
586 1215 667 1261 ὅλης
680 1217 702 1262 ἡ
724 1214 822 1266 φύσις
842 1215 1060 1268 θεωρουμένη
1079 1215 1118 1254 τὸ
1131 1214 1273 1268 συνεχὲς
1289 1215 1358 1254 ἀπὸ

307 1274 374 1310 τῶν
392 1271 542 1325 πρώτων
556 1272 615 1311 καὶ
634 1273 857 1322 τιμιωτάτων
877 1274 1016 1325 ἀφαιρεῖ
1040 1273 1132 1312 κατὰ
1151 1274 1253 1325 λόγον
1270 1276 1356 1313 ἀπο-

310 1331 550 1383 μαραινομένη
579 1331 639 1369 καὶ
666 1331 891 1384 προσάγουσα
913 1332 971 1371 ε’πὶ
998 1339 1065 1371 πᾶν
1087 1333 1126 1372 τὸ
1153 1333 1272 1380 θνητὸν
1294 1332 1354 1371 καὶ

308 1389 452 1435 διέξοδον
478 1389 724 1442 ἐπιδεχόμενον
746 1393 805 1437 τῆς
826 1390 914 1435 ἰδίας
934 1391 1149 1435 συστάσεως.
1207 1390 1265 1431 Τὰ
1286 1390 1349 1441 μὲν

303 1554 500 1587 incluserunt
522 1554 755 1593 commelinus‚
775 1554 893 1587 Galeus
908 1556 941 1586 et
958 1554 1152 1586 recentiores
1171 1554 1321 1587 editores.

344 1601 363 1642 §
386 1606 431 1634 ¹0.
454 1602 479 1633 εἰ
501 1603 553 1633 καὶ
567 1600 736 1642 διαλύεται]
757 1601 853 1633 codd.
878 1603 965 1634 Patr.
987 1603 1023 1634 B.
1041 1605 1071 1632 et
1086 1603 1122 1633 C.

345 1650 398 1680 ἐὰν
419 1650 461 1685 εἰς
485 1649 521 1680 τὸ
546 1649 578 1680 ὂν
598 1646 771 1688 διαλύηται]
798 1647 879 1679 Cod.
909 1648 983 1678 Vat.
1011 1647 1091 1679 teste
1115 1647 1278 1688 Vizzarnio,
1297 1648 1350 1688 qui

301 1697 409 1727 tamen
435 1695 503 1736 ipse
523 1694 678 1726 διαλύεται
701 1693 859 1734 vulgavit.
903 1694 930 1725 E
954 1693 1185 1726 parisiensibus
1201 1697 1239 1726 A.
1257 1694 1350 1727 habet

303 1742 469 1782 διαλύεται,
488 1740 599 1782 reliqui
618 1740 788 1778 διαλύητοιι.

310 1825 313 1828 ,
345 1791 364 1827 ἢ
383 1790 471 1831 μέρος
489 1789 519 1821 τί
536 1787 614 1830 ἐστι]
631 1787 724 1820 codd.
746 1789 835 1820 Parr.
856 1789 894 1819 A.
913 1787 945 1819 et
962 1789 1012 1827 13„
1034 1788 1107 1819 item
1126 1789 1200 1820 vat.
1220 1787 1350 1820 Sieben-

304 1836 408 1868 keesio
418 1837 514 1869 teste.
560 1834 621 1867 Sed
639 1836 708 1866 Par.
727 1836 763 1867 C.
780 1836 799 1873 ἢ
816 1835 850 1867 τὸ
862 1834 950 1876 μέρος
963 1835 992 1866 τί
1006 1835 1083 1875 ἐστι,
1102 1844 1174 1876 quae
1190 1835 1350 1876 scriptura

298 1882 333 1915 in
349 1891 460 1915 omnes
480 1882 634 1915 editiones
650 1881 785 1913 transiit.

342 1930 502 1972 ἀμήχανον
517 1929 576 1972 γὰρ
591 1930 627 1961 τὸ
644 1929 677 1960 ὃν
690 1928 857 1960 ἀπολέσθαι
873 1928 909 1960 ἐκ
925 1931 987 1960 τῶν
1009 1929 1050 1968 μὴ
1063 1928 1173 1971 ὄντων]
1188 1929 1259 1962 cod.
1275 1931 1347 1961 Par.

300 1978 352 2017 B.;
370 1977 402 2009 in
421 1976 494 2010 cod.
522 1980 557 2008 Α.
584 1976 740 2008 omissum
756 1977 804 2007 est
829 1975 884 2016 μὴ,
908 1974 995 2016 quod
1017 1975 1112 2007 etiam
1134 1976 1165 2007 in
1193 1978 1346 2009 contextu

301 2023 372 2055 cod.
401 2025 442 2057 C.
469 2024 570 2062 deest,
598 2022 703 2055 sedin
732 2022 872 2062 margine
903 2022 1037 2054 minutis
1064 2022 1180 2054 litteris
1206 2023 1348 2055 secunda

300 2079 395 2102 manu
413 2071 558 2103 notatum
585 2069 751 2110 reperitur.
796 2069 879 2100 Cum
909 2068 981 2100 cod.
1012 2071 1047 2101 B.
1072 2069 1231 2102 consentit
1250 2070 1348 2102 editio

299 2117 513 2152 Lovaniensis,
537 2115 610 2148 cod.
647 2117 685 2147 Α.
710 2114 880 2147 Battaesius
906 2118 1037 2147 secutus
1070 2119 1130 2147 est.
1175 2116 1347 2148 Vizzanius

299 2165 450 2198 mendose
465 2175 482 2197 e
499 2164 570 2197 cod.
591 2163 698 2196 Vatic.
718 2163 886 2195 ἀπολέσθαι
900 2163 936 2195 ἐκ
948 2166 1010 2194 τῶν
1035 2163 1144 2195 ὄντων.
1190 2165 1346 2204 Nogarola

299 2215 427 2253 propter
454 2212 593 2244 Philonis
622 2210 721 2243 verba
751 2208 832 2240 libro
862 2209 902 2243 de
928 2210 1049 2241 mundo
1084 2220 1147 2242 non
1177 2210 1346 2243 interituro

297 2267 366 2299 pag.
390 2263 449 2292 728
469 2261 505 2290 A.
528 2257 642 2290 Colon.
665 2258 773 2299 ὥσπερ
787 2256 847 2298 γὰρ
869 2257 903 2288 ἐκ
918 2259 973 2288 τοῦ
997 2257 1038 2296 μὴ
1055 2257 1140 2294 ὄντος
1162 2257 1249 2290 οὐδὲν
1265 2258 1345 2297 γίνε-

299 2317 363 2345 ται,
391 2306 460 2338 οὐδὲ
483 2306 525 2342 εἷς
542 2305 578 2337 τὸ
593 2305 635 2346 μὴ
654 2304 687 2336 ὃν
705 2303 866 2346 φθείρεται·
889 2303 925 2335 ἐκ
949 2304 1008 2345 γὰρ
1027 2307 1082 2335 τοῦ
1103 2304 1243 2346 οὐδαμοῦ
1260 2305 1345 2341 ὄντος

298 2352 457 2394 ἀμήχανόν
475 2353 540 2384 ἐστι
563 2352 705 2393 γενέσθαι
727 2362 766 2385 τι,
786 2350 822 2382 τό
847 2361 880 2382 τε
898 2350 932 2382 ὃν
956 2350 1156 2387 ἐξαπολέσθαι
1175 2351 1345 2390 ἀνήνυστον

297 2401 350 2432 καὶ
371 2401 544 2441 ἄπαυστον,
568 2399 685 2440 quibus
711 2398 818 2431 verbis
839 2399 1027 2439 argumenta
1051 2398 1103 2430 liic
1129 2399 1225 2430 allata
1244 2399 1343 2440 repeti

298 2447 510 2489 opinabatur,
544 2447 713 2479 ἀπολέσθαι
754 2445 786 2477 in
816 2445 1030 2477 ἀποτελεῖσθαι
1057 2445 1245 2478 mutandum
1276 2455 1344 2479 esse

297 2495 498 2536 conjectavit.
525 2497 628 2532 Quam
655 2494 871 2534 conjecturam
900 2493 1042 2534 plerique
1069 2492 1205 2525 editores
1231 2494 1345 2533 proba-

299 2545 385 2573 runt.
430 2544 471 2574 At
501 2551 605 2583 neque
633 2541 726 2573 Philo
756 2549 862 2580 presse
891 2540 1037 2581 sequitur
1059 2539 1222 2580 scriptoris
1241 2541 1342 2573 nostri

297 2588 442 2628 vestigia,
459 2597 563 2629 neque
588 2588 763 2629 quidquam
796 2587 828 2619 in
855 2587 962 2619 verbis
988 2587 1156 2619 ἀπολέσθαι
1175 2587 1209 2619 ἐκ
1221 2591 1284 2620 τῶν
1301 2589 1343 2629 μή

298 2634 394 2667 ὄντων
409 2635 618 2676 depravatum
637 2638 696 2667 est.
743 2636 829 2668 Cave
844 2632 952 2666 tamen
971 2642 1046 2666 cnm
1068 2633 1238 2674 Rudolpho
1253 2634 1343 2675 legas

297 2682 466 2715 ἀπολέσθαι
496 2682 532 2714 ἐκ
549 2685 611 2713 τῶν
638 2681 745 2722 ὄντων,
763 2681 850 2722 quod
878 2680 930 2713 ille
955 2681 1037 2713 male
1066 2681 1191 2714 vertit:
1218 2690 1341 2714 evane-

296 2737 402 2767 scere,
421 2728 517 2761 abire
533 2736 551 2760 e
565 2727 666 2760 rebus
692 2736 769 2769 quae
788 2729 881 2760 sunt.
928 2729 1075 2769 Namque
1097 2729 1206 2768 aperte
1223 2728 1284 2765 lioc
1298 2729 1341 2761 ait

296 2776 432 2816 scriptor
450 2788 458 2807 :
477 2774 556 2814 fieri
575 2782 641 2806 non
663 2775 773 2814 potest
794 2776 834 2806 ut
855 2775 946 2806 entis
964 2775 1130 2807 interitus
1147 2782 1265 2807 eorum
1281 2784 1342 2816 ope

298 2831 374 2864 quae
391 2830 458 2854 non
474 2823 560 2854 sunt
575 2820 751 2861 efficiatur
770 2821 818 2853 vel
838 2823 879 2853 ut
895 2829 955 2853 ens
974 2821 1020 2853 acl
1041 2821 1192 2854 nihilum
1207 2822 1340 2862 rediya-

298 2872 370 2902 tur.
414 2869 471 2901 Est
487 2868 583 2907 igitur
610 2867 779 2899 ἀπολέσθαι
795 2867 828 2899 ἐκ
844 2871 906 2899 τῶν
932 2869 974 2908 μὴ
995 2868 1092 2900 ὄντων
1118 2869 1340 2909 accipiendum

296 2919 334 2949 ut
349 2916 433 2957 apud
449 2914 640 2956 Sophoclem
654 2914 731 2946 OEd.
753 2916 791 2947 R.
811 2918 888 2947 1125
909 2915 1013 2956 ἀνδρὸς
1033 2916 1067 2947 ἐκ
1090 2916 1169 2952 τίνος
1191 2917 1340 2958 διώλετο;

295 2964 329 2995 et
346 2962 431 3003 apud
443 2964 617 2995 Homerum
631 2960 722 2993 Iliad.
738 2962 853 2999 XVIII,
868 2964 922 2994 107
941 2963 982 2997 ὡς
995 2962 1053 3003 ἔρις
1065 2963 1102 2994 ἐκ
1115 2974 1146 2994 τε
1159 2965 1236 2995 θεῶν
1259 2964 1295 2995 ἔκ
1313 2966 1341 2996 τ’

298 3008 467 3050 ἀνθρώπων
488 3007 637 3040 ἀπόλοιτο
654 3007 707 3038 καὶ
724 3007 814 3047 χόλος
834 3019 865 3038 κ.
879 3018 907 3038 τ.
923 3008 951 3038 λ.
975 3009 1046 3039 Huc
1063 3009 1185 3041 accedit
1202 3010 1287 3050 quod
1308 3011 1339 3042 in

296 3054 503 3096 sequentibus
519 3053 689 3095 ἀνώλεθρον
715 3053 845 3094 respleit
863 3053 903 3085 ad
927 3054 1109 3095 ἀπολέσθαι,
1132 3055 1284 3098 ἄφθαρτον
1300 3057 1339 3089 ad

294 3101 488 3140 ἀναλυθῆναι.

336 3147 489 3189 ἄφθαρτον
513 3146 587 3188 ἄρα]
602 3145 676 3179 cod.
699 3148 774 3179 Par.
792 3148 843 3180 A.:
858 3147 892 3178 at
913 3146 945 3178 in
965 3146 1058 3180 codd.
1086 3149 1120 3182 B.
1139 3149 1170 3181 et
1192 3150 1230 3182 C.
1256 3152 1288 3182 et
1307 3150 1339 3184 in

294 3195 383 3227 Vatt.
404 3194 556 3226 Vizzanio
569 3195 653 3226 teste
672 3193 787 3234 legitur
806 3194 956 3234 ἄφθαρτον
972 3195 1042 3235 γάρ.

335 3242 355 3284 §
374 3245 423 3275 11.
446 3241 500 3273 καὶ
520 3240 652 3283 δοξάζοι]
674 3241 755 3274 cod.
775 3243 853 3274 Vat.
871 3250 934 3273 non
950 3241 1045 3274 habet
1057 3243 1110 3274 καὶ
1127 3243 1158 3275 et
1171 3244 1340 3277 Vizzanius

293 3289 369 3330 legit
382 3287 510 3326 δοξάζει.

338 3335 400 3369 ὑπὸ
418 3347 498 3372 τινος
521 3337 583 3367 τῶν
605 3335 663 3372 ἔξω
681 3355 722 3362 -
737 3338 799 3366 τῶν
814 3335 932 3378 ἔξωθε-ι]
955 3335 1050 3368 codd.
1074 3339 1164 3369 Parr.
1186 3341 1221 3370 A.
1241 3340 1274 3372 et
1289 3341 1336 3379 B.;

293 3382 348 3414 sed
374 3382 406 3414 in
425 3381 498 3414 cod.
522 3383 561 3415 G.
578 3381 695 3414 omissa
709 3383 785 3414 sunt
802 3382 860 3418 ἔξω
881 3386 936 3414 τοῦ
953 3382 1066 3419 παντὸς
1085 3383 1270 3424 φθαρήσεται
1291 3385 1338 3417 δυ·

293 3428 529 3470 νασιευόμενον,
551 3429 570 3466 ἢ
592 3427 654 3460 ὑπό
673 3439 753 3465 τινος
778 3430 854 3460 τῶν.
899 3429 937 3461 In
970 3427 1109 3461 editione
1137 3430 1335 3472 Lovaniensi‚

294 3485 367 3516 qna>
385 3485 423 3508 ex
440 3476 495 3507 illo
514 3475 623 3507 codice
638 3474 734 3507 ducta
753 3474 892 3515 videtur,
915 3475 986 3507 baec
999 3476 1126 3508 exstant
1146 3489 1154 3508 ι
1177 3476 1239 3509 ὑπὸ
1255 3489 1334 3515 τινος

295 3526 356 3554 τῶν
370 3523 477 3560 ἔξωθεν
498 3523 565 3561 ἤτοι
586 3521 647 3554 ὑπὸ
669 3533 749 3559 τινος
768 3524 831 3554 τῶν
849 3522 944 3562 ἐντός,
961 3522 1031 3554 οὔτε
1056 3522 1088 3558 δὲ
1107 3522 1169 3555 ὑπό
1182 3535 1261 3561 τινος
1273 3528 1334 3556 τῶν

1197 303 1377 343 OCELLI
1418 304 1607 344 LUCANI

1428 394 1528 432 possit
1546 394 1581 426 ut
1607 392 1639 425 id
1661 393 1748 435 quod
1770 396 1818 428 est
1836 404 1948 430 eorum
1965 397 1997 430 vi
2015 406 2089 439 quae
2105 403 2266 434 non.sunt
2284 406 2392 442 pereat
2416 404 2474 437 aut

1426 443 1465 474 ad
1483 443 1617 475 nihilum
1639 443 1813 484 redigatur.
1859 447 1971 487 ltaque
1994 447 2183 482 inviolatum
2200 452 2232 483 et
2251 451 2400 486 interitus
2415 462 2472 486 ex·

1427 504 1499 536 pers
1529 495 1590 527 boc
1609 503 1717 527 rerum
1742 499 1866 530 naturae
1891 505 2008 539 oorpus
2034 503 2093 532 est.
2116 499 2134 542 §
2167 504 2215 534 ιι.
2252 502 2372 541 Quodsi
2401 503 2473 545 qn'u

1427 547 1503 580 illud
1525 547 1726 580 interiturum
1747 556 1817 581 esse
1835 549 2016 592 existimet,
2042 560 2138 585 causa
2154 555 2209 585 aut
2235 556 2325 587 extra
2340 564 2469 590 omnem

1425 607 1530 630 rerum
1554 601 1699 630 naturam
1717 598 1819 640 posita
1834 602 1890 632 aut
1906 600 2029 635 interna
2045 603 2162 635 vietum
2181 604 2294 645 peribit
2311 618 2319 638 ε
2333 605 2388 638 sed
2405 615 2469 641 nou

1424 652 1557 681 externa
1576 657 1691 689 causa,
1708 657 1809 690 quum
1826 651 1917 682 extra
1934 659 2041 684 rerum
2056 653 2300 687 universitatem
2322 654 2399 688 nihil
2416 655 2470 697 nit,

1423 699 1575 739 quoniam
1596 699 1715 741 reliqua
1733 701 1841 732 omnia
1861 701 2013 734 universo
2037 706 2245 737 continentur
2271 714 2310 738 ac
2327 707 2397 739 tota
2417 715 2468 740 re-

1424 758 1495 780 rum
1519 758 1688 791 compages
1712 751 1808 791 atque
1830 750 1908 784 illud
1930 753 2055 785 naturae
2071 762 2187 795 corpus
2202 755 2287 789 idem
2314 758 2364 789 est
2381 756 2468 798 quod

1422 799 1564 832 mundus
1587 809 1594 828 =
1624 809 1726 840 neque
1756 801 1851 833 rebus
1873 802 2026 842 internis,
2058 803 2177 848 quippe
2208 814 2290 846 quas
2316 806 2470 839 universo

1421 850 1557 890 majores
1568 851 1599 882 et
1616 849 1781 882 validiores
1793 859 1862 883 esse
1874 853 2035 892 oporteret
2051 862 2059 884 ε
2072 854 2105 886 at
2118 853 2178 886 hoc
2191 863 2255 887 non
2270 859 2319 888 est
2334 863 2446 888 verum
2459 863 2468 884 ε

1421 902 1536 932 coetera
1556 900 1641 932 enim
1661 903 1767 933 omnia
1790 900 1929 933 universi
1960 901 1990 933 vi
2009 904 2178 936 moventur
2193 902 2327 945 ejusque
2347 904 2471 947 legibus

1420 950 1649 983 convenienter
1673 952 1706 984 et
1729 952 1897 983 servantur
1915 952 1948 983 et
1965 951 2137 992 conjuncta
2158 955 2233 986 sunt
2253 954 2419 997 vitamque
2436 958 2471 988 et

1419 1001 1560 1033 animam
1577 1000 1694 1033 babent
1718 1010 1725 1032 :
1747 1000 1958 1041 quamobrem
1979 1001 2006 1033 si
2035 1010 2138 1042 neque
2158 1005 2291 1036 externa
2308 1003 2342 1037 vi
2364 1013 2470 1047 neque

1420 1050 1544 1082 interna
1562 1059 1656 1082 causa
1678 1050 1793 1091 peribit
1819 1059 1926 1083 rerum
1943 1050 2156 1091 universitas,
2176 1051 2351 1086 inviolatus
2367 1054 2402 1087 et
2416 1054 2467 1087 in·

1419 1101 1534 1133 teritus
1561 1110 1676 1142 expers
1705 1100 1844 1133 mundus
1874 1101 1945 1141 est,
1966 1110 2064 1142 quem
2087 1110 2195 1134 rerum
2222 1102 2469 1140 universitatem

1418 1160 1488 1184 esse
1504 1150 1735 1192 perhibuimus.
1761 1149 1781 1191 §
1803 1155 1852 1183 12.
1870 1152 1943 1183 Jam
1965 1159 2040 1183 vero
2061 1151 2209 1184 universa
2222 1159 2330 1185 rerum
2346 1154 2466 1186 natura

1418 1202 1444 1233 si
1468 1210 1523 1242 per
1539 1209 1651 1233 omnes
1677 1201 1782 1241 partes
1810 1201 1984 1242 spectetur,
2004 1201 2079 1233 licet
2098 1201 2304 1242 proportione
2326 1202 2466 1244 quadam

1417 1251 1554 1283 delicere
1569 1251 1629 1292 (ac
1646 1250 1786 1283 deterior
1802 1252 1834 1282 et
1847 1249 1966 1282 caduca
1987 1249 2072 1292 lieri)
2090 1250 2248 1292 videatur,
2263 1252 2370 1285 tamen
2385 1261 2463 1286 con·

1417 1302 1629 1334 tinuationem
1652 1304 1684 1334 et
1702 1300 1934 1341 perennitatem
1953 1309 1971 1332 a
1989 1301 2102 1342 primis
2128 1301 2467 1344 praestantissimisque

1416 1351 1603 1392 corporibus
1629 1352 1769 1382 sumtum
1798 1344 1948 1382 omnibus
1977 1349 2167 1382 mortalibus
2199 1351 2311 1391 affert,
2345 1351 2479 1392 quibus-

1414 1400 1626 1432 concretionis
1638 1407 1706 1431 suae
1723 1397 1959 1431 vicissitudines
1975 1399 2136 1431 accidunt.
2184 1400 2288 1432 Prima
2306 1400 2392 1434 enim
2409 1401 2464 1434 illa

1413 1555 1523 1590 ἔξωθεν
1539 1565 1571 1584 ν..
1594 1564 1627 1585 τ.
1647 1553 1680 1584 λ.
1704 1552 1825 1584 Ultima
1845 1551 1876 1584 in
1902 1551 2039 1592 vulgatis
2054 1551 2291 1594 exemplaribus
2302 1556 2461 1589 suntm'm

1412 1601 1444 1632 δὲ
1457 1600 1519 1632 ὑπὸ
1538 1610 1619 1636 τινος
1640 1602 1702 1630 τῶν
1718 1599 1837 1635 ἔξωθεν.

1455 1646 1580 1688 μείζονά
1602 1657 1634 1677 τε
1657 1645 1723 1686 καὶ]
1748 1646 1793 1677 ita
1816 1643 1909 1676 codd.
1938 1645 2026 1677 Parr.
2049 1654 2180 1687 omnes;
2200 1658 2234 1679 τε
2254 1646 2413 1681 inclusum
2428 1649 2460 1682 ῙΙΙ

1411 1693 1484 1725 edd.
1507 1692 1713 1730 commelini,
1733 1691 1820 1724 Galei
1833 1694 1929 1731 atque
1942 1690 2022 1723 aliis.

1451 1741 1508 1772 οὐκ
1534 1739 1654 1781 ἀληθὲς]
1675 1738 1770 1771 codd.
1793 1740 1858 1771 tres
1878 1741 1982 1778 Parr.;
2007 1738 2091 1771 idem
2115 1739 2229 1781 legitur
2253 1740 2283 1773 in
2304 1742 2392 1775 Vatt.
2415 1745 2461 1776 te-

1410 1787 1512 1819 stibus
1527 1786 1680 1819 Vizzanio
1693 1790 1726 1818 et
1741 1785 1965 1818 Siebenkeesio
1981 1787 2079 1826 atque
2095 1786 2126 1818 in
2143 1787 2216 1820 edd.
2234 1789 2352 1820 Lovan.
2366 1789 2456 1823 Vizz.

1409 1838 1440 1866 et
1456 1836 1538 1866 Batt.
1563 1833 1624 1866 Sed
1640 1832 1815 1875 Nogar01a‚
1838 1832 2058 1866 commelinus
2073 1835 2104 1866 et
2121 1834 2238 1868 Galeus
2251 1835 2332 1869 male
2348 1836 2460 1878 tegunt

1410 1882 1467 1914 οὐκ
1481 1882 1633 1920 ἀληθεύει.

1451 1928 1558 1970 ἄγεται
1578 1929 1638 1972 γὰρ
1653 1928 1693 1960 τὰ
1709 1928 1787 1960 ἄλλα
1803 1926 1919 1970 πάντα]
1934 1927 1986 1960 Sic
1997 1935 2109 1960 omnes
2124 1926 2194 1960 libri
2214 1929 2407 1963 Parisienses
2426 1939 2460 1965 et

1409 1976 1482 2007 cod.
1505 1977 1579 2008 Vat.
1609 1985 1627 2007 a
1646 1974 1869 2009 Siebenkeesio
1897 1974 2045 2007 collatus.
2092 1974 2194 2015 Vulgo
2218 1975 2326 2016 ἄγεται
2347 1977 2406 2019 γὰρ
2418 1978 2458 2010 τὰ

1408 2034 1520 2055 παντα.
2299 2048 2303 2052 <

1449 2069 1631 2112 ἀνώλεθρος]
1651 2069 1745 2102 codd.
1761 2071 1850 2101 Parr.
1867 2071 1903 2100 A.
1922 2070 1955 2100 et
1975 2069 2027 2107 G.;
2043 2067 2199 2109 ἀνόλεθρος
2215 2069 2287 2102 cod.
2314 2071 2350 2104 B.

1448 2121 1556 2150 τοῦτον
1575 2117 1634 2158 γὰρ
1648 2115 1777 2158 ἔφαμεν]
1798 2115 1872 2148 cod.
1894 2117 1966 2147 Par.
1995 2118 2030 2147 Α.
2048 2118 2080 2146 et
2097 2116 2271 2148 Vaticanus
2295 2125 2315 2149 a
2328 2117 2456 2152 Siebeu-

1408 2164 1511 2197 keesio
1530 2172 1696 2196 excussus.
1742 2163 1831 2195 Idem
1849 2162 2011 2194 invenitur
2033 2161 2064 2193 in
2083 2162 2134 2194 ed.
2160 2164 2281 2195 Lovan.
2300 2165 2363 2197 Sed
2377 2167 2453 2200 cod.

1409 2214 1480 2243 Par.
1506 2213 1541 2244 B.
1572 2211 1690 2243 librarii
1715 2219 1823 2242 errore
1849 2209 1943 2242 babet
1967 2209 2085 2241 τούτων
2098 2209 2156 2252 γὰρ
2181 2210 2306 2251 ἔφαμεν.
2351 2213 2454 2254 Vulgo

1407 2258 1566 2300 legebatur
1583 2259 1656 2290 ante
1673 2257 1879 2298 Rudolplium
1899 2259 1990 2288 τοῦτο
2007 2256 2066 2297 γὰρ
2082 2257 2128 2298 ἐφ.

1447 2305 1466 2346 §
1488 2308 1535 2337 12.
1554 2305 1635 2336 κατὰ
1653 2305 1745 2344 λόγον
1769 2303 2055 2345 ἀπομαραινομένη]
2073 2304 2125 2336 Sic
2138 2304 2231 2336 codd.
2250 2307 2452 2341 parisienses.

1405 2354 1441 2384 In
1459 2352 1567 2384 codice
1585 2352 1738 2384 Vaticano
1754 2351 1924 2384 vizzauius
1941 2351 2081 2391 repperit
2101 2351 2170 2383 κατ’
2197 2351 2310 2393 ἐλίγον,
2326 2354 2455 2388 Sieben—

1404 2399 1527 2432 keesius
1547 2399 1615 2431 κατ’
1634 2399 1751 2440 ὀλίγον,
1766 2398 1852 2440 quod
1876 2407 1940 2430 non
1962 2398 2207 2439 repudiandum.

1445 2446 1716 2487 ἀπομαραινομένη
1733 2446 1786 2477 καὶ
1806 2444 2022 2487 προσάγουσα]
2038 2445 2109 2476 cod.
2131 2446 2203 2477 Par.
2220 2448 2273 2485 A.;
2298 2447 2393 2489 vulgo
2409 2449 2451 2482 Ie·

1403 2492 1490 2533 gitur
1521 2493 1794 2535 ἀπομαραινομένη
1830 2493 1866 2525 τὸ
1890 2492 2018 2533 συνεχὲς
2044 2493 2097 2524 καὶ
2127 2493 2342 2535 προσάγουσα.
2388 2497 2451 2530 Sed

1406 2538 1503 2571 verba
1516 2540 1551 2571 τὸ
1565 2540 1689 2581 συνεχὲς
1706 2539 1810 2572 omitti
1828 2548 1920 2581 posse
1939 2539 2006 2580 jam
2026 2539 2258 2572 intellexerunt
2282 2537 2452 2576 Battoesius

1405 2588 1438 2616 et
1460 2585 1659 2626 Rudolpbus.
1704 2586 1771 2618 Etsi
1785 2586 1870 2618 enim
1890 2586 1925 2618 τὸ
1943 2586 2070 2627 συνεχὲς
2089 2585 2329 2626 intelligendum
2346 2593 2394 2621 est
2410 2589 2451 2622 ad

1405 2640 1518 2664 vocem
1547 2631 1767 2675 προσάγουσα,
1800 2635 1908 2665 tamen
1937 2633 2032 2674 priori
2054 2633 2220 2674 participio
2241 2633 2372 2675 adjungi
2387 2644 2451 2670 non

1405 2680 1522 2719 potest,
1542 2679 1573 2711 in
1593 2680 1777 2720 posterioris
1789 2682 1897 2713 autem
1918 2682 2080 2713 structura
2098 2680 2189 2712 facile
2197 2679 2377 2715 subaudiri.

1445 2726 1577 2763 διέξοδον
1602 2726 1835 2769 ἐπιδεχόμενον]
1858 2727 2029 2760 Schultesii
2059 2727 2241 2767 conjectura
2265 2731 2315 2761 est
2342 2729 2373 2761 in
2392 2730 2449 2763 Bi·

1408 2772 1531 2805 bliotlz.
1550 2773 1612 2805 der
1625 2774 1756 2814 yrieclz.
1776 2774 2003 2815 Philosopken
2021 2783 2051 2815 p.
2065 2779 2124 2807 302
2139 2776 2300 2815 proposito
2318 2777 2416 2817 atque
2429 2771 2449 2810 ἐι

1406 2820 1553 2852 Battaesio
1568 2821 1600 2852 et
1615 2820 1786 2861 Rudolpho
1798 2821 1830 2853 in
1841 2821 2011 2853 verborum
2029 2822 2173 2853 ordinem
2191 2824 2330 2863 recepta.
2343 2823 2447 2859 Godd.

1404 2867 1525 2900 habent
1542 2868 1757 2908 ἐπιδεχομένη.

1443 2914 1483 2946 τὰ
1500 2915 1577 2947 αὐτὰ
1592 2915 1645 2946 καὶ
1658 2914 1822 2957 ὡσαύτως]
1841 2916 1890 2948 Ita
1908 2915 2003 2948 codd.
2019 2915 2230 2956 parisienses3
2244 2916 2297 2948 καὶ
2313 2916 2400 2958 quod
2414 2918 2447 2952 in

1402 2963 1553 2995 contextu
1565 2962 1716 2995 orationis
1726 2962 1825 2996 habet
1839 2964 2018 3002 Battaesius,
2032 2972 2201 3004 operarum
2216 2972 2324 2998 errore
2333 2965 2365 2998 in
2378 2966 2448 3007 ejus

1401 3008 1608 3042 adnotatione
1624 3008 1833 3043 desideratur.

1442 3055 1620 3101 ἀμείὸοντα]
1643 3058 1718 3089 Post
1738 3056 1822 3088 lianc
1842 3064 1953 3088 vocem
1971 3057 2006 3103 in
2020 3056 2172 3089 omnibus
2194 3057 2392 3093 membranis
2405 3060 2448 3094 1⁸·

1401 3110 1482 3133 cuna
1498 3104 1557 3142 est,
1570 3103 1704 3144 excepto
1723 3102 1798 3135 cod.
1819 3104 1890 3135 Par.
1912 3106 1965 3142 A„
1986 3102 2040 3134 ubi
2058 3102 2128 3135 baec
2143 3103 2324 3139 habenturz
2344 3106 2446 3140 ὡσαύ-

1399 3160 1460 3186 τως
1471 3150 1582 3182 κύκλον
1601 3149 1780 3191 ἀμείὸοντα,
1799 3150 1931 3187 διέξοδον
1950 3149 2008 3182 οὐκ
2026 3149 2233 3192 ἐπιδεχόμενα
2252 3155 2306 3191 τῆς
2317 3153 2444 3192 οὐσίας·

1398 3197 1436 3228 τὰ
1450 3197 1483 3228 δὲ
1491 3197 1617 3238 δεύτερα
1629 3200 1690 3239 πῦρ
1699 3197 1752 3229 καὶ
1764 3197 1846 3238 ὕδωρ
1853 3197 2012 3237 καὶγῆκαὶ
2025 3197 2095 3239 ἀήρ,
2107 3198 2177 3239 ὅρον
2190 3199 2249 3240 γὰρ
2263 3199 2445 3241 &gemmam

1399 3245 1512 3286 ἐφεξῆς.
1534 3245 1704 3277 Battaosius
1715 3244 1817 3284 ejecto
1829 3244 1888 3286 γὰρ
1904 3245 2012 3276 locum
2028 3247 2064 3277 ut
2081 3254 2099 3277 a
2114 3245 2287 3286 Rudolpho
2306 3249 2342 3280 et.
2354 3255 2375 3280 a
2385 3255 2445 3281 no·

1399 3292 1447 3324 bis
1464 3292 1568 3324 editus
1580 3293 1630 3325 est
1639 3291 1816 3324 constituit.
1860 3293 1943 3324 Ante
1964 3293 2150 3324 Battaesium
2173 3293 2289 3326 mutila
2300 3293 2446 3327 muntia·

1397 3338 1444 3370 tio
1459 3338 1505 3371 sic
1517 3338 1716 3372 scribebatur
1733 3348 1742 3371 ε
1765 3339 1915 3375 ὡσαύτως
1933 3339 2045 3371 κύκλον
2065 3339 2185 3379 ἀμείὸει
2196 3350 2204 3358 ·
2224 3341 2369 3381 διέξοδον,
2383 3341 2445 3374 οὐκ

1399 3386 1500 3425 ἑφεξῆς
1516 3386 1569 3418 καὶ
1583 3389 1740 3427 συνεχῶς,
1758 3385 1795 3418 οὗ
1808 3386 1867 3427 μὴν
1878 3386 1933 3424 τήν
1947 3386 2028 3418 κατὰ
2048 3387 2144 3420 τόπον
2156 3398 2188 3420 κ.
2211 3399 2241 3420 τ.
2256 3389 2286 3420 λ.
2309 3388 2349 3420 In
2367 3387 2441 3422 eod.

1401 3433 1474 3463 vat.
1499 3433 1606 3464 tamen
1629 3435 1725 3472 atque
1751 3432 1784 3464 in
1806 3434 1880 3464 Par.
1905 3434 1941 3465 B.
1967 3442 2024 3474 pro
2051 3433 2171 3474 ἀμείὸει
2193 3437 2240 3467 est
2261 3433 2443 3476 ἀμείόαντα,

1397 3478 1452 3510 sed
1468 3477 1524 3519 pro
1541 3478 1600 3510 οὐκ
1613 3479 1643 3511 in
1659 3480 1732 3519 Vat.
1744 3477 1808 3511 οὖν.

1439 3525 1476 3558 ού
1490 3526 1549 3568 μὴν
1567 3526 1619 3558 τὸν
1632 3542 1673 3550 -
1685 3525 1763 3558 ἀλλὰ
1774 3524 1842 3568 τὸν]
1863 3527 1912 3558 Ita
1934 3527 2115 3568 Vizzanius‚
2141 3528 2310 3562 Battaesius
2325 3529 2359 3563 et
2375 3530 2442 3564 Ru-
