<?xml version="1.0" encoding="UTF-8"?>
<!DOCTYPE html PUBLIC "-//W3C//DTD XHTML 1.0 Transitional//EN"
    "http://www.w3.org/TR/xhtml1/DTD/xhtml1-transitional.dtd">
<html xmlns="http://www.w3.org/1999/xhtml" xml:lang="en" lang="en">
 <head>
  <title>
</title>
<meta http-equiv="Content-Type" content="text/html;charset=utf-8" />
  <meta name='ocr-system' content='tesseract 3.04.00' />
  <meta name='ocr-capabilities' content='ocr_page ocr_carea ocr_par ocr_line ocrx_word'/>
</head>
<body>
  <div class='ocr_page' id='page_1' title='image "./fragmentaphiloso01mulluoft_0513.png"; bbox 0 0 2612 3814; ppageno 0'>
   <div class='ocr_carea' id='block_1_1' title="bbox 0 0 95 3814">
    <p class='ocr_par' dir='ltr' id='par_1_1' title="bbox 0 0 95 3814">
     <span class='ocr_line' id='line_1_1' title="bbox 0 0 95 3814; baseline 0 0"><span class='ocrx_word' id='word_1_1' title='bbox 0 0 95 3814; x_wconf 95' lang='lat' dir='ltr'><strong> </strong></span> 
     </span>
    </p>
   </div>
   <div class='ocr_carea' id='block_1_2' title="bbox 981 307 1543 349">
    <p class='ocr_par' dir='ltr' id='par_1_2' title="bbox 981 307 1543 349">
     <span class='ocr_line' id='line_1_2' title="bbox 981 307 1543 349; baseline -0.004 -1"><span class='ocrx_word' id='word_1_2' title='bbox 981 310 1035 348; x_wconf 89' lang='grc' dir='ltr'><strong>ΙΝ</strong></span> <span class='ocrx_word' id='word_1_3' title='bbox 1059 307 1284 349; x_wconf 85' lang='lat' dir='ltr'>AUREUM</span> <span class='ocrx_word' id='word_1_4' title='bbox 1313 307 1543 347; x_wconf 84' lang='lat' dir='ltr'><strong>CARMEN.</strong></span> 
     </span>
    </p>
   </div>
   <div class='ocr_carea' id='block_1_3' title="bbox 182 394 1238 1861">
    <p class='ocr_par' dir='ltr' id='par_1_3' title="bbox 182 394 1237 1588">
     <span class='ocr_line' id='line_1_3' title="bbox 185 394 1228 454; baseline -0.005 -15"><span class='ocrx_word' id='word_1_5' title='bbox 185 400 252 454; x_wconf 83' lang='grc' dir='ltr'>βίῳ</span> <span class='ocrx_word' id='word_1_6' title='bbox 284 399 463 453; x_wconf 81' lang='grc' dir='ltr'>φέρεσθαι.</span> <span class='ocrx_word' id='word_1_7' title='bbox 521 395 665 437; x_wconf 82' lang='grc' dir='ltr'>Τούτων</span> <span class='ocrx_word' id='word_1_8' title='bbox 698 395 735 435; x_wconf 79' lang='grc' dir='ltr'><strong>δὲ</strong></span> <span class='ocrx_word' id='word_1_9' title='bbox 754 394 879 440; x_wconf 81' lang='grc' dir='ltr'>λύσις</span> <span class='ocrx_word' id='word_1_10' title='bbox 907 395 971 446; x_wconf 85' lang='grc' dir='ltr'><strong>μία</strong></span> <span class='ocrx_word' id='word_1_11' title='bbox 998 399 1021 443; x_wconf 87' lang='grc' dir='ltr'>ἡ</span> <span class='ocrx_word' id='word_1_12' title='bbox 1042 411 1126 449; x_wconf 86' lang='grc' dir='ltr'>προς</span> <span class='ocrx_word' id='word_1_13' title='bbox 1153 395 1228 435; x_wconf 82' lang='grc' dir='ltr'>θεὸν</span> 
     </span>
     <span class='ocr_line' id='line_1_4' title="bbox 185 454 1233 518; baseline -0.005 -21"><span class='ocrx_word' id='word_1_14' title='bbox 185 456 377 518; x_wconf 81' lang='grc' dir='ltr'>ἐπιστροφή</span> <span class='ocrx_word' id='word_1_15' title='bbox 393 485 404 507; x_wconf 84' lang='grc'>,</span> <span class='ocrx_word' id='word_1_16' title='bbox 424 455 466 504; x_wconf 84' lang='grc' dir='ltr'><strong>ἢν</strong></span> <span class='ocrx_word' id='word_1_17' title='bbox 487 454 737 507; x_wconf 79' lang='grc' dir='ltr'><strong>ἐξευρίσκουσιν</strong></span> <span class='ocrx_word' id='word_1_18' title='bbox 757 456 789 493; x_wconf 80' lang='grc' dir='ltr'><strong>οἱ</strong></span> <span class='ocrx_word' id='word_1_19' title='bbox 817 454 856 493; x_wconf 81' lang='grc' dir='ltr'><strong>τὸ</strong></span> <span class='ocrx_word' id='word_1_20' title='bbox 888 454 1011 505; x_wconf 85' lang='grc' dir='ltr'>ὄμμα</span> <span class='ocrx_word' id='word_1_21' title='bbox 1031 471 1094 502; x_wconf 92' lang='grc' dir='ltr'><strong>της</strong></span> <span class='ocrx_word' id='word_1_22' title='bbox 1117 455 1233 509; x_wconf 75' lang='grc' dir='ltr'>ψυχῆς</span> 
     </span>
     <span class='ocr_line' id='line_1_5' title="bbox 183 512 1232 567; baseline -0.004 -13"><span class='ocrx_word' id='word_1_23' title='bbox 183 515 244 554; x_wconf 81' lang='grc' dir='ltr'><strong>καὶ</strong></span> <span class='ocrx_word' id='word_1_24' title='bbox 263 516 302 554; x_wconf 83' lang='grc' dir='ltr'><strong>τὸ</strong></span> <span class='ocrx_word' id='word_1_25' title='bbox 320 519 365 553; x_wconf 85' lang='grc' dir='ltr'><strong>οὐ</strong></span> <span class='ocrx_word' id='word_1_26' title='bbox 378 531 393 558; x_wconf 88' lang='grc' dir='ltr'>ς</span> <span class='ocrx_word' id='word_1_27' title='bbox 411 514 496 567; x_wconf 80' lang='grc' dir='ltr'>πρὸς</span> <span class='ocrx_word' id='word_1_28' title='bbox 515 512 578 562; x_wconf 80' lang='grc' dir='ltr'><strong>τὴν</strong></span> <span class='ocrx_word' id='word_1_29' title='bbox 598 515 668 551; x_wconf 88' lang='grc' dir='ltr'><strong>τῶν</strong></span> <span class='ocrx_word' id='word_1_30' title='bbox 689 514 828 564; x_wconf 79' lang='grc' dir='ltr'>ἀγαθῶν</span> <span class='ocrx_word' id='word_1_31' title='bbox 850 513 1054 565; x_wconf 82' lang='grc' dir='ltr'>ἀνάληψιν’</span> <span class='ocrx_word' id='word_1_32' title='bbox 1040 513 1232 567; x_wconf 85' lang='grc' dir='ltr'>επεγείρον-</span> 
     </span>
     <span class='ocr_line' id='line_1_6' title="bbox 182 571 1232 626; baseline -0.003 -12"><span class='ocrx_word' id='word_1_33' title='bbox 182 590 257 622; x_wconf 83' lang='grc' dir='ltr'>τες,</span> <span class='ocrx_word' id='word_1_34' title='bbox 274 573 333 612; x_wconf 84' lang='grc' dir='ltr'><strong>καὶ</strong></span> <span class='ocrx_word' id='word_1_35' title='bbox 366 573 406 611; x_wconf 88' lang='grc' dir='ltr'><strong>τὸ</strong></span> <span class='ocrx_word' id='word_1_36' title='bbox 438 571 682 625; x_wconf 84' lang='grc' dir='ltr'>παρεπόμενον</span> <span class='ocrx_word' id='word_1_37' title='bbox 702 575 746 625; x_wconf 86' lang='grc' dir='ltr'><strong>τῇ</strong></span> <span class='ocrx_word' id='word_1_38' title='bbox 767 572 868 611; x_wconf 81' lang='grc' dir='ltr'>οὐσία</span> <span class='ocrx_word' id='word_1_39' title='bbox 897 575 998 622; x_wconf 84' lang='grc' dir='ltr'>ἡμῶν</span> <span class='ocrx_word' id='word_1_40' title='bbox 1029 573 1170 612; x_wconf 83' lang='grc' dir='ltr'>κακὸν</span> <span class='ocrx_word' id='word_1_41' title='bbox 1188 576 1232 626; x_wconf 85' lang='grc' dir='ltr'><strong>τῇ</strong></span> 
     </span>
     <span class='ocr_line' id='line_1_7' title="bbox 185 631 1233 686; baseline -0.002 -15"><span class='ocrx_word' id='word_1_42' title='bbox 185 634 390 686; x_wconf 79' lang='grc' dir='ltr'>ἀναγωγικῃ</span> <span class='ocrx_word' id='word_1_43' title='bbox 408 632 554 681; x_wconf 81' lang='grc' dir='ltr'>δυνάμει</span> <span class='ocrx_word' id='word_1_44' title='bbox 574 631 835 684; x_wconf 84' lang='grc' dir='ltr'>θεραπεύοντες.</span> <span class='ocrx_word' id='word_1_45' title='bbox 898 634 964 671; x_wconf 85' lang='grc' dir='ltr'><strong>Ἦν</strong></span> <span class='ocrx_word' id='word_1_46' title='bbox 986 632 1021 671; x_wconf 81' lang='grc' dir='ltr'><strong>δὲ</strong></span> <span class='ocrx_word' id='word_1_47' title='bbox 1039 648 1086 671; x_wconf 91' lang='grc' dir='ltr'>συ</span> <span class='ocrx_word' id='word_1_48' title='bbox 1100 647 1183 685; x_wconf 80' lang='grc' dir='ltr'><strong>μφυ</strong></span> <span class='ocrx_word' id='word_1_49' title='bbox 1195 631 1233 676; x_wconf 83' lang='grc' dir='ltr'>ὲς</span> 
     </span>
     <span class='ocr_line' id='line_1_8' title="bbox 185 690 1233 743; baseline -0.001 -13"><span class='ocrx_word' id='word_1_50' title='bbox 185 691 261 743; x_wconf 80' lang='grc' dir='ltr'><strong>ἅμα</strong></span> <span class='ocrx_word' id='word_1_51' title='bbox 286 690 346 730; x_wconf 76' lang='grc' dir='ltr'><strong>καὶ</strong></span> <span class='ocrx_word' id='word_1_52' title='bbox 373 690 558 739; x_wconf 84' lang='grc' dir='ltr'>ἐπίκτητον</span> <span class='ocrx_word' id='word_1_53' title='bbox 590 694 677 741; x_wconf 80' lang='grc' dir='ltr'>ἡμῖν</span> <span class='ocrx_word' id='word_1_54' title='bbox 707 690 845 729; x_wconf 83' lang='grc' dir='ltr'>κακὸν</span> <span class='ocrx_word' id='word_1_55' title='bbox 872 693 895 739; x_wconf 85' lang='grc' dir='ltr'>ἡ</span> <span class='ocrx_word' id='word_1_56' title='bbox 924 706 985 730; x_wconf 86' lang='grc' dir='ltr'><strong>του</strong></span> <span class='ocrx_word' id='word_1_57' title='bbox 1014 690 1233 736; x_wconf 81' lang='grc' dir='ltr'>αὖτεξουσίου</span> 
     </span>
     <span class='ocr_line' id='line_1_9' title="bbox 183 749 1234 803; baseline 0.001 -15"><span class='ocrx_word' id='word_1_58' title='bbox 183 749 280 803; x_wconf 79' lang='grc' dir='ltr'>παρὰ</span> <span class='ocrx_word' id='word_1_59' title='bbox 294 749 395 803; x_wconf 81' lang='grc' dir='ltr'>φύσιν</span> <span class='ocrx_word' id='word_1_60' title='bbox 414 749 548 796; x_wconf 84' lang='grc' dir='ltr'>κίνησις</span> <span class='ocrx_word' id='word_1_61' title='bbox 563 780 573 795; x_wconf 80' lang='lat'><strong>,</strong></span> <span class='ocrx_word' id='word_1_62' title='bbox 593 749 675 788; x_wconf 79' lang='grc' dir='ltr'>καθ’</span> <span class='ocrx_word' id='word_1_63' title='bbox 691 749 734 797; x_wconf 82' lang='grc' dir='ltr'><strong>ἢν</strong></span> <span class='ocrx_word' id='word_1_64' title='bbox 753 749 869 803; x_wconf 82' lang='grc' dir='ltr'>ἐρίζε</span> <span class='ocrx_word' id='word_1_65' title='bbox 884 766 920 789; x_wconf 91' lang='grc' dir='ltr'><strong>ιν</strong></span> <span class='ocrx_word' id='word_1_66' title='bbox 937 765 974 788; x_wconf 91' lang='grc' dir='ltr'><strong>τε</strong></span> <span class='ocrx_word' id='word_1_67' title='bbox 988 751 1048 788; x_wconf 83' lang='grc' dir='ltr'><strong>καὶ</strong></span> <span class='ocrx_word' id='word_1_68' title='bbox 1063 752 1234 789; x_wconf 81' lang='grc' dir='ltr'>ἐναντιοῦ-</span> 
     </span>
     <span class='ocr_line' id='line_1_10' title="bbox 184 807 1235 861; baseline -0.001 -14"><span class='ocrx_word' id='word_1_69' title='bbox 184 810 265 847; x_wconf 84' lang='grc' dir='ltr'>σθαι</span> <span class='ocrx_word' id='word_1_70' title='bbox 282 813 352 852; x_wconf 86' lang='grc' dir='ltr'>τοῖς</span> <span class='ocrx_word' id='word_1_71' title='bbox 375 807 478 852; x_wconf 87' lang='grc' dir='ltr'>θείοις</span> <span class='ocrx_word' id='word_1_72' title='bbox 496 807 614 857; x_wconf 88' lang='grc' dir='ltr'>νόμοις</span> <span class='ocrx_word' id='word_1_73' title='bbox 633 807 837 861; x_wconf 84' lang='grc' dir='ltr'>πειρώμεθα</span> <span class='ocrx_word' id='word_1_74' title='bbox 850 839 860 855; x_wconf 94' lang='grc'>,</span> <span class='ocrx_word' id='word_1_75' title='bbox 884 807 962 847; x_wconf 81' lang='grc' dir='ltr'>οὐδὲ</span> <span class='ocrx_word' id='word_1_76' title='bbox 981 807 1235 860; x_wconf 83' lang='grc' dir='ltr'>ἐπαισθανόμε-</span> 
     </span>
     <span class='ocr_line' id='line_1_11' title="bbox 183 866 1233 919; baseline -0.001 -14"><span class='ocrx_word' id='word_1_77' title='bbox 183 882 236 906; x_wconf 91' lang='grc' dir='ltr'><strong>νοι</strong></span> <span class='ocrx_word' id='word_1_78' title='bbox 257 866 336 905; x_wconf 80' lang='grc' dir='ltr'>ὅσον</span> <span class='ocrx_word' id='word_1_79' title='bbox 359 866 499 910; x_wconf 78' lang='grc' dir='ltr'>ἑαυτοὺς</span> <span class='ocrx_word' id='word_1_80' title='bbox 521 866 724 919; x_wconf 82' lang='grc' dir='ltr'>βλάπτομεν</span> <span class='ocrx_word' id='word_1_81' title='bbox 744 866 801 906; x_wconf 81' lang='grc' dir='ltr'><strong>διὰ</strong></span> <span class='ocrx_word' id='word_1_82' title='bbox 816 872 875 906; x_wconf 79' lang='grc' dir='ltr'><strong>τοῦ</strong></span> <span class='ocrx_word' id='word_1_83' title='bbox 899 868 1011 906; x_wconf 81' lang='grc' dir='ltr'>δοκεῖν</span> <span class='ocrx_word' id='word_1_84' title='bbox 1033 867 1233 906; x_wconf 80' lang='grc' dir='ltr'>ἀντιτείνειν</span> 
     </span>
     <span class='ocr_line' id='line_1_12' title="bbox 184 925 1235 980; baseline -0.001 -15"><span class='ocrx_word' id='word_1_85' title='bbox 184 928 254 980; x_wconf 80' lang='grc' dir='ltr'><strong>θεῷ</strong></span> <span class='ocrx_word' id='word_1_86' title='bbox 265 941 274 950; x_wconf 91' lang='grc'><em>·</em></span> <span class='ocrx_word' id='word_1_87' title='bbox 295 926 386 965; x_wconf 80' lang='grc' dir='ltr'>ἀλλὰ</span> <span class='ocrx_word' id='word_1_88' title='bbox 404 925 508 976; x_wconf 89' lang='grc' dir='ltr'>μόνον</span> <span class='ocrx_word' id='word_1_89' title='bbox 528 927 788 980; x_wconf 62' lang='grc' dir='ltr'>τοῦτο’τυφλῶς</span> <span class='ocrx_word' id='word_1_90' title='bbox 807 928 825 965; x_wconf 84' lang='grc' dir='ltr'><strong>ὃ</strong></span> <span class='ocrx_word' id='word_1_91' title='bbox 837 929 889 980; x_wconf 84' lang='grc' dir='ltr'>ρῶ</span> <span class='ocrx_word' id='word_1_92' title='bbox 900 943 918 964; x_wconf 92' lang='grc' dir='ltr'>ν</span> <span class='ocrx_word' id='word_1_93' title='bbox 931 943 948 964; x_wconf 85' lang='grc' dir='ltr'><strong>τ</strong></span> <span class='ocrx_word' id='word_1_94' title='bbox 961 942 1002 970; x_wconf 91' lang='grc' dir='ltr'><strong>ες</strong></span> <span class='ocrx_word' id='word_1_95' title='bbox 1014 955 1024 974; x_wconf 93' lang='grc'>,</span> <span class='ocrx_word' id='word_1_96' title='bbox 1045 925 1098 965; x_wconf 83' lang='grc' dir='ltr'>δ’τι</span> <span class='ocrx_word' id='word_1_97' title='bbox 1115 927 1235 974; x_wconf 81' lang='grc' dir='ltr'>ἐδυνή-</span> 
     </span>
     <span class='ocr_line' id='line_1_13' title="bbox 185 981 1233 1038; baseline -0.001 -14"><span class='ocrx_word' id='word_1_98' title='bbox 185 988 296 1036; x_wconf 86' lang='grc' dir='ltr'>θημεν</span> <span class='ocrx_word' id='word_1_99' title='bbox 315 985 507 1038; x_wconf 80' lang='grc' dir='ltr'>ἀφηνιάσαι</span> <span class='ocrx_word' id='word_1_100' title='bbox 523 987 592 1023; x_wconf 86' lang='grc' dir='ltr'><strong>τῶν</strong></span> <span class='ocrx_word' id='word_1_101' title='bbox 612 984 744 1024; x_wconf 82' lang='grc' dir='ltr'>ἐκείνου</span> <span class='ocrx_word' id='word_1_102' title='bbox 765 987 918 1036; x_wconf 84' lang='grc' dir='ltr'>Θεσμῶν.</span> <span class='ocrx_word' id='word_1_103' title='bbox 974 985 1046 1024; x_wconf 82' lang='grc' dir='ltr'><strong>Καὶ</strong></span> <span class='ocrx_word' id='word_1_104' title='bbox 1069 989 1172 1025; x_wconf 76' lang='grc' dir='ltr'>τοῦτο</span> <span class='ocrx_word' id='word_1_105' title='bbox 1191 981 1233 1032; x_wconf 69' lang='grc' dir='ltr'><strong>ἦν</strong></span> 
     </span>
     <span class='ocr_line' id='line_1_14' title="bbox 184 1042 1234 1099; baseline 0 -16"><span class='ocrx_word' id='word_1_106' title='bbox 184 1043 224 1083; x_wconf 76' lang='grc' dir='ltr'><strong>τὸ</strong></span> <span class='ocrx_word' id='word_1_107' title='bbox 244 1046 365 1097; x_wconf 82' lang='grc' dir='ltr'>πολλῷ</span> <span class='ocrx_word' id='word_1_108' title='bbox 385 1047 435 1099; x_wconf 80' lang='grc' dir='ltr'><strong>τῷ</strong></span> <span class='ocrx_word' id='word_1_109' title='bbox 468 1042 678 1095; x_wconf 84' lang='grc' dir='ltr'>αὐτεξουσίῳ</span> <span class='ocrx_word' id='word_1_110' title='bbox 696 1043 899 1096; x_wconf 81' lang='grc' dir='ltr'>χρήσασθαι</span> <span class='ocrx_word' id='word_1_111' title='bbox 918 1043 978 1082; x_wconf 78' lang='grc' dir='ltr'><strong>καὶ</strong></span> <span class='ocrx_word' id='word_1_112' title='bbox 1006 1043 1167 1097; x_wconf 86' lang='grc' dir='ltr'>ἀμέτρῳ,</span> <span class='ocrx_word' id='word_1_113' title='bbox 1195 1045 1234 1083; x_wconf 83' lang='grc' dir='ltr'><strong>τὸ</strong></span> 
     </span>
     <span class='ocr_line' id='line_1_15' title="bbox 183 1102 1235 1156; baseline -0.002 -14"><span class='ocrx_word' id='word_1_114' title='bbox 183 1104 317 1153; x_wconf 82' lang='grc' dir='ltr'>τολμᾶν</span> <span class='ocrx_word' id='word_1_115' title='bbox 334 1102 549 1155; x_wconf 68' lang='grc' dir='ltr'>ἀφίστασθαι</span> <span class='ocrx_word' id='word_1_116' title='bbox 568 1106 645 1141; x_wconf 79' lang='grc' dir='ltr'>θεοῦ</span> <span class='ocrx_word' id='word_1_117' title='bbox 660 1132 670 1149; x_wconf 91' lang='grc'>,</span> <span class='ocrx_word' id='word_1_118' title='bbox 694 1102 754 1141; x_wconf 84' lang='grc' dir='ltr'><strong>καὶ</strong></span> <span class='ocrx_word' id='word_1_119' title='bbox 767 1103 831 1150; x_wconf 87' lang='grc' dir='ltr'><strong>τὴν</strong></span> <span class='ocrx_word' id='word_1_120' title='bbox 850 1102 1019 1154; x_wconf 87' lang='grc' dir='ltr'>λυγρὰν</span> <span class='ocrx_word' id='word_1_121' title='bbox 1040 1103 1130 1155; x_wconf 84' lang='grc' dir='ltr'>ἔριν</span> <span class='ocrx_word' id='word_1_122' title='bbox 1150 1102 1235 1156; x_wconf 84' lang='grc' dir='ltr'>πρὸς</span> 
     </span>
     <span class='ocr_line' id='line_1_16' title="bbox 185 1161 1234 1214; baseline -0.001 -14"><span class='ocrx_word' id='word_1_123' title='bbox 185 1162 286 1201; x_wconf 78' lang='grc' dir='ltr'>αὐτὸν</span> <span class='ocrx_word' id='word_1_124' title='bbox 317 1161 571 1214; x_wconf 85' lang='grc' dir='ltr'>ἀναδέχεσθαι,</span> <span class='ocrx_word' id='word_1_125' title='bbox 604 1161 684 1200; x_wconf 86' lang='grc' dir='ltr'>καθ’</span> <span class='ocrx_word' id='word_1_126' title='bbox 705 1162 748 1210; x_wconf 86' lang='grc' dir='ltr'><strong>ἣν</strong></span> <span class='ocrx_word' id='word_1_127' title='bbox 769 1161 975 1214; x_wconf 81' lang='grc' dir='ltr'>ἐρίζομεν</span> <span class='ocrx_word' id='word_1_128' title='bbox 995 1161 1125 1213; x_wconf 90' lang='grc' dir='ltr'>τρόπον</span> <span class='ocrx_word' id='word_1_129' title='bbox 1157 1163 1234 1200; x_wconf 84' lang='grc' dir='ltr'>τινὰ</span> 
     </span>
     <span class='ocr_line' id='line_1_17' title="bbox 184 1219 1236 1273; baseline -0.001 -14"><span class='ocrx_word' id='word_1_130' title='bbox 184 1220 245 1259; x_wconf 83' lang='grc' dir='ltr'><strong>καὶ</strong></span> <span class='ocrx_word' id='word_1_131' title='bbox 289 1222 548 1273; x_wconf 79' lang='grc' dir='ltr'>φιλονεικοῦμεν</span> <span class='ocrx_word' id='word_1_132' title='bbox 560 1251 569 1266; x_wconf 88' lang='grc'>,</span> <span class='ocrx_word' id='word_1_133' title='bbox 604 1220 735 1259; x_wconf 80' lang='grc' dir='ltr'>ἐκείνου</span> <span class='ocrx_word' id='word_1_134' title='bbox 770 1219 929 1271; x_wconf 83' lang='grc' dir='ltr'>λέγοντος</span> <span class='ocrx_word' id='word_1_135' title='bbox 941 1249 952 1266; x_wconf 94' lang='grc'>,</span> <span class='ocrx_word' id='word_1_136' title='bbox 985 1219 1048 1267; x_wconf 84' lang='grc' dir='ltr'><strong>Μὴ</strong></span> <span class='ocrx_word' id='word_1_137' title='bbox 1085 1220 1236 1273; x_wconf 82' lang='grc' dir='ltr'>ποιήσῃς</span> 
     </span>
     <span class='ocr_line' id='line_1_18' title="bbox 183 1277 1234 1329; baseline -0.001 -11"><span class='ocrx_word' id='word_1_138' title='bbox 183 1279 286 1327; x_wconf 85' lang='grc' dir='ltr'>τόδε,</span> <span class='ocrx_word' id='word_1_139' title='bbox 308 1282 410 1317; x_wconf 79' lang='grc' dir='ltr'>τοῦτο</span> <span class='ocrx_word' id='word_1_140' title='bbox 442 1279 528 1317; x_wconf 79' lang='grc' dir='ltr'>αὐτὸ</span> <span class='ocrx_word' id='word_1_141' title='bbox 549 1279 706 1329; x_wconf 87' lang='grc' dir='ltr'>μάλιστα</span> <span class='ocrx_word' id='word_1_142' title='bbox 727 1279 838 1317; x_wconf 82' lang='grc' dir='ltr'>ποιεῖν</span> <span class='ocrx_word' id='word_1_143' title='bbox 870 1277 1020 1318; x_wconf 83' lang='grc' dir='ltr'>ἐθέλειν·</span> <span class='ocrx_word' id='word_1_144' title='bbox 1049 1278 1110 1316; x_wconf 76' lang='grc' dir='ltr'><strong>καὶ</strong></span> <span class='ocrx_word' id='word_1_145' title='bbox 1127 1279 1234 1318; x_wconf 84' lang='grc' dir='ltr'>πάλιν</span> 
     </span>
     <span class='ocr_line' id='line_1_19' title="bbox 184 1331 1233 1389; baseline -0.001 -13"><span class='ocrx_word' id='word_1_146' title='bbox 184 1331 252 1385; x_wconf 75' lang='grc' dir='ltr'><strong>αῧ,</strong></span> <span class='ocrx_word' id='word_1_147' title='bbox 274 1339 304 1377; x_wconf 84' lang='grc' dir='ltr'><strong>εἷ</strong></span> <span class='ocrx_word' id='word_1_148' title='bbox 339 1340 465 1381; x_wconf 83' lang='grc' dir='ltr'>ἐκεῖνος</span> <span class='ocrx_word' id='word_1_149' title='bbox 490 1337 607 1389; x_wconf 78' lang='grc' dir='ltr'>λέγοι,</span> <span class='ocrx_word' id='word_1_150' title='bbox 641 1336 797 1384; x_wconf 86' lang='grc' dir='ltr'>Ποίησον</span> <span class='ocrx_word' id='word_1_151' title='bbox 823 1337 920 1385; x_wconf 87' lang='grc' dir='ltr'>τόδε,</span> <span class='ocrx_word' id='word_1_152' title='bbox 950 1338 1035 1376; x_wconf 78' lang='grc' dir='ltr'>αὐτὸ</span> <span class='ocrx_word' id='word_1_153' title='bbox 1051 1341 1152 1376; x_wconf 79' lang='grc' dir='ltr'>τοῦτο</span> <span class='ocrx_word' id='word_1_154' title='bbox 1184 1338 1233 1389; x_wconf 82' lang='grc' dir='ltr'><strong>μὴ</strong></span> 
     </span>
     <span class='ocr_line' id='line_1_20' title="bbox 184 1393 1237 1449; baseline 0.001 -15"><span class='ocrx_word' id='word_1_155' title='bbox 184 1401 296 1435; x_wconf 86' lang='grc' dir='ltr'>ποιεῖν</span> <span class='ocrx_word' id='word_1_156' title='bbox 308 1411 316 1420; x_wconf 92' lang='grc'><em>·</em></span> <span class='ocrx_word' id='word_1_157' title='bbox 333 1395 390 1434; x_wconf 77' lang='grc' dir='ltr'><strong>ἵνα</strong></span> <span class='ocrx_word' id='word_1_158' title='bbox 410 1395 621 1448; x_wconf 81' lang='grc' dir='ltr'>ἑκατέρωθεν</span> <span class='ocrx_word' id='word_1_159' title='bbox 639 1397 700 1442; x_wconf 78' lang='grc' dir='ltr'>τ’ῆς</span> <span class='ocrx_word' id='word_1_160' title='bbox 717 1394 918 1443; x_wconf 82' lang='grc' dir='ltr'>ἀθλιότητος</span> <span class='ocrx_word' id='word_1_161' title='bbox 939 1393 1081 1439; x_wconf 80' lang='grc' dir='ltr'>ἑαυτοὺς</span> <span class='ocrx_word' id='word_1_162' title='bbox 1094 1396 1237 1449; x_wconf 82' lang='grc' dir='ltr'>πληρώ-</span> 
     </span>
     <span class='ocr_line' id='line_1_21' title="bbox 184 1453 1236 1507; baseline 0 -14"><span class='ocrx_word' id='word_1_163' title='bbox 184 1469 292 1493; x_wconf 87' lang='grc' dir='ltr'>σωσιν</span> <span class='ocrx_word' id='word_1_164' title='bbox 316 1455 348 1493; x_wconf 80' lang='grc' dir='ltr'><strong>οἱ</strong></span> <span class='ocrx_word' id='word_1_165' title='bbox 363 1453 422 1494; x_wconf 74' lang='grc' dir='ltr'><strong>τὸν</strong></span> <span class='ocrx_word' id='word_1_166' title='bbox 443 1458 531 1494; x_wconf 89' lang='grc' dir='ltr'>θεῖον</span> <span class='ocrx_word' id='word_1_167' title='bbox 551 1453 657 1505; x_wconf 89' lang='grc' dir='ltr'>νόμον</span> <span class='ocrx_word' id='word_1_168' title='bbox 678 1453 894 1497; x_wconf 69' lang='grc' dir='ltr'>ἔκδαίνοντες</span> <span class='ocrx_word' id='word_1_169' title='bbox 906 1484 916 1501; x_wconf 90' lang='grc'>,</span> <span class='ocrx_word' id='word_1_170' title='bbox 933 1456 983 1507; x_wconf 80' lang='grc' dir='ltr'><strong>τῷ</strong></span> <span class='ocrx_word' id='word_1_171' title='bbox 1003 1469 1040 1492; x_wconf 91' lang='grc' dir='ltr'><strong>τε</strong></span> <span class='ocrx_word' id='word_1_172' title='bbox 1055 1453 1104 1505; x_wconf 85' lang='grc' dir='ltr'><strong>μὴ</strong></span> <span class='ocrx_word' id='word_1_173' title='bbox 1126 1459 1236 1493; x_wconf 89' lang='grc' dir='ltr'>ποιεῖν</span> 
     </span>
     <span class='ocr_line' id='line_1_22' title="bbox 184 1513 1230 1588; baseline 0 -37"><span class='ocrx_word' id='word_1_174' title='bbox 184 1513 228 1551; x_wconf 86' lang='grc' dir='ltr'><strong>τὰ</strong></span> <span class='ocrx_word' id='word_1_175' title='bbox 224 1514 567 1588; x_wconf 74' lang='grc' dir='ltr'>προστεταγμένα,</span> <span class='ocrx_word' id='word_1_176' title='bbox 590 1513 651 1551; x_wconf 85' lang='grc' dir='ltr'><strong>καὶ</strong></span> <span class='ocrx_word' id='word_1_177' title='bbox 670 1515 720 1566; x_wconf 85' lang='grc' dir='ltr'><strong>τῶ</strong></span> <span class='ocrx_word' id='word_1_178' title='bbox 739 1516 851 1552; x_wconf 90' lang='grc' dir='ltr'>ποιεῖν</span> <span class='ocrx_word' id='word_1_179' title='bbox 880 1513 926 1552; x_wconf 82' lang='grc' dir='ltr'><strong>τὰ</strong></span> <span class='ocrx_word' id='word_1_180' title='bbox 947 1513 1230 1565; x_wconf 87' lang='grc' dir='ltr'>ἀπηγορευμένα.</span> 
     </span>
    </p>

    <p class='ocr_par' dir='ltr' id='par_1_4' title="bbox 184 1570 1238 1861">
     <span class='ocr_line' id='line_1_23' title="bbox 184 1570 1237 1625; baseline -0.001 -13.992"><span class='ocrx_word' id='word_1_181' title='bbox 184 1571 234 1612; x_wconf 74' lang='lat' dir='ltr'><strong>&#39;li</strong></span> <span class='ocrx_word' id='word_1_182' title='bbox 251 1588 310 1611; x_wconf 91' lang='grc' dir='ltr'><strong>ουν</strong></span> <span class='ocrx_word' id='word_1_183' title='bbox 330 1588 415 1625; x_wconf 91' lang='grc' dir='ltr'>προς</span> <span class='ocrx_word' id='word_1_184' title='bbox 431 1588 495 1619; x_wconf 87' lang='grc' dir='ltr'><strong>την</strong></span> <span class='ocrx_word' id='word_1_185' title='bbox 508 1571 682 1624; x_wconf 83' lang='grc' dir='ltr'>λυγρὰν</span> <span class='ocrx_word' id='word_1_186' title='bbox 699 1571 868 1620; x_wconf 83' lang='grc' dir='ltr'>ταύτην</span> <span class='ocrx_word' id='word_1_187' title='bbox 889 1570 1002 1623; x_wconf 86' lang='grc' dir='ltr'>ἔριν,</span> <span class='ocrx_word' id='word_1_188' title='bbox 1018 1571 1095 1618; x_wconf 89' lang='grc' dir='ltr'><strong>τὴν</strong></span> <span class='ocrx_word' id='word_1_189' title='bbox 1116 1587 1237 1610; x_wconf 86' lang='grc' dir='ltr'>συνο-</span> 
     </span>
     <span class='ocr_line' id='line_1_24' title="bbox 184 1629 1234 1683; baseline -0.001 -14"><span class='ocrx_word' id='word_1_190' title='bbox 184 1630 320 1669; x_wconf 82' lang='grc' dir='ltr'>παδὸν</span> <span class='ocrx_word' id='word_1_191' title='bbox 336 1630 411 1679; x_wconf 83' lang='grc' dir='ltr'><strong>ἅμα</strong></span> <span class='ocrx_word' id='word_1_192' title='bbox 426 1632 487 1670; x_wconf 84' lang='grc' dir='ltr'><strong>καὶ</strong></span> <span class='ocrx_word' id='word_1_193' title='bbox 504 1646 526 1669; x_wconf 87' lang='grc' dir='ltr'>σ</span> <span class='ocrx_word' id='word_1_194' title='bbox 537 1630 556 1668; x_wconf 83' lang='grc' dir='ltr'>ύ</span> <span class='ocrx_word' id='word_1_195' title='bbox 567 1646 708 1683; x_wconf 82' lang='grc' dir='ltr'>μφυτο</span> <span class='ocrx_word' id='word_1_196' title='bbox 720 1646 738 1668; x_wconf 87' lang='grc' dir='ltr'>ν</span> <span class='ocrx_word' id='word_1_197' title='bbox 753 1630 971 1682; x_wconf 78' lang='grc' dir='ltr'>λεγομένην,</span> <span class='ocrx_word' id='word_1_198' title='bbox 987 1629 1234 1683; x_wconf 82' lang='grc' dir='ltr'>ἐξευρήσομεν,</span> 
     </span>
     <span class='ocr_line' id='line_1_25' title="bbox 186 1688 1238 1743; baseline -0.001 -14"><span class='ocrx_word' id='word_1_199' title='bbox 186 1690 249 1738; x_wconf 81' lang='grc' dir='ltr'><strong>τὴν</strong></span> <span class='ocrx_word' id='word_1_200' title='bbox 274 1691 314 1729; x_wconf 80' lang='grc' dir='ltr'><strong>ἐκ</strong></span> <span class='ocrx_word' id='word_1_201' title='bbox 331 1693 393 1729; x_wconf 79' lang='grc' dir='ltr'><strong>τοῦ</strong></span> <span class='ocrx_word' id='word_1_202' title='bbox 413 1691 464 1743; x_wconf 82' lang='grc' dir='ltr'><strong>ἐφ’</strong></span> <span class='ocrx_word' id='word_1_203' title='bbox 485 1690 570 1739; x_wconf 83' lang='grc' dir='ltr'>ἡμῖν</span> <span class='ocrx_word' id='word_1_204' title='bbox 589 1688 688 1741; x_wconf 81' lang='grc' dir='ltr'>παρὰ</span> <span class='ocrx_word' id='word_1_205' title='bbox 709 1689 811 1742; x_wconf 82' lang='grc' dir='ltr'>φύσιν</span> <span class='ocrx_word' id='word_1_206' title='bbox 835 1688 1047 1732; x_wconf 83' lang='grc' dir='ltr'>διατεθέντος</span> <span class='ocrx_word' id='word_1_207' title='bbox 1064 1689 1238 1741; x_wconf 84' lang='grc' dir='ltr'>ἐγειρομέ-</span> 
     </span>
     <span class='ocr_line' id='line_1_26' title="bbox 186 1747 1238 1798; baseline -0.001 -12"><span class='ocrx_word' id='word_1_208' title='bbox 186 1765 248 1795; x_wconf 86' lang='grc' dir='ltr'><strong>νην</strong></span> <span class='ocrx_word' id='word_1_209' title='bbox 264 1779 274 1798; x_wconf 89' lang='grc'>,</span> <span class='ocrx_word' id='word_1_210' title='bbox 297 1749 356 1787; x_wconf 82' lang='grc' dir='ltr'><strong>καὶ</strong></span> <span class='ocrx_word' id='word_1_211' title='bbox 377 1747 434 1787; x_wconf 77' lang='grc' dir='ltr'><strong>διὰ</strong></span> <span class='ocrx_word' id='word_1_212' title='bbox 470 1752 591 1796; x_wconf 80' lang='grc' dir='ltr'>τοῦτο,</span> <span class='ocrx_word' id='word_1_213' title='bbox 624 1751 670 1792; x_wconf 85' lang='grc' dir='ltr'>ὡς</span> <span class='ocrx_word' id='word_1_214' title='bbox 695 1749 820 1786; x_wconf 79' lang='grc' dir='ltr'>οἰκεῖον</span> <span class='ocrx_word' id='word_1_215' title='bbox 857 1747 1019 1795; x_wconf 88' lang='grc' dir='ltr'>κακόν,</span> <span class='ocrx_word' id='word_1_216' title='bbox 1043 1747 1238 1794; x_wconf 81' lang='grc' dir='ltr'>λεληθότως</span> 
     </span>
     <span class='ocr_line' id='line_1_27' title="bbox 188 1805 1238 1861; baseline -0.003 -15"><span class='ocrx_word' id='word_1_217' title='bbox 188 1809 358 1860; x_wconf 81' lang='grc' dir='ltr'>βλάπτειν</span> <span class='ocrx_word' id='word_1_218' title='bbox 375 1808 593 1861; x_wconf 64' lang='grc' dir='ltr'>πεφυκυῖανς</span> <span class='ocrx_word' id='word_1_219' title='bbox 616 1806 665 1847; x_wconf 89' lang='grc' dir='ltr'>Τί</span> <span class='ocrx_word' id='word_1_220' title='bbox 689 1806 774 1861; x_wconf 82' lang='grc' dir='ltr'>πρὸς</span> <span class='ocrx_word' id='word_1_221' title='bbox 790 1805 919 1854; x_wconf 83' lang='grc' dir='ltr'>ταύτην</span> <span class='ocrx_word' id='word_1_222' title='bbox 941 1805 1149 1845; x_wconf 82' lang='grc' dir='ltr'>ἀντιτιθέναι</span> <span class='ocrx_word' id='word_1_223' title='bbox 1169 1806 1218 1844; x_wconf 85' lang='grc' dir='ltr'><strong>δεῖ</strong></span> <span class='ocrx_word' id='word_1_224' title='bbox 1225 1820 1238 1855; x_wconf 86' lang='lat'>;</span> 
     </span>
    </p>
   </div>
   <div class='ocr_carea' id='block_1_4' title="bbox 152 1954 1244 3123">
    <p class='ocr_par' dir='ltr' id='par_1_5' title="bbox 152 1954 1244 3123">
     <span class='ocr_line' id='line_1_28' title="bbox 186 1954 1237 2005; baseline -0.005 -11"><span class='ocrx_word' id='word_1_225' title='bbox 186 1958 243 1994; x_wconf 87' lang='lat' dir='ltr'><strong>ria</strong></span> <span class='ocrx_word' id='word_1_226' title='bbox 263 1970 302 1994; x_wconf 89' lang='lat' dir='ltr'><strong>se</strong></span> <span class='ocrx_word' id='word_1_227' title='bbox 323 1957 511 2005; x_wconf 83' lang='lat' dir='ltr'>obruant,</span> <span class='ocrx_word' id='word_1_228' title='bbox 539 1957 604 2004; x_wconf 91' lang='lat' dir='ltr'><strong>qui</strong></span> <span class='ocrx_word' id='word_1_229' title='bbox 628 1956 794 1992; x_wconf 87' lang='lat' dir='ltr'><strong>divinam</strong></span> <span class='ocrx_word' id='word_1_230' title='bbox 826 1955 944 2004; x_wconf 79' lang='lat' dir='ltr'><strong>legem</strong></span> <span class='ocrx_word' id='word_1_231' title='bbox 978 1954 1237 2003; x_wconf 84' lang='lat' dir='ltr'><strong>egrediuntur,</strong></span> 
     </span>
     <span class='ocr_line' id='line_1_29' title="bbox 182 2012 1242 2065; baseline -0.006 -11"><span class='ocrx_word' id='word_1_232' title='bbox 182 2017 280 2065; x_wconf 84' lang='lat' dir='ltr'><strong>jussa</strong></span> <span class='ocrx_word' id='word_1_233' title='bbox 308 2029 389 2052; x_wconf 91' lang='lat' dir='ltr'><strong>non</strong></span> <span class='ocrx_word' id='word_1_234' title='bbox 411 2015 611 2063; x_wconf 82' lang='lat' dir='ltr'><strong>faciendo,</strong></span> <span class='ocrx_word' id='word_1_235' title='bbox 628 2015 743 2051; x_wconf 88' lang='lat' dir='ltr'><strong>vetita</strong></span> <span class='ocrx_word' id='word_1_236' title='bbox 765 2021 891 2050; x_wconf 89' lang='lat' dir='ltr'><strong>autem</strong></span> <span class='ocrx_word' id='word_1_237' title='bbox 913 2013 1105 2051; x_wconf 89' lang='lat' dir='ltr'><strong>faciendo.</strong></span> <span class='ocrx_word' id='word_1_238' title='bbox 1139 2012 1242 2060; x_wconf 85' lang='lat' dir='ltr'><strong>Quid</strong></span> 
     </span>
     <span class='ocr_line' id='line_1_30' title="bbox 186 2073 1241 2126; baseline -0.004 -14"><span class='ocrx_word' id='word_1_239' title='bbox 186 2077 302 2126; x_wconf 87' lang='lat' dir='ltr'><strong>igitur</strong></span> <span class='ocrx_word' id='word_1_240' title='bbox 332 2075 510 2112; x_wconf 88' lang='lat' dir='ltr'><strong>adversus</strong></span> <span class='ocrx_word' id='word_1_241' title='bbox 538 2086 690 2122; x_wconf 76' lang='lat' dir='ltr'><strong>gravem</strong></span> <span class='ocrx_word' id='word_1_242' title='bbox 715 2073 814 2109; x_wconf 79' lang='lat' dir='ltr'><strong>hanc</strong></span> <span class='ocrx_word' id='word_1_243' title='bbox 839 2076 1138 2117; x_wconf 61' lang='lat' dir='ltr'><strong>contentionem,</strong></span> <span class='ocrx_word' id='word_1_244' title='bbox 1158 2085 1241 2121; x_wconf 85' lang='lat' dir='ltr'><strong>quae</strong></span> 
     </span>
     <span class='ocr_line' id='line_1_31' title="bbox 186 2130 1239 2181; baseline -0.007 -8"><span class='ocrx_word' id='word_1_245' title='bbox 186 2149 309 2173; x_wconf 83' lang='lat' dir='ltr'><strong>comes</strong></span> <span class='ocrx_word' id='word_1_246' title='bbox 340 2135 450 2171; x_wconf 90' lang='lat' dir='ltr'><strong>simul</strong></span> <span class='ocrx_word' id='word_1_247' title='bbox 481 2141 519 2170; x_wconf 90' lang='lat' dir='ltr'><strong>et</strong></span> <span class='ocrx_word' id='word_1_248' title='bbox 555 2137 687 2169; x_wconf 82' lang='lat' dir='ltr'><strong>innata</strong></span> <span class='ocrx_word' id='word_1_249' title='bbox 722 2132 878 2178; x_wconf 80' lang='lat' dir='ltr'><strong>dicitur,</strong></span> <span class='ocrx_word' id='word_1_250' title='bbox 914 2130 1216 2181; x_wconf 84' lang='lat' dir='ltr'>excogitabimus</span> <span class='ocrx_word' id='word_1_251' title='bbox 1229 2157 1239 2175; x_wconf 90' lang='lat'><strong>,</strong></span> 
     </span>
     <span class='ocr_line' id='line_1_32' title="bbox 189 2189 1241 2245; baseline -0.006 -14"><span class='ocrx_word' id='word_1_252' title='bbox 189 2208 273 2245; x_wconf 85' lang='lat' dir='ltr'><strong>quae</strong></span> <span class='ocrx_word' id='word_1_253' title='bbox 291 2195 414 2230; x_wconf 87' lang='lat' dir='ltr'><strong>libero</strong></span> <span class='ocrx_word' id='word_1_254' title='bbox 429 2193 589 2230; x_wconf 86' lang='lat' dir='ltr'><strong>arbitrio</strong></span> <span class='ocrx_word' id='word_1_255' title='bbox 606 2199 739 2228; x_wconf 89' lang='lat' dir='ltr'><strong>nostro</strong></span> <span class='ocrx_word' id='word_1_256' title='bbox 754 2199 896 2240; x_wconf 82' lang='lat' dir='ltr'><strong>praeter</strong></span> <span class='ocrx_word' id='word_1_257' title='bbox 909 2198 1083 2227; x_wconf 86' lang='lat' dir='ltr'><strong>naturam</strong></span> <span class='ocrx_word' id='word_1_258' title='bbox 1101 2189 1241 2227; x_wconf 84' lang='lat' dir='ltr'><strong>affecto</strong></span> 
     </span>
     <span class='ocr_line' id='line_1_33' title="bbox 187 2249 1238 2300; baseline -0.009 -8"><span class='ocrx_word' id='word_1_259' title='bbox 187 2256 374 2292; x_wconf 84' lang='lat' dir='ltr'><strong>excitatur</strong></span> <span class='ocrx_word' id='word_1_260' title='bbox 402 2253 571 2300; x_wconf 87' lang='lat' dir='ltr'><strong>ideoque</strong></span> <span class='ocrx_word' id='word_1_261' title='bbox 592 2259 774 2299; x_wconf 84' lang='lat' dir='ltr'><strong>tanquam</strong></span> <span class='ocrx_word' id='word_1_262' title='bbox 795 2252 936 2286; x_wconf 81' lang='lat' dir='ltr'><strong>malum</strong></span> <span class='ocrx_word' id='word_1_263' title='bbox 966 2249 1212 2285; x_wconf 87' lang='lat' dir='ltr'><strong>domesticum</strong></span> <span class='ocrx_word' id='word_1_264' title='bbox 1229 2276 1238 2294; x_wconf 92' lang='lat'>‚</span> 
     </span>
     <span class='ocr_line' id='line_1_34' title="bbox 188 2308 1242 2356; baseline -0.006 -7"><span class='ocrx_word' id='word_1_265' title='bbox 188 2313 238 2350; x_wconf 84' lang='lat' dir='ltr'><strong>ad</strong></span> <span class='ocrx_word' id='word_1_266' title='bbox 257 2313 528 2350; x_wconf 77' lang='lat' dir='ltr'><strong>detrimentum</strong></span> <span class='ocrx_word' id='word_1_267' title='bbox 549 2312 710 2346; x_wconf 88' lang='lat' dir='ltr'><strong>latenter</strong></span> <span class='ocrx_word' id='word_1_268' title='bbox 727 2310 839 2345; x_wconf 86' lang='lat' dir='ltr'><strong>nobis</strong></span> <span class='ocrx_word' id='word_1_269' title='bbox 858 2308 1096 2345; x_wconf 85' lang='lat' dir='ltr'><strong>afferendum</strong></span> <span class='ocrx_word' id='word_1_270' title='bbox 1110 2314 1242 2356; x_wconf 87' lang='lat' dir='ltr'><strong>parata</strong></span> 
     </span>
     <span class='ocr_line' id='line_1_35' title="bbox 188 2366 1242 2419; baseline -0.008 -10"><span class='ocrx_word' id='word_1_271' title='bbox 188 2372 267 2409; x_wconf 81' lang='lat' dir='ltr'><strong>est?</strong></span> <span class='ocrx_word' id='word_1_272' title='bbox 285 2371 388 2419; x_wconf 89' lang='lat' dir='ltr'><strong>Quid</strong></span> <span class='ocrx_word' id='word_1_273' title='bbox 407 2371 498 2406; x_wconf 86' lang='lat' dir='ltr'><strong>huic</strong></span> <span class='ocrx_word' id='word_1_274' title='bbox 531 2381 727 2418; x_wconf 86' lang='lat' dir='ltr'><strong>opponere</strong></span> <span class='ocrx_word' id='word_1_275' title='bbox 748 2368 927 2417; x_wconf 82' lang='lat' dir='ltr'><strong>oportet?</strong></span> <span class='ocrx_word' id='word_1_276' title='bbox 945 2367 1139 2416; x_wconf 89' lang='lat' dir='ltr'>quodnam</span> <span class='ocrx_word' id='word_1_277' title='bbox 1167 2366 1242 2402; x_wconf 90' lang='lat' dir='ltr'><strong>dis-</strong></span> 
     </span>
     <span class='ocr_line' id='line_1_36' title="bbox 189 2426 1243 2476; baseline -0.006 -9"><span class='ocrx_word' id='word_1_278' title='bbox 189 2430 330 2467; x_wconf 84' lang='lat' dir='ltr'><strong>cordiae</strong></span> <span class='ocrx_word' id='word_1_279' title='bbox 367 2429 525 2465; x_wconf 87' lang='lat' dir='ltr'><strong>furentis</strong></span> <span class='ocrx_word' id='word_1_280' title='bbox 567 2427 781 2464; x_wconf 86' lang='lat' dir='ltr'><strong>remedium</strong></span> <span class='ocrx_word' id='word_1_281' title='bbox 818 2426 1012 2476; x_wconf 84' lang='lat' dir='ltr'><strong>reperire?</strong></span> <span class='ocrx_word' id='word_1_282' title='bbox 1059 2426 1153 2474; x_wconf 91' lang='lat' dir='ltr'><strong>quid</strong></span> <span class='ocrx_word' id='word_1_283' title='bbox 1190 2433 1243 2461; x_wconf 90' lang='lat' dir='ltr'><strong>est</strong></span> 
     </span>
     <span class='ocr_line' id='line_1_37' title="bbox 190 2486 1242 2538; baseline -0.005 -13"><span class='ocrx_word' id='word_1_284' title='bbox 190 2489 298 2538; x_wconf 87' lang='lat' dir='ltr'><strong>quod</strong></span> <span class='ocrx_word' id='word_1_285' title='bbox 329 2489 408 2524; x_wconf 86' lang='lat' dir='ltr'><strong>vim</strong></span> <span class='ocrx_word' id='word_1_286' title='bbox 431 2488 608 2524; x_wconf 88' lang='lat' dir='ltr'><strong>deorsum</strong></span> <span class='ocrx_word' id='word_1_287' title='bbox 636 2493 809 2535; x_wconf 85' lang='lat' dir='ltr'><strong>agentem</strong></span> <span class='ocrx_word' id='word_1_288' title='bbox 833 2486 1024 2530; x_wconf 87' lang='lat' dir='ltr'><strong>inhibeat,</strong></span> <span class='ocrx_word' id='word_1_289' title='bbox 1043 2486 1115 2521; x_wconf 88' lang='lat' dir='ltr'><strong>nisi</strong></span> <span class='ocrx_word' id='word_1_290' title='bbox 1134 2492 1177 2520; x_wconf 89' lang='lat' dir='ltr'><strong>ut</strong></span> <span class='ocrx_word' id='word_1_291' title='bbox 1199 2497 1242 2520; x_wconf 89' lang='lat' dir='ltr'><strong>ea</strong></span> 
     </span>
     <span class='ocr_line' id='line_1_38' title="bbox 152 2544 1242 2596; baseline -0.005 -12"><span class='ocrx_word' id='word_1_292' title='bbox 152 2564 158 2570; x_wconf 93' lang='lat'><strong>·</strong></span> <span class='ocrx_word' id='word_1_293' title='bbox 190 2559 344 2596; x_wconf 81' lang='lat' dir='ltr'>agamus</span> <span class='ocrx_word' id='word_1_294' title='bbox 357 2575 367 2595; x_wconf 91' lang='lat'><strong>,</strong></span> <span class='ocrx_word' id='word_1_295' title='bbox 381 2546 609 2582; x_wconf 84' lang='lat' dir='ltr'><strong>meditemur</strong></span> <span class='ocrx_word' id='word_1_296' title='bbox 625 2553 661 2581; x_wconf 89' lang='lat' dir='ltr'><strong>et</strong></span> <span class='ocrx_word' id='word_1_297' title='bbox 678 2557 844 2581; x_wconf 89' lang='lat' dir='ltr'><strong>amemus</strong></span> <span class='ocrx_word' id='word_1_298' title='bbox 861 2557 943 2592; x_wconf 83' lang='lat' dir='ltr'><strong>quae</strong></span> <span class='ocrx_word' id='word_1_299' title='bbox 961 2557 1031 2580; x_wconf 90' lang='lat' dir='ltr'><strong>nos</strong></span> <span class='ocrx_word' id='word_1_300' title='bbox 1051 2545 1090 2579; x_wconf 92' lang='lat' dir='ltr'><strong>in</strong></span> <span class='ocrx_word' id='word_1_301' title='bbox 1106 2544 1242 2580; x_wconf 85' lang='lat' dir='ltr'><strong>divinae</strong></span> 
     </span>
     <span class='ocr_line' id='line_1_39' title="bbox 189 2602 1240 2643; baseline -0.004 -1"><span class='ocrx_word' id='word_1_302' title='bbox 189 2607 340 2643; x_wconf 83' lang='lat' dir='ltr'><strong>virtutis</strong></span> <span class='ocrx_word' id='word_1_303' title='bbox 360 2606 421 2641; x_wconf 88' lang='lat' dir='ltr'><strong>via</strong></span> <span class='ocrx_word' id='word_1_304' title='bbox 449 2604 604 2640; x_wconf 80' lang='lat' dir='ltr'><strong>sistent?</strong></span> <span class='ocrx_word' id='word_1_305' title='bbox 624 2602 710 2639; x_wconf 81' lang='lat' dir='ltr'><strong>Haec</strong></span> <span class='ocrx_word' id='word_1_306' title='bbox 731 2604 832 2640; x_wconf 91' lang='lat' dir='ltr'><strong>enim</strong></span> <span class='ocrx_word' id='word_1_307' title='bbox 852 2610 938 2639; x_wconf 89' lang='lat' dir='ltr'><strong>sunt</strong></span> <span class='ocrx_word' id='word_1_308' title='bbox 968 2605 1151 2639; x_wconf 78' lang='lat' dir='ltr'><strong>malorum</strong></span> <span class='ocrx_word' id='word_1_309' title='bbox 1183 2616 1240 2638; x_wconf 86' lang='lat' dir='ltr'><strong>re-</strong></span> 
     </span>
     <span class='ocr_line' id='line_1_40' title="bbox 191 2661 1242 2712; baseline -0.004 -12"><span class='ocrx_word' id='word_1_310' title='bbox 191 2665 318 2700; x_wconf 80' lang='lat' dir='ltr'><strong>media</strong></span> <span class='ocrx_word' id='word_1_311' title='bbox 326 2667 461 2712; x_wconf 81' lang='lat' dir='ltr'><strong>paucis</strong></span> <span class='ocrx_word' id='word_1_312' title='bbox 473 2665 632 2710; x_wconf 81' lang='lat' dir='ltr'><strong>cognita,</strong></span> <span class='ocrx_word' id='word_1_313' title='bbox 661 2661 738 2697; x_wconf 82' lang='lat' dir='ltr'><strong>liaec</strong></span> <span class='ocrx_word' id='word_1_314' title='bbox 760 2665 966 2697; x_wconf 81' lang='lat' dir='ltr'><strong>vicinorum</strong></span> <span class='ocrx_word' id='word_1_315' title='bbox 984 2662 1157 2697; x_wconf 81' lang='lat' dir='ltr'><strong>bonorum</strong></span> <span class='ocrx_word' id='word_1_316' title='bbox 1172 2674 1242 2696; x_wconf 83' lang='lat' dir='ltr'><strong>au-</strong></span> 
     </span>
     <span class='ocr_line' id='line_1_41' title="bbox 189 2720 1243 2769; baseline -0.004 -10"><span class='ocrx_word' id='word_1_317' title='bbox 189 2723 282 2759; x_wconf 78' lang='lat' dir='ltr'><strong>ditio</strong></span> <span class='ocrx_word' id='word_1_318' title='bbox 295 2730 333 2758; x_wconf 83' lang='lat' dir='ltr'><strong>et</strong></span> <span class='ocrx_word' id='word_1_319' title='bbox 341 2722 617 2769; x_wconf 64' lang='lat' dir='ltr'><strong>contemplatae,</strong></span> <span class='ocrx_word' id='word_1_320' title='bbox 638 2720 717 2756; x_wconf 87' lang='lat' dir='ltr'><strong>haec</strong></span> <span class='ocrx_word' id='word_1_321' title='bbox 738 2732 760 2756; x_wconf 88' lang='lat' dir='ltr'><strong>a</strong></span> <span class='ocrx_word' id='word_1_322' title='bbox 779 2721 1060 2761; x_wconf 78' lang='lat' dir='ltr'><strong>calamitatibus</strong></span> <span class='ocrx_word' id='word_1_323' title='bbox 1075 2721 1170 2756; x_wconf 83' lang='lat' dir='ltr'><strong>ultro</strong></span> <span class='ocrx_word' id='word_1_324' title='bbox 1185 2733 1243 2755; x_wconf 79' lang='lat' dir='ltr'><strong>ar-</strong></span> 
     </span>
     <span class='ocr_line' id='line_1_42' title="bbox 190 2777 1242 2827; baseline -0.004 -10"><span class='ocrx_word' id='word_1_325' title='bbox 190 2783 328 2818; x_wconf 80' lang='lat' dir='ltr'><strong>cessitis</strong></span> <span class='ocrx_word' id='word_1_326' title='bbox 375 2780 554 2824; x_wconf 83' lang='lat' dir='ltr'><strong>liberant,</strong></span> <span class='ocrx_word' id='word_1_327' title='bbox 592 2779 672 2814; x_wconf 87' lang='lat' dir='ltr'><strong>haec</strong></span> <span class='ocrx_word' id='word_1_328' title='bbox 720 2777 886 2815; x_wconf 85' lang='lat' dir='ltr'><strong>infinitas</strong></span> <span class='ocrx_word' id='word_1_329' title='bbox 935 2778 1242 2827; x_wconf 83' lang='lat' dir='ltr'><strong>perturbationes</strong></span> 
     </span>
     <span class='ocr_line' id='line_1_43' title="bbox 190 2837 1241 2889; baseline -0.006 -12"><span class='ocrx_word' id='word_1_330' title='bbox 190 2839 417 2889; x_wconf 83' lang='lat' dir='ltr'><strong>praecidunt.</strong></span> <span class='ocrx_word' id='word_1_331' title='bbox 455 2839 544 2874; x_wconf 83' lang='lat' dir='ltr'><strong>Haec</strong></span> <span class='ocrx_word' id='word_1_332' title='bbox 577 2837 695 2885; x_wconf 87' lang='lat' dir='ltr'><strong>igitur</strong></span> <span class='ocrx_word' id='word_1_333' title='bbox 714 2838 788 2872; x_wconf 89' lang='lat' dir='ltr'><strong>sint</strong></span> <span class='ocrx_word' id='word_1_334' title='bbox 819 2844 856 2873; x_wconf 91' lang='lat' dir='ltr'><strong>et</strong></span> <span class='ocrx_word' id='word_1_335' title='bbox 894 2837 1019 2884; x_wconf 81' lang='lat' dir='ltr'><strong>impiae</strong></span> <span class='ocrx_word' id='word_1_336' title='bbox 1053 2849 1139 2872; x_wconf 88' lang='lat' dir='ltr'><strong>cum</strong></span> <span class='ocrx_word' id='word_1_337' title='bbox 1159 2838 1241 2872; x_wconf 87' lang='lat' dir='ltr'><strong>Deo</strong></span> 
     </span>
     <span class='ocr_line' id='line_1_44' title="bbox 193 2895 1243 2936; baseline -0.006 0"><span class='ocrx_word' id='word_1_338' title='bbox 193 2898 447 2936; x_wconf 83' lang='lat' dir='ltr'><strong>contentionis</strong></span> <span class='ocrx_word' id='word_1_339' title='bbox 464 2895 600 2932; x_wconf 86' lang='lat' dir='ltr'><strong>vitatio</strong></span> <span class='ocrx_word' id='word_1_340' title='bbox 624 2903 661 2932; x_wconf 89' lang='lat' dir='ltr'><strong>et</strong></span> <span class='ocrx_word' id='word_1_341' title='bbox 682 2897 796 2931; x_wconf 88' lang='lat' dir='ltr'><strong>animi</strong></span> <span class='ocrx_word' id='word_1_342' title='bbox 816 2896 914 2932; x_wconf 91' lang='lat' dir='ltr'><strong>salus</strong></span> <span class='ocrx_word' id='word_1_343' title='bbox 933 2903 971 2932; x_wconf 90' lang='lat' dir='ltr'><strong>et</strong></span> <span class='ocrx_word' id='word_1_344' title='bbox 991 2895 1149 2931; x_wconf 83' lang='lat' dir='ltr'><strong>furentis</strong></span> <span class='ocrx_word' id='word_1_345' title='bbox 1170 2896 1243 2931; x_wconf 84' lang='lat' dir='ltr'><strong>litis</strong></span> 
     </span>
     <span class='ocr_line' id='line_1_45' title="bbox 192 2955 1241 3006; baseline -0.005 -12"><span class='ocrx_word' id='word_1_346' title='bbox 192 2957 359 3006; x_wconf 85' lang='lat' dir='ltr'><strong>expiatio</strong></span> <span class='ocrx_word' id='word_1_347' title='bbox 380 2963 416 2992; x_wconf 90' lang='lat' dir='ltr'><strong>et</strong></span> <span class='ocrx_word' id='word_1_348' title='bbox 438 2956 534 3004; x_wconf 84' lang='lat' dir='ltr'><strong>fugae</strong></span> <span class='ocrx_word' id='word_1_349' title='bbox 557 2967 579 2990; x_wconf 92' lang='lat' dir='ltr'><strong>a</strong></span> <span class='ocrx_word' id='word_1_350' title='bbox 598 2956 680 2991; x_wconf 88' lang='lat' dir='ltr'><strong>Deo</strong></span> <span class='ocrx_word' id='word_1_351' title='bbox 699 2955 912 2992; x_wconf 76' lang='lat' dir='ltr'><strong>revocatio,</strong></span> <span class='ocrx_word' id='word_1_352' title='bbox 944 2955 1241 3003; x_wconf 70' lang='lat' dir='ltr'><strong>Propensi‘onem</strong></span> 
     </span>
     <span class='ocr_line' id='line_1_46' title="bbox 193 3013 1242 3053; baseline -0.003 -1"><span class='ocrx_word' id='word_1_353' title='bbox 193 3017 294 3053; x_wconf 90' lang='lat' dir='ltr'><strong>enim</strong></span> <span class='ocrx_word' id='word_1_354' title='bbox 316 3015 365 3052; x_wconf 91' lang='lat' dir='ltr'><strong>ad</strong></span> <span class='ocrx_word' id='word_1_355' title='bbox 392 3014 573 3051; x_wconf 86' lang='lat' dir='ltr'><strong>inferiora</strong></span> <span class='ocrx_word' id='word_1_356' title='bbox 592 3014 673 3049; x_wconf 81' lang='lat' dir='ltr'><strong>sola</strong></span> <span class='ocrx_word' id='word_1_357' title='bbox 701 3013 878 3049; x_wconf 86' lang='lat' dir='ltr'><strong>facultate</strong></span> <span class='ocrx_word' id='word_1_358' title='bbox 911 3026 1058 3049; x_wconf 87' lang='lat' dir='ltr'><strong>sursum</strong></span> <span class='ocrx_word' id='word_1_359' title='bbox 1087 3014 1242 3049; x_wconf 88' lang='lat' dir='ltr'><strong>tollente</strong></span> 
     </span>
     <span class='ocr_line' id='line_1_47' title="bbox 193 3073 1244 3123; baseline -0.004 -11"><span class='ocrx_word' id='word_1_360' title='bbox 193 3087 321 3112; x_wconf 88' lang='lat' dir='ltr'><strong>sanare</strong></span> <span class='ocrx_word' id='word_1_361' title='bbox 341 3075 546 3123; x_wconf 87' lang='lat' dir='ltr'><strong>possimus,</strong></span> <span class='ocrx_word' id='word_1_362' title='bbox 568 3073 599 3108; x_wconf 89' lang='lat' dir='ltr'><strong>si</strong></span> <span class='ocrx_word' id='word_1_363' title='bbox 617 3085 695 3108; x_wconf 92' lang='lat' dir='ltr'><strong>non</strong></span> <span class='ocrx_word' id='word_1_364' title='bbox 712 3073 815 3108; x_wconf 91' lang='lat' dir='ltr'><strong>illam</strong></span> <span class='ocrx_word' id='word_1_365' title='bbox 834 3073 993 3108; x_wconf 90' lang='lat' dir='ltr'><strong>ulterius</strong></span> <span class='ocrx_word' id='word_1_366' title='bbox 1012 3085 1244 3120; x_wconf 87' lang='lat' dir='ltr'><strong>promovea-</strong></span> 
     </span>
    </p>
   </div>
   <div class='ocr_carea' id='block_1_5' title="bbox 193 3131 1272 3183">
    <p class='ocr_par' dir='ltr' id='par_1_6' title="bbox 193 3131 1272 3183">
     <span class='ocr_line' id='line_1_48' title="bbox 193 3131 1272 3183; baseline -0.003 -13"><span class='ocrx_word' id='word_1_367' title='bbox 193 3146 298 3183; x_wconf 90' lang='lat' dir='ltr'><strong>mus,</strong></span> <span class='ocrx_word' id='word_1_368' title='bbox 318 3145 443 3182; x_wconf 91' lang='lat' dir='ltr'><strong>neque</strong></span> <span class='ocrx_word' id='word_1_369' title='bbox 461 3133 571 3168; x_wconf 90' lang='lat' dir='ltr'><strong>malis</strong></span> <span class='ocrx_word' id='word_1_370' title='bbox 602 3132 700 3168; x_wconf 86' lang='lat' dir='ltr'><strong>mala</strong></span> <span class='ocrx_word' id='word_1_371' title='bbox 734 3131 937 3178; x_wconf 83' lang='lat' dir='ltr'><strong>addamus,</strong></span> <span class='ocrx_word' id='word_1_372' title='bbox 956 3132 1022 3168; x_wconf 90' lang='lat' dir='ltr'><strong>sed</strong></span> <span class='ocrx_word' id='word_1_373' title='bbox 1047 3139 1158 3168; x_wconf 83' lang='lat' dir='ltr'><strong>rectae</strong></span> <span class='ocrx_word' id='word_1_374' title='bbox 1181 3145 1243 3167; x_wconf 89' lang='lat' dir='ltr'><strong>ra—</strong></span> <span class='ocrx_word' id='word_1_375' title='bbox 1269 3138 1272 3141; x_wconf 86' lang='lat'>&#39;</span> 
     </span>
    </p>
   </div>
   <div class='ocr_carea' id='block_1_6' title="bbox 194 3191 1247 3592">
    <p class='ocr_par' dir='ltr' id='par_1_7' title="bbox 194 3191 1247 3592">
     <span class='ocr_line' id='line_1_49' title="bbox 196 3191 1243 3240; baseline -0.003 -10"><span class='ocrx_word' id='word_1_376' title='bbox 196 3194 289 3230; x_wconf 88' lang='lat' dir='ltr'><strong>tioni</strong></span> <span class='ocrx_word' id='word_1_377' title='bbox 310 3193 561 3240; x_wconf 85' lang='lat' dir='ltr'><strong>obsequentes</strong></span> <span class='ocrx_word' id='word_1_378' title='bbox 574 3194 824 3240; x_wconf 84' lang='lat' dir='ltr'><strong>perniciosam</strong></span> <span class='ocrx_word' id='word_1_379' title='bbox 843 3191 945 3227; x_wconf 85' lang='lat' dir='ltr'><strong>illam</strong></span> <span class='ocrx_word' id='word_1_380' title='bbox 963 3192 1243 3235; x_wconf 84' lang='lat' dir='ltr'><strong>contentionem</strong></span> 
     </span>
     <span class='ocr_line' id='line_1_50' title="bbox 194 3251 1244 3299; baseline -0.001 -11"><span class='ocrx_word' id='word_1_381' title='bbox 194 3252 298 3288; x_wconf 90' lang='lat' dir='ltr'><strong>bona</strong></span> <span class='ocrx_word' id='word_1_382' title='bbox 319 3252 566 3288; x_wconf 88' lang='lat' dir='ltr'><strong>contentione</strong></span> <span class='ocrx_word' id='word_1_383' title='bbox 585 3251 814 3297; x_wconf 81' lang='lat' dir='ltr'><strong>devitemus,</strong></span> <span class='ocrx_word' id='word_1_384' title='bbox 830 3263 907 3286; x_wconf 89' lang='lat' dir='ltr'><strong>non</strong></span> <span class='ocrx_word' id='word_1_385' title='bbox 924 3263 1134 3299; x_wconf 86' lang='lat' dir='ltr'><strong>repugnare</strong></span> <span class='ocrx_word' id='word_1_386' title='bbox 1152 3251 1244 3299; x_wconf 86' lang='lat' dir='ltr'><strong>Deo,</strong></span> 
     </span>
     <span class='ocr_line' id='line_1_51' title="bbox 195 3308 1245 3358; baseline -0.004 -11"><span class='ocrx_word' id='word_1_387' title='bbox 195 3310 263 3347; x_wconf 81' lang='lat' dir='ltr'><strong>sed</strong></span> <span class='ocrx_word' id='word_1_388' title='bbox 282 3311 317 3346; x_wconf 88' lang='lat' dir='ltr'><strong>ei</strong></span> <span class='ocrx_word' id='word_1_389' title='bbox 338 3322 453 3358; x_wconf 85' lang='lat' dir='ltr'><strong>quam</strong></span> <span class='ocrx_word' id='word_1_390' title='bbox 472 3310 636 3346; x_wconf 85' lang='lat' dir='ltr'><strong>maxime</strong></span> <span class='ocrx_word' id='word_1_391' title='bbox 654 3310 813 3357; x_wconf 89' lang='lat' dir='ltr'><strong>obsequi</strong></span> <span class='ocrx_word' id='word_1_392' title='bbox 833 3308 1044 3353; x_wconf 88' lang='lat' dir='ltr'><strong>studentes;</strong></span> <span class='ocrx_word' id='word_1_393' title='bbox 1063 3320 1176 3356; x_wconf 89' lang='lat' dir='ltr'><strong>quam</strong></span> <span class='ocrx_word' id='word_1_394' title='bbox 1197 3321 1245 3344; x_wconf 89' lang='lat' dir='ltr'><strong>ne</strong></span> 
     </span>
     <span class='ocr_line' id='line_1_52' title="bbox 196 3367 1243 3417; baseline -0.003 -12"><span class='ocrx_word' id='word_1_395' title='bbox 196 3369 480 3406; x_wconf 87' lang='lat' dir='ltr'><strong>contentionem</strong></span> <span class='ocrx_word' id='word_1_396' title='bbox 511 3368 667 3416; x_wconf 89' lang='lat' dir='ltr'><strong>quidem</strong></span> <span class='ocrx_word' id='word_1_397' title='bbox 695 3369 889 3417; x_wconf 87' lang='lat' dir='ltr'><strong>appellare</strong></span> <span class='ocrx_word' id='word_1_398' title='bbox 919 3368 1024 3412; x_wconf 89' lang='lat' dir='ltr'><strong>licet,</strong></span> <span class='ocrx_word' id='word_1_399' title='bbox 1049 3367 1115 3403; x_wconf 90' lang='lat' dir='ltr'><strong>sed</strong></span> <span class='ocrx_word' id='word_1_400' title='bbox 1141 3367 1243 3415; x_wconf 88' lang='lat' dir='ltr'><strong>piam</strong></span> 
     </span>
     <span class='ocr_line' id='line_1_53' title="bbox 199 3425 1246 3475; baseline -0.004 -10"><span class='ocrx_word' id='word_1_401' title='bbox 199 3428 455 3465; x_wconf 86' lang='lat' dir='ltr'><strong>obedientiam</strong></span> <span class='ocrx_word' id='word_1_402' title='bbox 487 3433 524 3464; x_wconf 91' lang='lat' dir='ltr'><strong>et</strong></span> <span class='ocrx_word' id='word_1_403' title='bbox 550 3428 839 3464; x_wconf 83' lang='lat' dir='ltr'><strong>conversionem</strong></span> <span class='ocrx_word' id='word_1_404' title='bbox 871 3427 920 3463; x_wconf 89' lang='lat' dir='ltr'><strong>ad</strong></span> <span class='ocrx_word' id='word_1_405' title='bbox 953 3425 1024 3463; x_wconf 89' lang='lat' dir='ltr'><strong>Dei</strong></span> <span class='ocrx_word' id='word_1_406' title='bbox 1055 3427 1175 3475; x_wconf 85' lang='lat' dir='ltr'><strong>legem</strong></span> <span class='ocrx_word' id='word_1_407' title='bbox 1209 3433 1246 3462; x_wconf 86' lang='lat' dir='ltr'><strong>et</strong></span> 
     </span>
     <span class='ocr_line' id='line_1_54' title="bbox 196 3485 1246 3535; baseline -0.001 -13"><span class='ocrx_word' id='word_1_408' title='bbox 196 3487 449 3523; x_wconf 86' lang='lat' dir='ltr'><strong>voluntariam</strong></span> <span class='ocrx_word' id='word_1_409' title='bbox 469 3485 853 3535; x_wconf 84' lang='lat' dir='ltr'><strong>obtemperationem,</strong></span> <span class='ocrx_word' id='word_1_410' title='bbox 869 3498 952 3534; x_wconf 82' lang='lat' dir='ltr'><strong>quae</strong></span> <span class='ocrx_word' id='word_1_411' title='bbox 970 3485 1091 3520; x_wconf 83' lang='lat' dir='ltr'><strong>stultae</strong></span> <span class='ocrx_word' id='word_1_412' title='bbox 1111 3492 1246 3521; x_wconf 83' lang='lat' dir='ltr'><strong>contu·</strong></span> 
     </span>
     <span class='ocr_line' id='line_1_55' title="bbox 198 3543 1247 3592; baseline -0.002 -13"><span class='ocrx_word' id='word_1_413' title='bbox 198 3545 327 3581; x_wconf 80' lang='lat' dir='ltr'><strong>maciae</strong></span> <span class='ocrx_word' id='word_1_414' title='bbox 347 3555 477 3580; x_wconf 85' lang='lat' dir='ltr'><strong>causas</strong></span> <span class='ocrx_word' id='word_1_415' title='bbox 491 3543 679 3592; x_wconf 82' lang='lat' dir='ltr'><strong>praecidit.</strong></span> <span class='ocrx_word' id='word_1_416' title='bbox 698 3545 787 3580; x_wconf 85' lang='lat' dir='ltr'><strong>Haec</strong></span> <span class='ocrx_word' id='word_1_417' title='bbox 806 3544 907 3580; x_wconf 89' lang='lat' dir='ltr'><strong>enim</strong></span> <span class='ocrx_word' id='word_1_418' title='bbox 930 3549 1026 3592; x_wconf 89' lang='lat' dir='ltr'><strong>puto</strong></span> <span class='ocrx_word' id='word_1_419' title='bbox 1047 3543 1174 3579; x_wconf 89' lang='lat' dir='ltr'><strong>omnia</strong></span> <span class='ocrx_word' id='word_1_420' title='bbox 1189 3543 1247 3578; x_wconf 88' lang='lat' dir='ltr'><strong>his</strong></span> 
     </span>
    </p>
   </div>
   <div class='ocr_carea' id='block_1_7' title="bbox 2266 320 2342 354">
    <p class='ocr_par' dir='ltr' id='par_1_8' title="bbox 2266 320 2342 354">
     <span class='ocr_line' id='line_1_56' title="bbox 2266 320 2342 354; baseline 0.026 -2"><span class='ocrx_word' id='word_1_421' title='bbox 2266 320 2342 354; x_wconf 77' lang='lat'><strong>4⁴13</strong></span> 
     </span>
    </p>
   </div>
   <div class='ocr_carea' id='block_1_8' title="bbox 1292 395 2350 1858">
    <p class='ocr_par' dir='ltr' id='par_1_9' title="bbox 1292 395 2344 508">
     <span class='ocr_line' id='line_1_57' title="bbox 1293 395 2344 451; baseline 0.007 -18"><span class='ocrx_word' id='word_1_422' title='bbox 1293 395 1327 433; x_wconf 90' lang='grc' dir='ltr'><strong>τί</strong></span> <span class='ocrx_word' id='word_1_423' title='bbox 1352 399 1413 434; x_wconf 75' lang='grc' dir='ltr'><strong>τοῦ</strong></span> <span class='ocrx_word' id='word_1_424' title='bbox 1435 395 1647 447; x_wconf 87' lang='grc' dir='ltr'>μαινομένου</span> <span class='ocrx_word' id='word_1_425' title='bbox 1667 395 1799 440; x_wconf 83' lang='grc' dir='ltr'>νείκους</span> <span class='ocrx_word' id='word_1_426' title='bbox 1823 397 1906 441; x_wconf 87' lang='grc' dir='ltr'>ἄκος</span> <span class='ocrx_word' id='word_1_427' title='bbox 1924 398 2088 451; x_wconf 82' lang='grc' dir='ltr'>ἐξευρεῒν;</span> <span class='ocrx_word' id='word_1_428' title='bbox 2103 400 2138 438; x_wconf 87' lang='grc' dir='ltr'><strong>τί</strong></span> <span class='ocrx_word' id='word_1_429' title='bbox 2154 404 2214 448; x_wconf 77' lang='grc' dir='ltr'><strong>τῆς</strong></span> <span class='ocrx_word' id='word_1_430' title='bbox 2232 417 2344 440; x_wconf 83' lang='grc' dir='ltr'>κατα·-</span> 
     </span>
     <span class='ocr_line' id='line_1_58' title="bbox 1292 454 2343 510; baseline 0.007 -18"><span class='ocrx_word' id='word_1_431' title='bbox 1292 469 1408 506; x_wconf 89' lang='grc' dir='ltr'>γωγου</span> <span class='ocrx_word' id='word_1_432' title='bbox 1427 454 1605 506; x_wconf 86' lang='grc' dir='ltr'>δυνάμεως</span> <span class='ocrx_word' id='word_1_433' title='bbox 1621 454 1755 508; x_wconf 83' lang='grc' dir='ltr'>ἕργμα,</span> <span class='ocrx_word' id='word_1_434' title='bbox 1771 454 1794 502; x_wconf 80' lang='grc' dir='ltr'>ἢ</span> <span class='ocrx_word' id='word_1_435' title='bbox 1814 455 1853 494; x_wconf 81' lang='grc' dir='ltr'><strong>τὸ</strong></span> <span class='ocrx_word' id='word_1_436' title='bbox 1871 463 1985 495; x_wconf 83' lang='grc' dir='ltr'>πονεῖν</span> <span class='ocrx_word' id='word_1_437' title='bbox 2005 462 2141 507; x_wconf 67' lang='grc' dir='ltr'>ταῦτα,</span> <span class='ocrx_word' id='word_1_438' title='bbox 2166 475 2226 498; x_wconf 83' lang='grc' dir='ltr'><strong>και</strong></span> <span class='ocrx_word' id='word_1_439' title='bbox 2242 462 2343 510; x_wconf 83' lang='grc' dir='ltr'>ἔκμε-</span> 
     </span>
    </p>

    <p class='ocr_par' dir='ltr' id='par_1_10' title="bbox 1294 512 2343 589">
     <span class='ocr_line' id='line_1_59' title="bbox 1294 512 2343 589; baseline 0.006 -39"><span class='ocrx_word' id='word_1_440' title='bbox 1294 514 1422 562; x_wconf 82' lang='grc' dir='ltr'>λετᾶν,</span> <span class='ocrx_word' id='word_1_441' title='bbox 1443 513 1504 551; x_wconf 78' lang='grc' dir='ltr'><strong>καὶ</strong></span> <span class='ocrx_word' id='word_1_442' title='bbox 1533 514 1568 551; x_wconf 85' lang='grc' dir='ltr'><strong>ἐν</strong></span> <span class='ocrx_word' id='word_1_443' title='bbox 1591 512 1694 565; x_wconf 85' lang='grc' dir='ltr'>ἔρωτι</span> <span class='ocrx_word' id='word_1_444' title='bbox 1714 513 1889 560; x_wconf 84' lang='grc' dir='ltr'>τίθεσθαι,</span> <span class='ocrx_word' id='word_1_445' title='bbox 1907 514 2015 589; x_wconf 84' lang='grc' dir='ltr'>ἅπερ</span> <span class='ocrx_word' id='word_1_446' title='bbox 2024 532 2086 562; x_wconf 83' lang='grc' dir='ltr'><strong>της</strong></span> <span class='ocrx_word' id='word_1_447' title='bbox 2110 517 2239 561; x_wconf 82' lang='grc' dir='ltr'>θείας’</span> <span class='ocrx_word' id='word_1_448' title='bbox 2222 522 2343 570; x_wconf 71' lang='grc' dir='ltr'>αρετῆς</span> 
     </span>
    </p>

    <p class='ocr_par' dir='ltr' id='par_1_11' title="bbox 1293 568 2349 1332">
     <span class='ocr_line' id='line_1_60' title="bbox 1293 568 2343 646; baseline 0.006 -37"><span class='ocrx_word' id='word_1_449' title='bbox 1293 574 1389 623; x_wconf 77' lang='grc' dir='ltr'>ἡμᾶς</span> <span class='ocrx_word' id='word_1_450' title='bbox 1409 573 1456 616; x_wconf 89' lang='grc' dir='ltr'><strong>εἷς</strong></span> <span class='ocrx_word' id='word_1_451' title='bbox 1492 571 1588 625; x_wconf 79' lang='grc' dir='ltr'>ἴχνια</span> <span class='ocrx_word' id='word_1_452' title='bbox 1623 572 1747 621; x_wconf 69' lang='grc' dir='ltr'>θήσεις</span> <span class='ocrx_word' id='word_1_453' title='bbox 1767 575 1891 612; x_wconf 85' lang='grc' dir='ltr'>Ἰαυτα</span> <span class='ocrx_word' id='word_1_454' title='bbox 1909 568 2015 646; x_wconf 48' lang='grc' dir='ltr'>γὰρτ</span> <span class='ocrx_word' id='word_1_455' title='bbox 1993 591 2035 621; x_wconf 93' lang='grc' dir='ltr'><strong>ην</strong></span> <span class='ocrx_word' id='word_1_456' title='bbox 2063 578 2085 622; x_wconf 83' lang='grc' dir='ltr'>ἡ</span> <span class='ocrx_word' id='word_1_457' title='bbox 2118 575 2239 619; x_wconf 85' lang='grc' dir='ltr'>λύσις</span> <span class='ocrx_word' id='word_1_458' title='bbox 2257 579 2343 615; x_wconf 87' lang='grc' dir='ltr'><strong>τῶν</strong></span> 
     </span>
     <span class='ocr_line' id='line_1_61' title="bbox 1294 632 2343 685; baseline 0.005 -17"><span class='ocrx_word' id='word_1_459' title='bbox 1294 633 1468 678; x_wconf 85' lang='grc' dir='ltr'>κακῶν,</span> <span class='ocrx_word' id='word_1_460' title='bbox 1487 633 1529 679; x_wconf 73' lang='grc' dir='ltr'><strong>ἢν</strong></span> <span class='ocrx_word' id='word_1_461' title='bbox 1568 632 1599 669; x_wconf 81' lang='grc' dir='ltr'><strong>οἱ</strong></span> <span class='ocrx_word' id='word_1_462' title='bbox 1630 635 1788 685; x_wconf 79' lang='grc' dir='ltr'>παῦροι</span> <span class='ocrx_word' id='word_1_463' title='bbox 1819 634 2051 671; x_wconf 85' lang='grc' dir='ltr'>συνίσασι·</span> <span class='ocrx_word' id='word_1_464' title='bbox 2081 638 2192 672; x_wconf 79' lang='grc' dir='ltr'>ταῦτα</span> <span class='ocrx_word' id='word_1_465' title='bbox 2212 639 2233 681; x_wconf 85' lang='grc' dir='ltr'>ἦ</span> <span class='ocrx_word' id='word_1_466' title='bbox 2255 638 2343 674; x_wconf 81' lang='grc' dir='ltr'><strong>τῶν</strong></span> 
     </span>
     <span class='ocr_line' id='line_1_62' title="bbox 1294 688 2343 746; baseline 0.004 -19"><span class='ocrx_word' id='word_1_467' title='bbox 1294 689 1438 733; x_wconf 82' lang='grc' dir='ltr'>πέλας</span> <span class='ocrx_word' id='word_1_468' title='bbox 1457 688 1592 728; x_wconf 82' lang='grc' dir='ltr'>ὄντων</span> <span class='ocrx_word' id='word_1_469' title='bbox 1611 691 1790 742; x_wconf 77' lang='grc' dir='ltr'>ἀγαθῶν</span> <span class='ocrx_word' id='word_1_470' title='bbox 1808 690 1926 737; x_wconf 84' lang='grc' dir='ltr'>ἀκοὴ</span> <span class='ocrx_word' id='word_1_471' title='bbox 1947 692 2028 730; x_wconf 85' lang='grc' dir='ltr'><strong>καὶ</strong></span> <span class='ocrx_word' id='word_1_472' title='bbox 2052 691 2166 746; x_wconf 83' lang='grc' dir='ltr'>ὄψις·</span> <span class='ocrx_word' id='word_1_473' title='bbox 2188 696 2301 731; x_wconf 80' lang='grc' dir='ltr'>ταῦτα</span> <span class='ocrx_word' id='word_1_474' title='bbox 2322 697 2343 740; x_wconf 89' lang='grc' dir='ltr'>ἡ</span> 
     </span>
     <span class='ocr_line' id='line_1_63' title="bbox 1295 748 2346 804; baseline 0.003 -18"><span class='ocrx_word' id='word_1_475' title='bbox 1295 750 1362 786; x_wconf 88' lang='grc' dir='ltr'><strong>τῶν</strong></span> <span class='ocrx_word' id='word_1_476' title='bbox 1383 748 1653 801; x_wconf 79' lang='grc' dir='ltr'>αὐθαιρέτων</span> <span class='ocrx_word' id='word_1_477' title='bbox 1670 749 1896 801; x_wconf 81' lang='grc' dir='ltr'>πημάτων</span> <span class='ocrx_word' id='word_1_478' title='bbox 1915 751 2104 804; x_wconf 84' lang='grc' dir='ltr'>ἀπαλλαγή</span> <span class='ocrx_word' id='word_1_479' title='bbox 2119 766 2128 775; x_wconf 94' lang='grc'><em>·</em></span> <span class='ocrx_word' id='word_1_480' title='bbox 2144 754 2256 789; x_wconf 80' lang='grc' dir='ltr'>ταῦτα</span> <span class='ocrx_word' id='word_1_481' title='bbox 2283 754 2346 798; x_wconf 77' lang='grc' dir='ltr'>τῆς</span> 
     </span>
     <span class='ocr_line' id='line_1_64' title="bbox 1296 804 2347 859; baseline 0.004 -15"><span class='ocrx_word' id='word_1_482' title='bbox 1296 806 1455 859; x_wconf 86' lang='grc' dir='ltr'>ἀπειρίας</span> <span class='ocrx_word' id='word_1_483' title='bbox 1488 809 1558 846; x_wconf 88' lang='grc' dir='ltr'><strong>τῶν</strong></span> <span class='ocrx_word' id='word_1_484' title='bbox 1591 810 1713 846; x_wconf 90' lang='grc' dir='ltr'>παθῶν</span> <span class='ocrx_word' id='word_1_485' title='bbox 1743 811 1764 855; x_wconf 82' lang='grc' dir='ltr'>ἡ</span> <span class='ocrx_word' id='word_1_486' title='bbox 1801 808 1906 859; x_wconf 88' lang='grc' dir='ltr'>τομή.</span> <span class='ocrx_word' id='word_1_487' title='bbox 1961 810 2085 849; x_wconf 84' lang='grc' dir='ltr'>Ταῦτα</span> <span class='ocrx_word' id='word_1_488' title='bbox 2118 804 2177 848; x_wconf 69' lang='grc' dir='ltr'><strong>οὖν</strong></span> <span class='ocrx_word' id='word_1_489' title='bbox 2199 809 2258 848; x_wconf 78' lang='grc' dir='ltr'><strong>καὶ</strong></span> <span class='ocrx_word' id='word_1_490' title='bbox 2284 814 2347 858; x_wconf 82' lang='grc' dir='ltr'>τ’ἧς</span> 
     </span>
     <span class='ocr_line' id='line_1_65' title="bbox 1297 866 2346 922; baseline 0.001 -16"><span class='ocrx_word' id='word_1_491' title='bbox 1297 866 1398 906; x_wconf 86' lang='grc' dir='ltr'>ἀθέου</span> <span class='ocrx_word' id='word_1_492' title='bbox 1430 866 1576 919; x_wconf 87' lang='grc' dir='ltr'>ἔριδος</span> <span class='ocrx_word' id='word_1_493' title='bbox 1599 868 1620 904; x_wconf 91' lang='grc' dir='ltr'>ἀ</span> <span class='ocrx_word' id='word_1_494' title='bbox 1632 867 1805 920; x_wconf 84' lang='grc' dir='ltr'>ποφυγὴ</span> <span class='ocrx_word' id='word_1_495' title='bbox 1838 866 1963 918; x_wconf 88' lang='grc' dir='ltr'>γένοιτ’</span> <span class='ocrx_word' id='word_1_496' title='bbox 1996 868 2038 907; x_wconf 81' lang='grc' dir='ltr'><strong>ἄν</strong></span> <span class='ocrx_word' id='word_1_497' title='bbox 2054 897 2064 916; x_wconf 93' lang='grc'>,</span> <span class='ocrx_word' id='word_1_498' title='bbox 2100 869 2160 907; x_wconf 82' lang='grc' dir='ltr'><strong>καὶ</strong></span> <span class='ocrx_word' id='word_1_499' title='bbox 2190 868 2346 922; x_wconf 86' lang='grc' dir='ltr'>σωτηρία</span> 
     </span>
     <span class='ocr_line' id='line_1_66' title="bbox 1295 925 2345 979; baseline 0.002 -16"><span class='ocrx_word' id='word_1_500' title='bbox 1295 927 1412 979; x_wconf 72' lang='grc' dir='ltr'>ψυχῆς</span> <span class='ocrx_word' id='word_1_501' title='bbox 1425 956 1436 974; x_wconf 89' lang='grc'>,</span> <span class='ocrx_word' id='word_1_502' title='bbox 1457 925 1518 964; x_wconf 85' lang='grc' dir='ltr'><strong>καὶ</strong></span> <span class='ocrx_word' id='word_1_503' title='bbox 1539 925 1777 979; x_wconf 88' lang='grc' dir='ltr'>ἀποκάθαρσις</span> <span class='ocrx_word' id='word_1_504' title='bbox 1796 930 1858 964; x_wconf 78' lang='grc' dir='ltr'><strong>τοῦ</strong></span> <span class='ocrx_word' id='word_1_505' title='bbox 1879 927 2089 979; x_wconf 87' lang='grc' dir='ltr'>μαινομένου</span> <span class='ocrx_word' id='word_1_506' title='bbox 2107 927 2238 971; x_wconf 86' lang='grc' dir='ltr'>νείκους</span> <span class='ocrx_word' id='word_1_507' title='bbox 2253 957 2263 975; x_wconf 89' lang='grc'>,</span> <span class='ocrx_word' id='word_1_508' title='bbox 2284 930 2345 967; x_wconf 80' lang='grc' dir='ltr'><strong>καὶ</strong></span> 
     </span>
     <span class='ocr_line' id='line_1_67' title="bbox 1297 984 2349 1039; baseline 0.003 -18"><span class='ocrx_word' id='word_1_509' title='bbox 1297 985 1488 1031; x_wconf 85' lang='grc' dir='ltr'>ἀνάκλησις</span> <span class='ocrx_word' id='word_1_510' title='bbox 1525 987 1585 1030; x_wconf 74' lang='grc' dir='ltr'><strong>τῆς</strong></span> <span class='ocrx_word' id='word_1_511' title='bbox 1609 984 1723 1023; x_wconf 87' lang='grc' dir='ltr'>θεόθεν</span> <span class='ocrx_word' id='word_1_512' title='bbox 1754 989 1877 1039; x_wconf 74' lang='grc' dir='ltr'>φυγῆς.</span> <span class='ocrx_word' id='word_1_513' title='bbox 1940 986 2018 1033; x_wconf 88' lang='grc' dir='ltr'><strong>Τὴν</strong></span> <span class='ocrx_word' id='word_1_514' title='bbox 2055 986 2123 1039; x_wconf 82' lang='grc' dir='ltr'>γὰρ</span> <span class='ocrx_word' id='word_1_515' title='bbox 2142 987 2349 1038; x_wconf 86' lang='grc' dir='ltr'>καταγωγὸν</span> 
     </span>
     <span class='ocr_line' id='line_1_68' title="bbox 1299 1042 2349 1096; baseline 0.002 -15"><span class='ocrx_word' id='word_1_516' title='bbox 1299 1042 1409 1096; x_wconf 78' lang='grc' dir='ltr'>ῥοπὴν</span> <span class='ocrx_word' id='word_1_517' title='bbox 1429 1046 1472 1095; x_wconf 85' lang='grc' dir='ltr'><strong>τῇ</strong></span> <span class='ocrx_word' id='word_1_518' title='bbox 1501 1044 1675 1096; x_wconf 83' lang='grc' dir='ltr'>ἀναγιι)γῷ</span> <span class='ocrx_word' id='word_1_519' title='bbox 1707 1043 1854 1096; x_wconf 80' lang='grc' dir='ltr'>δυνάμει</span> <span class='ocrx_word' id='word_1_520' title='bbox 1876 1043 1990 1095; x_wconf 86' lang='grc' dir='ltr'>μόνως</span> <span class='ocrx_word' id='word_1_521' title='bbox 2014 1044 2056 1083; x_wconf 78' lang='grc' dir='ltr'><strong>ἂν</strong></span> <span class='ocrx_word' id='word_1_522' title='bbox 2076 1045 2288 1096; x_wconf 76' lang='grc' dir='ltr'>ἶασαίμεθα,</span> <span class='ocrx_word' id='word_1_523' title='bbox 2319 1047 2349 1083; x_wconf 87' lang='grc' dir='ltr'><strong>εἷ</strong></span> 
     </span>
     <span class='ocr_line' id='line_1_69' title="bbox 1297 1101 2348 1155; baseline 0.001 -16"><span class='ocrx_word' id='word_1_524' title='bbox 1297 1101 1346 1151; x_wconf 87' lang='grc' dir='ltr'><strong>μὴ</strong></span> <span class='ocrx_word' id='word_1_525' title='bbox 1380 1101 1574 1154; x_wconf 85' lang='grc' dir='ltr'>περαιτέρω</span> <span class='ocrx_word' id='word_1_526' title='bbox 1609 1102 1826 1154; x_wconf 86' lang='grc' dir='ltr'>προάγοιμεν</span> <span class='ocrx_word' id='word_1_527' title='bbox 1858 1104 1986 1151; x_wconf 75' lang='grc' dir='ltr'>αὐτήν,</span> <span class='ocrx_word' id='word_1_528' title='bbox 2025 1104 2107 1155; x_wconf 85' lang='grc' dir='ltr'>μηδ’</span> <span class='ocrx_word' id='word_1_529' title='bbox 2128 1104 2189 1143; x_wconf 82' lang='grc' dir='ltr'><strong>ἐπὶ</strong></span> <span class='ocrx_word' id='word_1_530' title='bbox 2226 1107 2348 1148; x_wconf 83' lang='grc' dir='ltr'>κακοῖς</span> 
     </span>
     <span class='ocr_line' id='line_1_70' title="bbox 1296 1160 2344 1216; baseline 0.004 -18"><span class='ocrx_word' id='word_1_531' title='bbox 1296 1160 1388 1199; x_wconf 86' lang='grc' dir='ltr'>κακὰ</span> <span class='ocrx_word' id='word_1_532' title='bbox 1408 1160 1664 1210; x_wconf 86' lang='grc' dir='ltr'>συντιθείημεν,</span> <span class='ocrx_word' id='word_1_533' title='bbox 1683 1162 1760 1199; x_wconf 85' lang='grc' dir='ltr'>ἀλλ’</span> <span class='ocrx_word' id='word_1_534' title='bbox 1783 1163 1968 1206; x_wconf 85' lang='grc' dir='ltr'>ἐπιπειθεῒς</span> <span class='ocrx_word' id='word_1_535' title='bbox 1988 1162 2166 1215; x_wconf 86' lang='grc' dir='ltr'>γενόμενοι</span> <span class='ocrx_word' id='word_1_536' title='bbox 2185 1165 2235 1201; x_wconf 84' lang='grc' dir='ltr'><strong>τῶ</strong></span> <span class='ocrx_word' id='word_1_537' title='bbox 2254 1165 2344 1216; x_wconf 83' lang='grc' dir='ltr'>ὀρθῶ</span> 
     </span>
     <span class='ocr_line' id='line_1_71' title="bbox 1296 1218 2346 1290; baseline 0.003 -33"><span class='ocrx_word' id='word_1_538' title='bbox 1296 1220 1389 1272; x_wconf 86' lang='grc' dir='ltr'>λόγῳ</span> <span class='ocrx_word' id='word_1_539' title='bbox 1424 1218 1664 1272; x_wconf 82' lang='grc' dir='ltr'>φεύγοιμεν</span> <span class='ocrx_word' id='word_1_540' title='bbox 1707 1219 1784 1267; x_wconf 82' lang='grc' dir='ltr'><strong>τὴν</strong></span> <span class='ocrx_word' id='word_1_541' title='bbox 1820 1222 1872 1258; x_wconf 84' lang='grc' dir='ltr'><strong>λυ</strong></span> <span class='ocrx_word' id='word_1_542' title='bbox 1882 1220 2019 1290; x_wconf 62' lang='lat' dir='ltr'><strong>*spinem</strong></span> <span class='ocrx_word' id='word_1_543' title='bbox 2024 1221 2112 1273; x_wconf 82' lang='grc' dir='ltr'>ἔριν</span> <span class='ocrx_word' id='word_1_544' title='bbox 2144 1225 2187 1274; x_wconf 79' lang='grc' dir='ltr'><strong>τῇ</strong></span> <span class='ocrx_word' id='word_1_545' title='bbox 2232 1224 2346 1274; x_wconf 85' lang='grc' dir='ltr'>ἀγαθῃ</span> 
     </span>
     <span class='ocr_line' id='line_1_72' title="bbox 1297 1278 2347 1332; baseline 0.003 -16"><span class='ocrx_word' id='word_1_546' title='bbox 1297 1278 1315 1316; x_wconf 86' lang='grc' dir='ltr'>ἔ</span> <span class='ocrx_word' id='word_1_547' title='bbox 1326 1294 1343 1331; x_wconf 93' lang='grc' dir='ltr'>ρ</span> <span class='ocrx_word' id='word_1_548' title='bbox 1356 1279 1440 1325; x_wconf 91' lang='grc' dir='ltr'>ιδι,</span> <span class='ocrx_word' id='word_1_549' title='bbox 1459 1279 1497 1316; x_wconf 84' lang='grc' dir='ltr'><strong>οὗ</strong></span> <span class='ocrx_word' id='word_1_550' title='bbox 1515 1279 1642 1330; x_wconf 84' lang='grc' dir='ltr'>φιλονε·</span> <span class='ocrx_word' id='word_1_551' title='bbox 1636 1294 1784 1322; x_wconf 82' lang='grc' dir='ltr'>,κουντες</span> <span class='ocrx_word' id='word_1_552' title='bbox 1801 1280 1955 1317; x_wconf 82' lang='grc' dir='ltr'>ἀπειθεῖν</span> <span class='ocrx_word' id='word_1_553' title='bbox 1973 1281 2022 1317; x_wconf 88' lang='grc' dir='ltr'><strong>τῶ</strong></span> <span class='ocrx_word' id='word_1_554' title='bbox 2037 1282 2126 1332; x_wconf 75' lang='grc' dir='ltr'>θεω,</span> <span class='ocrx_word' id='word_1_555' title='bbox 2145 1279 2236 1319; x_wconf 82' lang='grc' dir='ltr'>ἀλλὰ</span> <span class='ocrx_word' id='word_1_556' title='bbox 2251 1282 2347 1332; x_wconf 84' lang='grc' dir='ltr'>φιλο-</span> 
     </span>
    </p>

    <p class='ocr_par' dir='ltr' id='par_1_12' title="bbox 1296 1336 2347 1623">
     <span class='ocr_line' id='line_1_73' title="bbox 1296 1336 2347 1390; baseline 0 -16"><span class='ocrx_word' id='word_1_557' title='bbox 1296 1339 1488 1379; x_wconf 73' lang='grc' dir='ltr'>νεικοῧντες</span> <span class='ocrx_word' id='word_1_558' title='bbox 1503 1336 1556 1374; x_wconf 79' lang='grc' dir='ltr'><strong>ὅτι</strong></span> <span class='ocrx_word' id='word_1_559' title='bbox 1577 1337 1733 1386; x_wconf 76' lang='grc' dir='ltr'>μάλιστα</span> <span class='ocrx_word' id='word_1_560' title='bbox 1753 1337 1848 1389; x_wconf 80' lang='grc' dir='ltr'>αὐτῷ</span> <span class='ocrx_word' id='word_1_561' title='bbox 1865 1337 2066 1376; x_wconf 86' lang='grc' dir='ltr'>πείθεσθαι·</span> <span class='ocrx_word' id='word_1_562' title='bbox 2087 1338 2130 1385; x_wconf 82' lang='grc' dir='ltr'><strong>ἣν</strong></span> <span class='ocrx_word' id='word_1_563' title='bbox 2148 1338 2226 1377; x_wconf 80' lang='grc' dir='ltr'>οὐδὲ</span> <span class='ocrx_word' id='word_1_564' title='bbox 2251 1337 2295 1390; x_wconf 86' lang='grc' dir='ltr'>ἔρ</span> <span class='ocrx_word' id='word_1_565' title='bbox 2307 1353 2318 1375; x_wconf 96' lang='grc' dir='ltr'><strong>ι</strong></span> <span class='ocrx_word' id='word_1_566' title='bbox 2330 1353 2347 1374; x_wconf 93' lang='grc' dir='ltr'><strong>ν</strong></span> 
     </span>
     <span class='ocr_line' id='line_1_74' title="bbox 1300 1393 2346 1448; baseline -0.001 -15"><span class='ocrx_word' id='word_1_567' title='bbox 1300 1396 1351 1433; x_wconf 85' lang='grc' dir='ltr'><strong>δεῖ</strong></span> <span class='ocrx_word' id='word_1_568' title='bbox 1369 1395 1490 1432; x_wconf 78' lang='grc' dir='ltr'>καλεῖν</span> <span class='ocrx_word' id='word_1_569' title='bbox 1502 1425 1512 1441; x_wconf 91' lang='grc'>,</span> <span class='ocrx_word' id='word_1_570' title='bbox 1531 1393 1623 1432; x_wconf 82' lang='grc' dir='ltr'>ἀλλὰ</span> <span class='ocrx_word' id='word_1_571' title='bbox 1654 1397 1813 1441; x_wconf 79' lang='grc' dir='ltr'>θεοπειθῆ</span> <span class='ocrx_word' id='word_1_572' title='bbox 1842 1394 2000 1441; x_wconf 74' lang='grc' dir='ltr'>ὑπακοήν</span> <span class='ocrx_word' id='word_1_573' title='bbox 2012 1426 2022 1444; x_wconf 87' lang='grc'>,</span> <span class='ocrx_word' id='word_1_574' title='bbox 2043 1395 2103 1434; x_wconf 79' lang='grc' dir='ltr'><strong>καὶ</strong></span> <span class='ocrx_word' id='word_1_575' title='bbox 2133 1395 2346 1448; x_wconf 78' lang='grc' dir='ltr'>ἐπιστροφὴν</span> 
     </span>
     <span class='ocr_line' id='line_1_75' title="bbox 1297 1451 2346 1505; baseline 0.004 -16"><span class='ocrx_word' id='word_1_576' title='bbox 1297 1451 1383 1505; x_wconf 86' lang='grc' dir='ltr'>πρὸς</span> <span class='ocrx_word' id='word_1_577' title='bbox 1413 1451 1472 1490; x_wconf 86' lang='grc' dir='ltr'><strong>τὸν</strong></span> <span class='ocrx_word' id='word_1_578' title='bbox 1507 1454 1596 1490; x_wconf 93' lang='grc' dir='ltr'>θεῖον</span> <span class='ocrx_word' id='word_1_579' title='bbox 1631 1452 1759 1502; x_wconf 89' lang='grc' dir='ltr'>νόμον,</span> <span class='ocrx_word' id='word_1_580' title='bbox 1788 1467 1848 1490; x_wconf 82' lang='grc' dir='ltr'><strong>και</strong></span> <span class='ocrx_word' id='word_1_581' title='bbox 1881 1453 2037 1492; x_wconf 84' lang='grc' dir='ltr'>ἑκούσιον</span> <span class='ocrx_word' id='word_1_582' title='bbox 2074 1453 2261 1502; x_wconf 81' lang='grc' dir='ltr'>ὑπόταξιν,</span> <span class='ocrx_word' id='word_1_583' title='bbox 2287 1454 2346 1497; x_wconf 86' lang='grc' dir='ltr'><strong>τὰς</strong></span> 
     </span>
     <span class='ocr_line' id='line_1_76' title="bbox 1298 1510 2340 1572; baseline 0.002 -24"><span class='ocrx_word' id='word_1_584' title='bbox 1298 1510 1457 1572; x_wconf 81' lang='grc' dir='ltr'>ἀφορμὰς</span> <span class='ocrx_word' id='word_1_585' title='bbox 1469 1510 1749 1562; x_wconf 86' lang='grc' dir='ltr'>περικόπτουσαν</span> <span class='ocrx_word' id='word_1_586' title='bbox 1765 1514 1827 1558; x_wconf 81' lang='grc' dir='ltr'>τ’ῆς</span> <span class='ocrx_word' id='word_1_587' title='bbox 1841 1511 1986 1559; x_wconf 81' lang='grc' dir='ltr'>ἀνοήτου</span> <span class='ocrx_word' id='word_1_588' title='bbox 2004 1512 2194 1556; x_wconf 86' lang='grc' dir='ltr'>ἀπειθείας.</span> <span class='ocrx_word' id='word_1_589' title='bbox 2224 1515 2256 1553; x_wconf 95' lang='lat' dir='ltr'>T</span> <span class='ocrx_word' id='word_1_590' title='bbox 2260 1527 2340 1550; x_wconf 74' lang='grc' dir='ltr'>αυτι</span> 
     </span>
     <span class='ocr_line' id='line_1_77' title="bbox 1297 1568 2344 1623; baseline 0 -14"><span class='ocrx_word' id='word_1_591' title='bbox 1297 1569 1365 1622; x_wconf 84' lang='grc' dir='ltr'>γὰρ</span> <span class='ocrx_word' id='word_1_592' title='bbox 1385 1573 1484 1621; x_wconf 79' lang='grc' dir='ltr'>οἶμαι</span> <span class='ocrx_word' id='word_1_593' title='bbox 1508 1569 1626 1607; x_wconf 88' lang='grc' dir='ltr'>πάντα</span> <span class='ocrx_word' id='word_1_594' title='bbox 1647 1568 1704 1607; x_wconf 83' lang='grc' dir='ltr'><strong>διὰ</strong></span> <span class='ocrx_word' id='word_1_595' title='bbox 1733 1571 1803 1608; x_wconf 83' lang='grc' dir='ltr'><strong>τῶν</strong></span> <span class='ocrx_word' id='word_1_596' title='bbox 1837 1570 2075 1623; x_wconf 84' lang='grc' dir='ltr'>προκειμένων</span> <span class='ocrx_word' id='word_1_597' title='bbox 2099 1572 2193 1610; x_wconf 89' lang='grc' dir='ltr'>ε’πῶν</span> <span class='ocrx_word' id='word_1_598' title='bbox 2219 1572 2344 1618; x_wconf 82' lang='grc' dir='ltr'>δηλοῦ</span> 
     </span>
    </p>

    <p class='ocr_par' dir='ltr' id='par_1_13' title="bbox 1298 1627 2350 1858">
     <span class='ocr_line' id='line_1_78' title="bbox 1298 1627 2347 1681; baseline 0.003 -15"><span class='ocrx_word' id='word_1_599' title='bbox 1298 1631 1391 1666; x_wconf 89' lang='grc' dir='ltr'>σθαι·</span> <span class='ocrx_word' id='word_1_600' title='bbox 1406 1628 1445 1666; x_wconf 87' lang='grc' dir='ltr'><strong>τὸ</strong></span> <span class='ocrx_word' id='word_1_601' title='bbox 1462 1627 1525 1678; x_wconf 81' lang='grc' dir='ltr'><strong>μὲν</strong></span> <span class='ocrx_word' id='word_1_602' title='bbox 1542 1630 1604 1674; x_wconf 77' lang='grc' dir='ltr'><strong>τῆς</strong></span> <span class='ocrx_word' id='word_1_603' title='bbox 1622 1627 1845 1672; x_wconf 85' lang='grc' dir='ltr'>αὖτεξουσίου</span> <span class='ocrx_word' id='word_1_604' title='bbox 1862 1628 2031 1680; x_wconf 88' lang='grc' dir='ltr'>πονηρίας</span> <span class='ocrx_word' id='word_1_605' title='bbox 2045 1628 2102 1667; x_wconf 85' lang='grc' dir='ltr'><strong>διὰ</strong></span> <span class='ocrx_word' id='word_1_606' title='bbox 2121 1633 2180 1669; x_wconf 84' lang='grc' dir='ltr'><strong>τοῦ</strong></span> <span class='ocrx_word' id='word_1_607' title='bbox 2196 1630 2347 1682; x_wconf 61' lang='grc' dir='ltr'>γνιιὸστ</span> 
     </span>
     <span class='ocr_line' id='line_1_79' title="bbox 1299 1686 2344 1741; baseline 0.003 -16"><span class='ocrx_word' id='word_1_608' title='bbox 1299 1687 1328 1725; x_wconf 84' lang='grc' dir='ltr'><strong>δ’</strong></span> <span class='ocrx_word' id='word_1_609' title='bbox 1345 1686 1530 1740; x_wconf 83' lang='grc' dir='ltr'>ἀνθρώπ</span> <span class='ocrx_word' id='word_1_610' title='bbox 1547 1702 1621 1730; x_wconf 83' lang='grc' dir='ltr'><strong>ους</strong></span> <span class='ocrx_word' id='word_1_611' title='bbox 1650 1686 1818 1740; x_wconf 85' lang='grc' dir='ltr'>αὖθαίρ</span> <span class='ocrx_word' id='word_1_612' title='bbox 1833 1702 1910 1725; x_wconf 89' lang='grc' dir='ltr'><strong>ετα</strong></span> <span class='ocrx_word' id='word_1_613' title='bbox 1940 1687 2112 1737; x_wconf 82' lang='grc' dir='ltr'>πήματ’</span> <span class='ocrx_word' id='word_1_614' title='bbox 2133 1688 2344 1741; x_wconf 59' lang='grc' dir='ltr'>ἔχοντας,</span> 
     </span>
     <span class='ocr_line' id='line_1_80' title="bbox 1299 1745 2350 1800; baseline 0.002 -16"><span class='ocrx_word' id='word_1_615' title='bbox 1299 1745 1355 1789; x_wconf 81' lang='grc' dir='ltr'><strong>οὒς</strong></span> <span class='ocrx_word' id='word_1_616' title='bbox 1370 1745 1514 1796; x_wconf 81' lang='grc' dir='ltr'>τλήμο</span> <span class='ocrx_word' id='word_1_617' title='bbox 1525 1762 1596 1789; x_wconf 88' lang='grc' dir='ltr'><strong>νας</strong></span> <span class='ocrx_word' id='word_1_618' title='bbox 1615 1746 1667 1784; x_wconf 86' lang='grc' dir='ltr'><strong>δεῖ</strong></span> <span class='ocrx_word' id='word_1_619' title='bbox 1684 1747 1804 1784; x_wconf 87' lang='grc' dir='ltr'>καλεῖν</span> <span class='ocrx_word' id='word_1_620' title='bbox 1820 1745 1880 1784; x_wconf 74' lang='grc' dir='ltr'><strong>καὶ</strong></span> <span class='ocrx_word' id='word_1_621' title='bbox 1896 1746 2031 1792; x_wconf 86' lang='grc' dir='ltr'>ἀθλίους</span> <span class='ocrx_word' id='word_1_622' title='bbox 2044 1777 2055 1797; x_wconf 84' lang='grc'>,</span> <span class='ocrx_word' id='word_1_623' title='bbox 2074 1746 2128 1786; x_wconf 82' lang='grc' dir='ltr'><strong>ὅτι</strong></span> <span class='ocrx_word' id='word_1_624' title='bbox 2143 1747 2229 1800; x_wconf 83' lang='grc' dir='ltr'>πρὸς</span> <span class='ocrx_word' id='word_1_625' title='bbox 2249 1749 2350 1786; x_wconf 82' lang='grc' dir='ltr'>αὖτο-</span> 
     </span>
     <span class='ocr_line' id='line_1_81' title="bbox 1299 1803 2350 1858; baseline 0.003 -15"><span class='ocrx_word' id='word_1_626' title='bbox 1299 1803 1505 1858; x_wconf 86' lang='grc' dir='ltr'>προαίρετον</span> <span class='ocrx_word' id='word_1_627' title='bbox 1528 1804 1654 1843; x_wconf 84' lang='grc' dir='ltr'>κακίαν</span> <span class='ocrx_word' id='word_1_628' title='bbox 1673 1804 1926 1853; x_wconf 81' lang='grc' dir='ltr'>εἷλκύσθησαν·</span> <span class='ocrx_word' id='word_1_629' title='bbox 1957 1805 1998 1844; x_wconf 79' lang='grc' dir='ltr'><strong>τὸ</strong></span> <span class='ocrx_word' id='word_1_630' title='bbox 2024 1805 2059 1844; x_wconf 85' lang='grc' dir='ltr'><strong>δὲ</strong></span> <span class='ocrx_word' id='word_1_631' title='bbox 2078 1807 2249 1857; x_wconf 87' lang='grc' dir='ltr'>μηδαμῶς</span> <span class='ocrx_word' id='word_1_632' title='bbox 2267 1806 2350 1846; x_wconf 77' lang='grc' dir='ltr'>τού-</span> 
     </span>
    </p>
   </div>
   <div class='ocr_carea' id='block_1_9' title="bbox 1269 1939 2350 2001">
    <p class='ocr_par' dir='ltr' id='par_1_14' title="bbox 1269 1939 2350 2001">
     <span class='ocr_line' id='line_1_82' title="bbox 1269 1939 2350 2001; baseline 0.002 -14"><span class='ocrx_word' id='word_1_633' title='bbox 1269 1939 1277 1999; x_wconf 53' lang='lat' dir='ltr'><strong>,l</strong></span> <span class='ocrx_word' id='word_1_634' title='bbox 1296 1952 1468 1989; x_wconf 82' lang='lat' dir='ltr'><strong>versibus</strong></span> <span class='ocrx_word' id='word_1_635' title='bbox 1499 1950 1726 2000; x_wconf 82' lang='lat' dir='ltr'><strong>significari;</strong></span> <span class='ocrx_word' id='word_1_636' title='bbox 1747 1964 1790 1988; x_wconf 90' lang='lat' dir='ltr'><strong>ac</strong></span> <span class='ocrx_word' id='word_1_637' title='bbox 1811 1953 2078 1988; x_wconf 79' lang='lat' dir='ltr'><strong>voluntariam</strong></span> <span class='ocrx_word' id='word_1_638' title='bbox 2102 1953 2258 2001; x_wconf 89' lang='lat' dir='ltr'><strong>quidem</strong></span> <span class='ocrx_word' id='word_1_639' title='bbox 2279 1955 2350 1989; x_wconf 79' lang='lat' dir='ltr'><strong>ne&#39;-</strong></span> 
     </span>
    </p>
   </div>
   <div class='ocr_carea' id='block_1_10' title="bbox 1298 2010 2353 3591">
    <p class='ocr_par' dir='ltr' id='par_1_15' title="bbox 1298 2010 2353 3591">
     <span class='ocr_line' id='line_1_83' title="bbox 1300 2010 2352 2061; baseline 0.001 -14"><span class='ocrx_word' id='word_1_640' title='bbox 1300 2012 1462 2061; x_wconf 83' lang='lat' dir='ltr'><strong>quitiam</strong></span> <span class='ocrx_word' id='word_1_641' title='bbox 1478 2010 1535 2046; x_wconf 86' lang='lat' dir='ltr'><strong>his</strong></span> <span class='ocrx_word' id='word_1_642' title='bbox 1546 2011 1691 2048; x_wconf 89' lang='lat' dir='ltr'><strong>verbis:</strong></span> <span class='ocrx_word' id='word_1_643' title='bbox 1709 2023 1906 2058; x_wconf 80' lang='lat' dir='ltr'><strong>cognosces</strong></span> <span class='ocrx_word' id='word_1_644' title='bbox 1919 2020 2042 2047; x_wconf 83' lang='lat' dir='ltr'><strong>autem</strong></span> <span class='ocrx_word' id='word_1_645' title='bbox 2056 2012 2229 2049; x_wconf 77' lang='lat' dir='ltr'><strong>homines</strong></span> <span class='ocrx_word' id='word_1_646' title='bbox 2240 2015 2352 2048; x_wconf 77' lang='lat' dir='ltr'><strong>malis</strong></span> 
     </span>
     <span class='ocr_line' id='line_1_84' title="bbox 1298 2069 2353 2117; baseline 0.002 -12"><span class='ocrx_word' id='word_1_647' title='bbox 1298 2072 1395 2106; x_wconf 85' lang='lat' dir='ltr'><strong>ultro</strong></span> <span class='ocrx_word' id='word_1_648' title='bbox 1422 2072 1608 2104; x_wconf 81' lang='lat' dir='ltr'><strong>arcessitis</strong></span> <span class='ocrx_word' id='word_1_649' title='bbox 1633 2069 1797 2114; x_wconf 83' lang='lat' dir='ltr'><strong>obrutos,</strong></span> <span class='ocrx_word' id='word_1_650' title='bbox 1834 2082 1930 2117; x_wconf 84' lang='lat' dir='ltr'><strong>quos</strong></span> <span class='ocrx_word' id='word_1_651' title='bbox 1951 2070 2097 2108; x_wconf 89' lang='lat' dir='ltr'><strong>idcirco</strong></span> <span class='ocrx_word' id='word_1_652' title='bbox 2131 2083 2282 2106; x_wconf 73' lang='lat' dir='ltr'><strong>miseros</strong></span> <span class='ocrx_word' id='word_1_653' title='bbox 2315 2079 2353 2107; x_wconf 86' lang='lat' dir='ltr'><strong>et</strong></span> 
     </span>
     <span class='ocr_line' id='line_1_85' title="bbox 1298 2128 2350 2177; baseline 0 -13"><span class='ocrx_word' id='word_1_654' title='bbox 1298 2128 1466 2164; x_wconf 88' lang='lat' dir='ltr'><strong>infelices</strong></span> <span class='ocrx_word' id='word_1_655' title='bbox 1494 2128 1686 2176; x_wconf 88' lang='lat' dir='ltr'><strong>appellare</strong></span> <span class='ocrx_word' id='word_1_656' title='bbox 1719 2134 1893 2176; x_wconf 85' lang='lat' dir='ltr'><strong>oportet,</strong></span> <span class='ocrx_word' id='word_1_657' title='bbox 1927 2129 2018 2176; x_wconf 90' lang='lat' dir='ltr'><strong>quia</strong></span> <span class='ocrx_word' id='word_1_658' title='bbox 2055 2141 2123 2165; x_wconf 86' lang='lat' dir='ltr'><strong>sua</strong></span> <span class='ocrx_word' id='word_1_659' title='bbox 2151 2136 2289 2177; x_wconf 89' lang='lat' dir='ltr'><strong>sponte</strong></span> <span class='ocrx_word' id='word_1_660' title='bbox 2310 2130 2350 2164; x_wconf 92' lang='lat' dir='ltr'><strong>in</strong></span> 
     </span>
     <span class='ocr_line' id='line_1_86' title="bbox 1298 2187 2349 2236; baseline 0.001 -14"><span class='ocrx_word' id='word_1_661' title='bbox 1298 2188 1432 2223; x_wconf 85' lang='lat' dir='ltr'><strong>vitium</strong></span> <span class='ocrx_word' id='word_1_662' title='bbox 1451 2188 1634 2235; x_wconf 86' lang='lat' dir='ltr'><strong>pertracti</strong></span> <span class='ocrx_word' id='word_1_663' title='bbox 1654 2194 1758 2233; x_wconf 90' lang='lat' dir='ltr'><strong>sunt;</strong></span> <span class='ocrx_word' id='word_1_664' title='bbox 1781 2199 1846 2223; x_wconf 91' lang='lat' dir='ltr'><strong>eos</strong></span> <span class='ocrx_word' id='word_1_665' title='bbox 1864 2199 1957 2223; x_wconf 88' lang='lat' dir='ltr'><strong>vero</strong></span> <span class='ocrx_word' id='word_1_666' title='bbox 1979 2187 2082 2223; x_wconf 90' lang='lat' dir='ltr'><strong>bona</strong></span> <span class='ocrx_word' id='word_1_667' title='bbox 2104 2199 2349 2236; x_wconf 87' lang='lat' dir='ltr'><strong>nequaquam</strong></span> 
     </span>
     <span class='ocr_line' id='line_1_87' title="bbox 1299 2245 2350 2294; baseline 0.001 -14"><span class='ocrx_word' id='word_1_668' title='bbox 1299 2245 1597 2281; x_wconf 86' lang='lat' dir='ltr'><strong>animadvertere</strong></span> <span class='ocrx_word' id='word_1_669' title='bbox 1616 2245 1713 2282; x_wconf 89' lang='lat' dir='ltr'><strong>velle</strong></span> <span class='ocrx_word' id='word_1_670' title='bbox 1731 2258 1776 2282; x_wconf 87' lang='lat' dir='ltr'><strong>ex</strong></span> <span class='ocrx_word' id='word_1_671' title='bbox 1792 2245 1867 2281; x_wconf 89' lang='lat' dir='ltr'><strong>hoc</strong></span> <span class='ocrx_word' id='word_1_672' title='bbox 1888 2245 2001 2282; x_wconf 87' lang='lat' dir='ltr'><strong>effato</strong></span> <span class='ocrx_word' id='word_1_673' title='bbox 2015 2253 2120 2294; x_wconf 89' lang='lat' dir='ltr'><strong>patet</strong></span> <span class='ocrx_word' id='word_1_674' title='bbox 2142 2258 2151 2282; x_wconf 76' lang='grc' dir='ltr'><strong>ε</strong></span> <span class='ocrx_word' id='word_1_675' title='bbox 2175 2249 2240 2294; x_wconf 82' lang='lat' dir='ltr'><strong>qui</strong></span> <span class='ocrx_word' id='word_1_676' title='bbox 2253 2247 2350 2282; x_wconf 82' lang='lat' dir='ltr'><strong>bona</strong></span> 
     </span>
     <span class='ocr_line' id='line_1_88' title="bbox 1298 2305 2350 2354; baseline 0.002 -15"><span class='ocrx_word' id='word_1_677' title='bbox 1298 2317 1410 2351; x_wconf 81' lang='lat' dir='ltr'><strong>quum</strong></span> <span class='ocrx_word' id='word_1_678' title='bbox 1419 2316 1539 2353; x_wconf 76' lang='lat' dir='ltr'><strong>prope</strong></span> <span class='ocrx_word' id='word_1_679' title='bbox 1551 2307 1626 2340; x_wconf 83' lang='lat' dir='ltr'><strong>sint</strong></span> <span class='ocrx_word' id='word_1_680' title='bbox 1638 2316 1707 2340; x_wconf 84' lang='lat' dir='ltr'><strong>nec</strong></span> <span class='ocrx_word' id='word_1_681' title='bbox 1729 2305 1859 2340; x_wconf 79' lang='lat' dir='ltr'><strong>m&#39;dent</strong></span> <span class='ocrx_word' id='word_1_682' title='bbox 1872 2317 1940 2340; x_wconf 85' lang='lat' dir='ltr'><strong>nec</strong></span> <span class='ocrx_word' id='word_1_683' title='bbox 1958 2307 2137 2349; x_wconf 74' lang='lat' dir='ltr'><strong>audiunt,⁸</strong></span> <span class='ocrx_word' id='word_1_684' title='bbox 2168 2313 2350 2354; x_wconf 77' lang='lat' dir='ltr'><strong>praeterea</strong></span> 
     </span>
     <span class='ocr_line' id='line_1_89' title="bbox 1298 2362 2348 2412; baseline 0.001 -13"><span class='ocrx_word' id='word_1_685' title='bbox 1298 2362 1381 2399; x_wconf 87' lang='lat' dir='ltr'><strong>fieri</strong></span> <span class='ocrx_word' id='word_1_686' title='bbox 1401 2376 1512 2412; x_wconf 91' lang='lat' dir='ltr'><strong>posse</strong></span> <span class='ocrx_word' id='word_1_687' title='bbox 1537 2370 1580 2399; x_wconf 91' lang='lat' dir='ltr'><strong>ut</strong></span> <span class='ocrx_word' id='word_1_688' title='bbox 1600 2375 1621 2399; x_wconf 88' lang='lat' dir='ltr'><strong>a</strong></span> <span class='ocrx_word' id='word_1_689' title='bbox 1652 2364 1760 2399; x_wconf 88' lang='lat' dir='ltr'><strong>malis</strong></span> <span class='ocrx_word' id='word_1_690' title='bbox 1780 2364 1881 2399; x_wconf 86' lang='lat' dir='ltr'><strong>ultro</strong></span> <span class='ocrx_word' id='word_1_691' title='bbox 1910 2365 2093 2401; x_wconf 86' lang='lat' dir='ltr'><strong>arcessitis</strong></span> <span class='ocrx_word' id='word_1_692' title='bbox 2127 2364 2348 2409; x_wconf 88' lang='lat' dir='ltr'><strong>liberemur,</strong></span> 
     </span>
     <span class='ocr_line' id='line_1_90' title="bbox 1299 2422 2352 2472; baseline 0.002 -15"><span class='ocrx_word' id='word_1_693' title='bbox 1299 2422 1462 2458; x_wconf 87' lang='lat' dir='ltr'><strong>ostendit</strong></span> <span class='ocrx_word' id='word_1_694' title='bbox 1483 2422 1600 2467; x_wconf 88' lang='lat' dir='ltr'><strong>illud,</strong></span> <span class='ocrx_word' id='word_1_695' title='bbox 1628 2423 1836 2458; x_wconf 80' lang='lat' dir='ltr'><strong>remedium</strong></span> <span class='ocrx_word' id='word_1_696' title='bbox 1874 2430 1997 2459; x_wconf 76' lang='lat' dir='ltr'><strong>aulem</strong></span> <span class='ocrx_word' id='word_1_697' title='bbox 2031 2425 2212 2459; x_wconf 86' lang='lat' dir='ltr'><strong>malorum</strong></span> <span class='ocrx_word' id='word_1_698' title='bbox 2230 2427 2352 2472; x_wconf 84' lang='lat' dir='ltr'><strong>pauci</strong></span> 
     </span>
     <span class='ocr_line' id='line_1_91' title="bbox 1298 2479 2350 2529; baseline 0.002 -14"><span class='ocrx_word' id='word_1_699' title='bbox 1298 2489 1488 2524; x_wconf 81' lang='lat' dir='ltr'><strong>noverunt,</strong></span> <span class='ocrx_word' id='word_1_700' title='bbox 1513 2480 1619 2528; x_wconf 91' lang='lat' dir='ltr'><strong>quod</strong></span> <span class='ocrx_word' id='word_1_701' title='bbox 1639 2479 1727 2516; x_wconf 88' lang='lat' dir='ltr'><strong>ideo</strong></span> <span class='ocrx_word' id='word_1_702' title='bbox 1743 2481 1924 2517; x_wconf 88' lang='lat' dir='ltr'><strong>insertum</strong></span> <span class='ocrx_word' id='word_1_703' title='bbox 1942 2489 2015 2527; x_wconf 90' lang='lat' dir='ltr'><strong>est,</strong></span> <span class='ocrx_word' id='word_1_704' title='bbox 2031 2489 2074 2517; x_wconf 82' lang='lat' dir='ltr'><strong>ut</strong></span> <span class='ocrx_word' id='word_1_705' title='bbox 2091 2494 2209 2529; x_wconf 88' lang='lat' dir='ltr'><strong>quum</strong></span> <span class='ocrx_word' id='word_1_706' title='bbox 2227 2494 2350 2517; x_wconf 87' lang='lat' dir='ltr'><strong>reme-</strong></span> 
     </span>
     <span class='ocr_line' id='line_1_92' title="bbox 1300 2539 2350 2588; baseline 0.002 -14"><span class='ocrx_word' id='word_1_707' title='bbox 1300 2539 1403 2574; x_wconf 84' lang='lat' dir='ltr'><strong>dium</strong></span> <span class='ocrx_word' id='word_1_708' title='bbox 1435 2551 1551 2588; x_wconf 88' lang='lat' dir='ltr'><strong>penes</strong></span> <span class='ocrx_word' id='word_1_709' title='bbox 1577 2551 1647 2581; x_wconf 82' lang='lat' dir='ltr'><strong>nos</strong></span> <span class='ocrx_word' id='word_1_710' title='bbox 1682 2551 1759 2575; x_wconf 89' lang='lat' dir='ltr'><strong>esse</strong></span> <span class='ocrx_word' id='word_1_711' title='bbox 1791 2539 2128 2585; x_wconf 88' lang='lat' dir='ltr'><strong>demonstraverit,</strong></span> <span class='ocrx_word' id='word_1_712' title='bbox 2151 2540 2350 2576; x_wconf 88' lang='lat' dir='ltr'><strong>vinculum</strong></span> 
     </span>
     <span class='ocr_line' id='line_1_93' title="bbox 1299 2598 2349 2648; baseline 0.002 -15"><span class='ocrx_word' id='word_1_713' title='bbox 1299 2610 1454 2646; x_wconf 87' lang='lat' dir='ltr'><strong>quoqne</strong></span> <span class='ocrx_word' id='word_1_714' title='bbox 1474 2610 1520 2633; x_wconf 86' lang='lat' dir='ltr'><strong>ex</strong></span> <span class='ocrx_word' id='word_1_715' title='bbox 1540 2605 1671 2633; x_wconf 86' lang='lat' dir='ltr'><strong>nostro</strong></span> <span class='ocrx_word' id='word_1_716' title='bbox 1691 2598 1852 2634; x_wconf 86' lang='lat' dir='ltr'><strong>arbitrio</strong></span> <span class='ocrx_word' id='word_1_717' title='bbox 1881 2598 2050 2647; x_wconf 89' lang='lat' dir='ltr'><strong>pendere</strong></span> <span class='ocrx_word' id='word_1_718' title='bbox 2068 2611 2149 2648; x_wconf 88' lang='lat' dir='ltr'><strong>prae</strong></span> <span class='ocrx_word' id='word_1_719' title='bbox 2164 2611 2203 2635; x_wconf 90' lang='lat' dir='ltr'><strong>se</strong></span> <span class='ocrx_word' id='word_1_720' title='bbox 2220 2599 2349 2635; x_wconf 84' lang='lat' dir='ltr'><strong>ferret.</strong></span> 
     </span>
     <span class='ocr_line' id='line_1_94' title="bbox 1300 2656 2352 2694; baseline 0.002 -2"><span class='ocrx_word' id='word_1_721' title='bbox 1300 2656 1443 2693; x_wconf 90' lang='lat' dir='ltr'><strong>Deinde</strong></span> <span class='ocrx_word' id='word_1_722' title='bbox 1464 2657 1640 2692; x_wconf 81' lang='lat' dir='ltr'><strong>caecitatis</strong></span> <span class='ocrx_word' id='word_1_723' title='bbox 1660 2663 1697 2692; x_wconf 92' lang='lat' dir='ltr'><strong>et</strong></span> <span class='ocrx_word' id='word_1_724' title='bbox 1715 2657 1911 2693; x_wconf 86' lang='lat' dir='ltr'><strong>surditatis</strong></span> <span class='ocrx_word' id='word_1_725' title='bbox 1930 2658 2028 2694; x_wconf 91' lang='lat' dir='ltr'><strong>hanc</strong></span> <span class='ocrx_word' id='word_1_726' title='bbox 2046 2659 2181 2694; x_wconf 86' lang='lat' dir='ltr'><strong>animis</strong></span> <span class='ocrx_word' id='word_1_727' title='bbox 2200 2658 2239 2693; x_wconf 90' lang='lat' dir='ltr'><strong>in</strong></span> <span class='ocrx_word' id='word_1_728' title='bbox 2259 2659 2352 2694; x_wconf 82' lang='lat' dir='ltr'><strong>vitia</strong></span> 
     </span>
     <span class='ocr_line' id='line_1_95' title="bbox 1298 2714 2350 2764; baseline 0.001 -14"><span class='ocrx_word' id='word_1_729' title='bbox 1298 2715 1488 2764; x_wconf 89' lang='lat' dir='ltr'><strong>prolapsis</strong></span> <span class='ocrx_word' id='word_1_730' title='bbox 1505 2727 1652 2751; x_wconf 90' lang='lat' dir='ltr'><strong>causam</strong></span> <span class='ocrx_word' id='word_1_731' title='bbox 1674 2716 1871 2761; x_wconf 88' lang='lat' dir='ltr'><strong>attribuit,</strong></span> <span class='ocrx_word' id='word_1_732' title='bbox 1893 2717 1971 2752; x_wconf 83' lang='lat' dir='ltr'><strong>tale</strong></span> <span class='ocrx_word' id='word_1_733' title='bbox 1991 2714 2118 2761; x_wconf 80' lang='lat' dir='ltr'><strong>fatum</strong></span> <span class='ocrx_word' id='word_1_734' title='bbox 2137 2718 2350 2752; x_wconf 83' lang='lat' dir='ltr'><strong>mortalium</strong></span> 
     </span>
     <span class='ocr_line' id='line_1_96' title="bbox 1300 2773 2352 2822; baseline 0 -12"><span class='ocrx_word' id='word_1_735' title='bbox 1300 2781 1439 2810; x_wconf 84' lang='lat' dir='ltr'><strong>mentes</strong></span> <span class='ocrx_word' id='word_1_736' title='bbox 1453 2774 1572 2812; x_wconf 79' lang='lat' dir='ltr'><strong>loedit.</strong></span> <span class='ocrx_word' id='word_1_737' title='bbox 1594 2774 1790 2822; x_wconf 86' lang='lat' dir='ltr'><strong>Separatio</strong></span> <span class='ocrx_word' id='word_1_738' title='bbox 1809 2774 1908 2810; x_wconf 90' lang='lat' dir='ltr'><strong>enim</strong></span> <span class='ocrx_word' id='word_1_739' title='bbox 1937 2786 1958 2810; x_wconf 88' lang='lat' dir='ltr'><strong>a</strong></span> <span class='ocrx_word' id='word_1_740' title='bbox 1974 2774 2044 2811; x_wconf 91' lang='lat' dir='ltr'><strong>diis</strong></span> <span class='ocrx_word' id='word_1_741' title='bbox 2063 2775 2112 2811; x_wconf 89' lang='lat' dir='ltr'><strong>ad</strong></span> <span class='ocrx_word' id='word_1_742' title='bbox 2130 2773 2352 2811; x_wconf 83' lang='lat' dir='ltr'><strong>vecordiam</strong></span> 
     </span>
     <span class='ocr_line' id='line_1_97' title="bbox 1301 2833 2352 2883; baseline 0 -13"><span class='ocrx_word' id='word_1_743' title='bbox 1301 2841 1338 2870; x_wconf 93' lang='lat' dir='ltr'><strong>et</strong></span> <span class='ocrx_word' id='word_1_744' title='bbox 1373 2833 1691 2870; x_wconf 83' lang='lat' dir='ltr'><strong>inconsideratam</strong></span> <span class='ocrx_word' id='word_1_745' title='bbox 1723 2834 1948 2870; x_wconf 84' lang='lat' dir='ltr'><strong>electionem</strong></span> <span class='ocrx_word' id='word_1_746' title='bbox 1970 2834 2099 2883; x_wconf 88' lang='lat' dir='ltr'><strong>ducit,</strong></span> <span class='ocrx_word' id='word_1_747' title='bbox 2132 2846 2244 2882; x_wconf 89' lang='lat' dir='ltr'><strong>quam</strong></span> <span class='ocrx_word' id='word_1_748' title='bbox 2281 2847 2352 2883; x_wconf 86' lang='lat' dir='ltr'><strong>per</strong></span> 
     </span>
     <span class='ocr_line' id='line_1_98' title="bbox 1304 2890 2352 2942; baseline 0.002 -15"><span class='ocrx_word' id='word_1_749' title='bbox 1304 2892 1400 2928; x_wconf 93' lang='lat' dir='ltr'><strong>illud</strong></span> <span class='ocrx_word' id='word_1_750' title='bbox 1432 2895 1584 2928; x_wconf 73' lang='lat' dir='ltr'><strong>noxium</strong></span> <span class='ocrx_word' id='word_1_751' title='bbox 1612 2890 1746 2938; x_wconf 82' lang='lat' dir='ltr'><strong>fatum</strong></span> <span class='ocrx_word' id='word_1_752' title='bbox 1782 2891 2027 2942; x_wconf 84' lang='lat' dir='ltr'><strong>significavit,</strong></span> <span class='ocrx_word' id='word_1_753' title='bbox 2066 2894 2172 2942; x_wconf 90' lang='lat' dir='ltr'><strong>quod</strong></span> <span class='ocrx_word' id='word_1_754' title='bbox 2202 2906 2272 2929; x_wconf 89' lang='lat' dir='ltr'><strong>nos</strong></span> <span class='ocrx_word' id='word_1_755' title='bbox 2303 2893 2352 2929; x_wconf 87' lang='lat' dir='ltr'><strong>ad</strong></span> 
     </span>
     <span class='ocr_line' id='line_1_99' title="bbox 1300 2952 2351 2999; baseline 0.001 -13"><span class='ocrx_word' id='word_1_756' title='bbox 1300 2952 1531 2999; x_wconf 87' lang='lat' dir='ltr'><strong>particulare</strong></span> <span class='ocrx_word' id='word_1_757' title='bbox 1551 2958 1589 2988; x_wconf 89' lang='lat' dir='ltr'><strong>et</strong></span> <span class='ocrx_word' id='word_1_758' title='bbox 1614 2952 1776 2988; x_wconf 88' lang='lat' dir='ltr'><strong>mortale</strong></span> <span class='ocrx_word' id='word_1_759' title='bbox 1799 2952 1938 2988; x_wconf 90' lang='lat' dir='ltr'><strong>animal</strong></span> <span class='ocrx_word' id='word_1_760' title='bbox 1964 2953 2160 2989; x_wconf 89' lang='lat' dir='ltr'><strong>inclinatos</strong></span> <span class='ocrx_word' id='word_1_761' title='bbox 2179 2965 2199 2989; x_wconf 90' lang='lat' dir='ltr'><strong>e</strong></span> <span class='ocrx_word' id='word_1_762' title='bbox 2220 2952 2351 2988; x_wconf 88' lang='lat' dir='ltr'><strong>divino</strong></span> 
     </span>
     <span class='ocr_line' id='line_1_100' title="bbox 1301 3010 2349 3060; baseline 0 -14"><span class='ocrx_word' id='word_1_763' title='bbox 1301 3011 1421 3046; x_wconf 90' lang='lat' dir='ltr'><strong>choro</strong></span> <span class='ocrx_word' id='word_1_764' title='bbox 1441 3010 1557 3058; x_wconf 85' lang='lat' dir='ltr'><strong>ejicit.</strong></span> <span class='ocrx_word' id='word_1_765' title='bbox 1579 3011 1751 3047; x_wconf 88' lang='lat' dir='ltr'><strong>Ostendit</strong></span> <span class='ocrx_word' id='word_1_766' title='bbox 1770 3012 1884 3047; x_wconf 85' lang='lat' dir='ltr'><strong>etiam</strong></span> <span class='ocrx_word' id='word_1_767' title='bbox 1898 3024 1980 3060; x_wconf 86' lang='lat' dir='ltr'><strong>quae</strong></span> <span class='ocrx_word' id='word_1_768' title='bbox 1995 3010 2349 3048; x_wconf 75' lang='lat' dir='ltr'><strong>inconsiderantiam</strong></span> 
     </span>
     <span class='ocr_line' id='line_1_101' title="bbox 1300 3070 2351 3120; baseline 0.002 -15"><span class='ocrx_word' id='word_1_769' title='bbox 1300 3070 1406 3105; x_wconf 86' lang='lat' dir='ltr'><strong>illam</strong></span> <span class='ocrx_word' id='word_1_770' title='bbox 1432 3077 1655 3118; x_wconf 87' lang='lat' dir='ltr'><strong>sequantur,</strong></span> <span class='ocrx_word' id='word_1_771' title='bbox 1680 3077 1718 3106; x_wconf 91' lang='lat' dir='ltr'><strong>et</strong></span> <span class='ocrx_word' id='word_1_772' title='bbox 1743 3070 1942 3119; x_wconf 89' lang='lat' dir='ltr'><strong>quomodo</strong></span> <span class='ocrx_word' id='word_1_773' title='bbox 1961 3078 2120 3120; x_wconf 91' lang='lat' dir='ltr'><strong>peccata</strong></span> <span class='ocrx_word' id='word_1_774' title='bbox 2137 3071 2351 3107; x_wconf 84' lang='lat' dir='ltr'><strong>voluntaria</strong></span> 
     </span>
     <span class='ocr_line' id='line_1_102' title="bbox 1302 3127 2350 3174; baseline -0.003 -8"><span class='ocrx_word' id='word_1_775' title='bbox 1302 3127 1414 3167; x_wconf 88' lang='lat' dir='ltr'><strong>simul</strong></span> <span class='ocrx_word' id='word_1_776' title='bbox 1451 3130 1526 3165; x_wconf 85' lang='lat' dir='ltr'><strong>sint</strong></span> <span class='ocrx_word' id='word_1_777' title='bbox 1563 3136 1601 3166; x_wconf 87' lang='lat' dir='ltr'><strong>et</strong></span> <span class='ocrx_word' id='word_1_778' title='bbox 1650 3141 1729 3165; x_wconf 90' lang='lat' dir='ltr'><strong>non</strong></span> <span class='ocrx_word' id='word_1_779' title='bbox 1775 3127 1992 3167; x_wconf 83' lang='lat' dir='ltr'><strong>voluntaria</strong></span> <span class='ocrx_word' id='word_1_780' title='bbox 2043 3128 2175 3174; x_wconf 89' lang='lat' dir='ltr'><strong>docet,</strong></span> <span class='ocrx_word' id='word_1_781' title='bbox 2209 3128 2350 3164; x_wconf 89' lang='lat' dir='ltr'><strong>stulto-</strong></span> 
     </span>
     <span class='ocr_line' id='line_1_103' title="bbox 1301 3187 2347 3237; baseline -0.003 -12"><span class='ocrx_word' id='word_1_782' title='bbox 1301 3201 1386 3225; x_wconf 86' lang='lat' dir='ltr'><strong>rum</strong></span> <span class='ocrx_word' id='word_1_783' title='bbox 1410 3190 1527 3224; x_wconf 78' lang='lat' dir='ltr'><strong>vitam</strong></span> <span class='ocrx_word' id='word_1_784' title='bbox 1558 3188 1721 3237; x_wconf 86' lang='lat' dir='ltr'><strong>cylindri</strong></span> <span class='ocrx_word' id='word_1_785' title='bbox 1750 3201 1821 3236; x_wconf 91' lang='lat' dir='ltr'><strong>per</strong></span> <span class='ocrx_word' id='word_1_786' title='bbox 1846 3189 2004 3237; x_wconf 88' lang='lat' dir='ltr'><strong>planum</strong></span> <span class='ocrx_word' id='word_1_787' title='bbox 2031 3187 2154 3223; x_wconf 89' lang='lat' dir='ltr'><strong>motui</strong></span> <span class='ocrx_word' id='word_1_788' title='bbox 2190 3198 2347 3235; x_wconf 87' lang='lat' dir='ltr'><strong>compa-</strong></span> 
     </span>
     <span class='ocr_line' id='line_1_104' title="bbox 1302 3248 2353 3296; baseline -0.004 -11"><span class='ocrx_word' id='word_1_789' title='bbox 1302 3250 1421 3294; x_wconf 77' lang='lat' dir='ltr'><strong>rans,</strong></span> <span class='ocrx_word' id='word_1_790' title='bbox 1439 3250 1504 3296; x_wconf 88' lang='lat' dir='ltr'><strong>qui</strong></span> <span class='ocrx_word' id='word_1_791' title='bbox 1533 3249 1572 3284; x_wconf 90' lang='lat' dir='ltr'><strong>in</strong></span> <span class='ocrx_word' id='word_1_792' title='bbox 1616 3248 1748 3284; x_wconf 89' lang='lat' dir='ltr'><strong>orbem</strong></span> <span class='ocrx_word' id='word_1_793' title='bbox 1792 3248 1903 3283; x_wconf 90' lang='lat' dir='ltr'><strong>simul</strong></span> <span class='ocrx_word' id='word_1_794' title='bbox 1934 3254 1971 3283; x_wconf 91' lang='lat' dir='ltr'><strong>et</strong></span> <span class='ocrx_word' id='word_1_795' title='bbox 2007 3253 2111 3283; x_wconf 89' lang='lat' dir='ltr'><strong>recta</strong></span> <span class='ocrx_word' id='word_1_796' title='bbox 2145 3252 2235 3282; x_wconf 90' lang='lat' dir='ltr'><strong>tunc</strong></span> <span class='ocrx_word' id='word_1_797' title='bbox 2268 3257 2353 3280; x_wconf 91' lang='lat' dir='ltr'><strong>mo-</strong></span> 
     </span>
     <span class='ocr_line' id='line_1_105' title="bbox 1301 3306 2353 3356; baseline -0.005 -12"><span class='ocrx_word' id='word_1_798' title='bbox 1301 3315 1424 3354; x_wconf 85' lang='lat' dir='ltr'><strong>vetur,</strong></span> <span class='ocrx_word' id='word_1_799' title='bbox 1444 3308 1484 3343; x_wconf 90' lang='lat' dir='ltr'><strong>in</strong></span> <span class='ocrx_word' id='word_1_800' title='bbox 1504 3307 1637 3343; x_wconf 84' lang='lat' dir='ltr'><strong>orbem</strong></span> <span class='ocrx_word' id='word_1_801' title='bbox 1650 3306 1804 3356; x_wconf 92' lang='lat' dir='ltr'><strong>quidem</strong></span> <span class='ocrx_word' id='word_1_802' title='bbox 1818 3318 1889 3355; x_wconf 88' lang='lat' dir='ltr'><strong>per</strong></span> <span class='ocrx_word' id='word_1_803' title='bbox 1903 3318 1958 3353; x_wconf 89' lang='lat' dir='ltr'><strong>se,</strong></span> <span class='ocrx_word' id='word_1_804' title='bbox 1969 3312 2072 3342; x_wconf 89' lang='lat' dir='ltr'><strong>recta</strong></span> <span class='ocrx_word' id='word_1_805' title='bbox 2088 3317 2179 3340; x_wconf 88' lang='lat' dir='ltr'><strong>vero</strong></span> <span class='ocrx_word' id='word_1_806' title='bbox 2193 3310 2353 3353; x_wconf 88' lang='lat' dir='ltr'><strong>propter</strong></span> 
     </span>
     <span class='ocr_line' id='line_1_106' title="bbox 1301 3364 2352 3415; baseline -0.006 -13"><span class='ocrx_word' id='word_1_807' title='bbox 1301 3367 1469 3415; x_wconf 88' lang='lat' dir='ltr'><strong>pulsum.</strong></span> <span class='ocrx_word' id='word_1_808' title='bbox 1506 3367 1560 3403; x_wconf 88' lang='lat' dir='ltr'><strong>Ut</strong></span> <span class='ocrx_word' id='word_1_809' title='bbox 1591 3366 1692 3402; x_wconf 89' lang='lat' dir='ltr'><strong>enim</strong></span> <span class='ocrx_word' id='word_1_810' title='bbox 1727 3364 1922 3414; x_wconf 84' lang='lat' dir='ltr'><strong>cylindrus</strong></span> <span class='ocrx_word' id='word_1_811' title='bbox 1950 3364 2173 3400; x_wconf 85' lang='lat' dir='ltr'><strong>circularem</strong></span> <span class='ocrx_word' id='word_1_812' title='bbox 2205 3368 2352 3397; x_wconf 86' lang='lat' dir='ltr'><strong>motum</strong></span> 
     </span>
     <span class='ocr_line' id='line_1_107' title="bbox 1304 3424 2352 3474; baseline -0.005 -14"><span class='ocrx_word' id='word_1_813' title='bbox 1304 3426 1405 3462; x_wconf 87' lang='lat' dir='ltr'><strong>circa</strong></span> <span class='ocrx_word' id='word_1_814' title='bbox 1432 3437 1542 3461; x_wconf 87' lang='lat' dir='ltr'><strong>axem</strong></span> <span class='ocrx_word' id='word_1_815' title='bbox 1561 3437 1641 3460; x_wconf 90' lang='lat' dir='ltr'><strong>non</strong></span> <span class='ocrx_word' id='word_1_816' title='bbox 1671 3425 1862 3474; x_wconf 89' lang='lat' dir='ltr'><strong>integrum</strong></span> <span class='ocrx_word' id='word_1_817' title='bbox 1889 3424 2048 3468; x_wconf 87' lang='lat' dir='ltr'><strong>retinet,</strong></span> <span class='ocrx_word' id='word_1_818' title='bbox 2067 3433 2185 3470; x_wconf 91' lang='lat' dir='ltr'><strong>quum</strong></span> <span class='ocrx_word' id='word_1_819' title='bbox 2205 3433 2226 3456; x_wconf 89' lang='lat' dir='ltr'><strong>a</strong></span> <span class='ocrx_word' id='word_1_820' title='bbox 2246 3427 2352 3456; x_wconf 84' lang='lat' dir='ltr'><strong>recto</strong></span> 
     </span>
     <span class='ocr_line' id='line_1_108' title="bbox 1305 3479 2352 3520; baseline -0.006 -1"><span class='ocrx_word' id='word_1_821' title='bbox 1305 3496 1416 3519; x_wconf 92' lang='lat' dir='ltr'><strong>cursu</strong></span> <span class='ocrx_word' id='word_1_822' title='bbox 1439 3482 1608 3519; x_wconf 89' lang='lat' dir='ltr'><strong>deflectit</strong></span> <span class='ocrx_word' id='word_1_823' title='bbox 1629 3495 1639 3520; x_wconf 89' lang='lat'>:</span> <span class='ocrx_word' id='word_1_824' title='bbox 1667 3483 1720 3519; x_wconf 91' lang='lat' dir='ltr'><strong>sic</strong></span> <span class='ocrx_word' id='word_1_825' title='bbox 1740 3483 1851 3518; x_wconf 87' lang='lat' dir='ltr'><strong>etiam</strong></span> <span class='ocrx_word' id='word_1_826' title='bbox 1872 3482 2020 3517; x_wconf 88' lang='lat' dir='ltr'><strong>animus</strong></span> <span class='ocrx_word' id='word_1_827' title='bbox 2046 3491 2135 3515; x_wconf 84' lang='lat' dir='ltr'><strong>vera</strong></span> <span class='ocrx_word' id='word_1_828' title='bbox 2154 3479 2254 3514; x_wconf 88' lang='lat' dir='ltr'><strong>bona</strong></span> <span class='ocrx_word' id='word_1_829' title='bbox 2274 3491 2352 3514; x_wconf 90' lang='lat' dir='ltr'><strong>non</strong></span> 
     </span>
     <span class='ocr_line' id='line_1_109' title="bbox 1306 3533 2353 3591; baseline -0.006 -13"><span class='ocrx_word' id='word_1_830' title='bbox 1306 3543 1534 3591; x_wconf 78' lang='lat' dir='ltr'><strong>assequitur,</strong></span> <span class='ocrx_word' id='word_1_831' title='bbox 1560 3554 1677 3591; x_wconf 90' lang='lat' dir='ltr'><strong>quum</strong></span> <span class='ocrx_word' id='word_1_832' title='bbox 1701 3546 1806 3577; x_wconf 88' lang='lat' dir='ltr'><strong>recta</strong></span> <span class='ocrx_word' id='word_1_833' title='bbox 1833 3540 1981 3577; x_wconf 79' lang='lat' dir='ltr'><strong>ratione</strong></span> <span class='ocrx_word' id='word_1_834' title='bbox 2013 3545 2051 3575; x_wconf 90' lang='lat' dir='ltr'><strong>et</strong></span> <span class='ocrx_word' id='word_1_835' title='bbox 2080 3533 2353 3574; x_wconf 82' lang='lat' dir='ltr'><strong>consuetudine</strong></span> 
     </span>
    </p>
   </div>
  </div>
 </body>
</html>
