2612 3814
52 290 57 295 ι
94 313 128 340 10
147 298 198 345 ὅν,
229 298 326 351 εἴπερ
358 297 407 349 μὴ
435 297 524 346 ἔστι,
554 298 644 349 μηδὲ
670 301 886 351 φρονεῖσθαι.

1012 211 1079 249 DE
1110 210 1333 250 MELlSSO
1365 211 1477 251 ETC.

945 300 990 339 ῘΞῖ
1022 301 1052 338 δ’
1073 298 1202 348 οὕτως,

147 356 243 396 οὐδὲν
257 357 300 396 ἂν
317 351 405 397 εἶναι
419 358 544 411 ψεῦδος
556 358 716 408 οὐδαμῶς
735 372 855 410 φησιν,
874 358 944 397 οὐδ’
962 360 992 397 εἷ
1015 361 1050 399 ἐν
1075 361 1125 412 τῷ
1141 375 1202 399 πε-

146 416 247 468 λάγει
275 416 360 469 φαίη
407 417 626 468 ἁμιλλᾶσθαι
665 415 822 470 ἅρματα.
888 416 1015 456 Πάντα
1048 418 1116 470 γὰρ
1163 417 1205 456 ἂν

147 479 258 515 ταῦτα
279 476 348 524 εἴη.
409 478 492 520 Πῶς
509 475 578 529 γὰρ
596 476 641 516 τὰ
659 475 822 528 ὁρώμενα
842 476 903 515 καὶ
929 477 1125 529 ἀκουόμενα
1148 477 1207 531 διὰ

146 538 248 574 τοῦτο
268 535 376 582 ἔστιν,
395 533 448 574 ὅτι
465 540 641 589 φρονεῖται
659 533 792 574 ἕκαστα
810 536 944 584 αὐτῶνς
973 538 1003 575 εἷ
1023 537 1058 576 δὲ
1081 536 1130 589 μὴ
1149 537 1206 577 διὰ

96 605 130 633 1⁶
150 598 272 643 τοῦτο,
311 596 389 634 ἀλλ’
423 594 522 648 εἴπερ
549 594 647 635 οὐδὲν
684 597 817 646 μᾶλλον
854 596 877 634 ἃ
923 598 1059 649 δρῶμεν
1095 595 1204 645 ἔστιν,

149 654 242 695 ἔστιν
253 653 342 694 οὕτω
357 656 491 707 μᾶλλον
512 654 534 693 ἃ
555 657 691 707 ὁρῶμεν
711 654 733 702 ἢ
754 655 776 694 ἃ
791 655 1044 706 διανοούμεθα;
1063 655 1123 695 καὶ
1140 655 1207 708 γὰρ

147 712 267 767 ὥσπερ
279 715 350 752 ἐκεῖ
369 713 493 753 πολλοὶ
515 712 556 752 ἂν
573 717 687 754 ταῦτα
700 714 819 763 ἴδοιεν,
840 715 899 753 καὶ
921 717 1069 754 ἐνταῦθα
1084 715 1208 754 πολλοὶ

148 772 190 812 ἂν
203 776 316 812 ταῦτα
331 772 609 825 διανοηθείημεν.
666 776 700 814 Τ
703 773 725 812 ὰ
742 768 800 813 οἶν
815 774 982 822 διανοητὰ
994 775 1104 814 τοιάδ’
1123 774 1208 822 ἔστι,

149 907 197 940 ὅτι
211 907 244 940 δὲ
268 908 328 951 κᾷν
343 907 364 949 ᾖ
386 919 434 948 τι,
457 911 551 940 τοῦτο
573 908 736 949 ἄγνωστὸν
759 920 794 941 τε
819 908 1104 948 καὶζάνεπινόητὸν
1124 909 1208 941 ἐστιν

149 956 303 998 ἀνθρώπῳ
316 980 325 996 ,
336 956 573 999 παρακειμένως
587 956 801 989 ἀποδεικτέον.
847 955 1066 993 Quamobrem
1081 958 1104 989 F
1105 957 1210 989 ossius

150 1007 264 1036 auctor
282 1004 342 1037 suit
355 1029 364 1045 ,
381 1007 416 1037 ut
430 1005 521 1037 locus
540 1004 586 1037 sic
595 1004 809 1044 corrigeretur
827 1013 835 1032 ε
850 1005 877 1036 εἰ
892 1004 947 1045 μὲν
961 1002 1014 1036 οὖν
1029 1005 1116 1036 οὐδέν
1132 1028 1142 1045 ‚
1155 1004 1210 1041 τὰς

150 1048 321 1089 ἀποδείξεις
337 1053 419 1093 λέγει
451 1051 552 1095 [εἶναι
575 1051 741 1094 ἄγνωστα]
759 1051 893 1084 ἅπαντα.
939 1052 1001 1084 δεῖν
1019 1052 1077 1092 γὰρ
1093 1051 1156 1094 [ἂν]
1170 1052 1209 1084 τὰ

150 1101 341 1142 φρονούμενα
355 1101 452 1141 εἶναι,
469 1101 523 1133 καὶ
545 1100 580 1132 τὸ
599 1100 641 1141 μὴ
661 1099 713 1140 ὃν,
728 1099 814 1140 εἰπερ
835 1100 877 1139 μὴ
891 1099 957 1131 ἔστι
969 1123 978 1138 ,
999 1099 1076 1140 μηδὲ
1091 1103 1209 1141 φρονεῖ-

150 1151 236 1183 σθαι.
280 1150 307 1182 εἰ
322 1150 348 1181 δ’
359 1150 458 1185 οὕτως
469 1173 477 1188 ,
493 1149 581 1181 οὐδὲν
597 1149 632 1180 ἂν
647 1148 726 1180 εἶναι
737 1148 848 1190 ψεῦδος
859 1172 869 1188 ,
881 1147 945 1180 οὐδ’
958 1148 1002 1188 εἰ,
1018 1149 1111 1189 φησίν
1122 1172 1131 1189 ,
1147 1148 1211 1180 οὐδ’

150 1198 178 1230 εἰ
197 1197 229 1230 ἐν
251 1200 297 1238 τῷ
316 1197 445 1236 πελάγει
465 1196 540 1238 φαίη
568 1196 757 1235 ἁμιλλᾶσθαι
781 1194 915 1237 ἅρματα.
959 1195 1062 1227 πάντα
1092 1196 1152 1237 γὰρ
1173 1196 1210 1228 διν

150 1247 248 1277 ταῦτα
270 1243 331 1282 εἴη.
376 1244 430 1275 καὶ
449 1243 509 1285 γὰρ
535 1242 574 1274 τὰ
594 1243 736 1284 ὁρώμενα
760 1243 813 1274 καὶ
839 1241 1016 1284 ἀκουόμενα
1043 1243 1095 1275 διὰ
1118 1246 1210 1275 τοῦτο

152 1291 238 1325 ἔστιν
251 1316 260 1333 ,
281 1291 330 1324 ὅτι
349 1293 503 1332 φρονεῖται
526 1290 647 1323 ἔκαστοι
673 1290 789 1323 αὐτῶν.
834 1292 916 1328 Quae
935 1290 1091 1322 correctio
1121 1291 1210 1330 inge-

150 1340 239 1372 niosa
255 1338 387 1380 quidem
411 1339 477 1379 est,
495 1337 551 1370 sed
580 1338 690 1370 tamen
718 1345 782 1370 non
804 1337 898 1378 plane
924 1337 1016 1370 nobis
1040 1338 1209 1372 satisfacit.

149 1384 215 1417 Etsi
231 1385 317 1417 enim
339 1384 422 1417 bene
441 1384 627 1417 observavit
646 1384 762 1417 doctus
783 1384 836 1417 ille
853 1384 903 1416 vir
920 1384 1020 1421 οὐδείς
1042 1387 1113 1426 post
1133 1387 1206 1427 ψεῦ-

153 1433 204 1469 δος
217 1432 293 1467 fer'n'
311 1441 376 1465 non
395 1440 505 1473 posse,
525 1433 632 1465 tamen
650 1431 804 1465 iteratum
827 1431 908 1464 illud
932 1434 1098 1464 oratorum
1119 1441 1210 1465 more

149 1479 216 1512 οὐδ’
231 1480 258 1512 εἰ
283 1488 348 1512 non
377 1479 529 1512 convenit
559 1479 801 1527 commentariis
827 1479 1026 1512 Aristoteleis
1057 1480 1144 1512 tenui
1178 1483 1210 1512 et

149 1527 226 1561 exili
242 1527 401 1560 sermonis
416 1536 531 1569 genere
558 1527 697 1569 scriptis.
743 1527 903 1565 Quocirca
928 1537 987 1569 pro
1012 1528 1112 1565 οὐδεὶς
1131 1529 1209 1569 legi-

150 1583 225 1608 mus
248 1575 407 1616 οὐδαμῶς.
454 1577 615 1608 Praeterea
642 1574 829 1608 dubitanter
868 1582 925 1616 pro
958 1575 1060 1608 πάντα
1092 1580 1209 1618 ταῦτα,

149 1631 253 1664 quum
271 1632 373 1655 unum
386 1625 512 1655 tantum
530 1622 582 1655 nic
604 1624 876 1656 commemoretur
892 1624 1078 1665 exemplum
1092 1648 1101 1663 ,
1119 1624 1211 1665 cujus

150 1670 278 1711 generis
294 1670 360 1702 duo
375 1670 471 1703 affert
493 1671 632 1709 Sextus,
658 1669 761 1703 πάντα
786 1674 917 1702 τοιαῦτα
934 1671 1120 1712 ponendum
1141 1680 1210 1704 esse

149 1718 293 1760 conjicit.
338 1719 403 1751 Nos
422 1727 463 1750 ne
477 1717 538 1750 liae
556 1717 690 1759 quidem
713 1718 892 1750 mutatione
910 1727 977 1751 rem
995 1719 1115 1751 rectius
1138 1728 1210 1751 con-

149 1766 239 1799 stitui
251 1765 486 1798 arbitrantesin
497 1765 628 1806 vulgata
643 1765 782 1798 lectione
795 1773 869 1806 quae
884 1765 1041 1799 excidisse
1056 1766 1210 1799 nonnulla

148 1813 267 1847 indicio
281 1817 348 1854 est,
367 1812 614 1854 acquiescimus.
662 1812 808 1854 Denique
823 1813 978 1854 quoniam
994 1814 1121 1857 καὶγὰρ
1134 1823 1208 1855 par-

149 1860 262 1894 ticulae
290 1859 601 1894 demonstrationem
614 1883 624 1901 ,
642 1868 700 1893 cur
717 1868 768 1893 res
783 1860 901 1902 percipi
924 1865 1108 1903 nequeant,
1125 1861 1210 1893 indi-

150 1909 247 1950 cent,
276 1908 358 1941 ninii
396 1910 507 1941 autem
536 1908 696 1949 ejusmodi
726 1908 978 1950 demonstretur,
1016 1909 1209 1942 sententiam

150 1957 337 1990 mendosam
366 1965 433 1990 esse
458 1956 531 1997 iure
557 1955 638 1988 dixit
661 1956 803 1989 Fossius.
850 1958 932 1989 Nam
957 1956 1097 1989 alienum
1115 1955 1156 1988 ab
1172 1965 1210 1989 ea

148 2004 300 2046 opinione
329 2004 474 2037 animum
497 2003 632 2045 Gorgias
658 2003 810 2037 habebat.
856 2005 1062 2046 Quapropter
1080 2004 1209 2037 Fossius

148 2052 410 2093 interrogationis
429 2052 557 2092 signum
575 2053 649 2093 post
670 2055 825 2094 φρονεῖται
848 2053 970 2093 posuit.
1014 2053 1057 2085 At
1073 2052 1120 2084 sic
1132 2062 1209 2093 quo·

149 2110 213 2143 que
229 2100 328 2134 verba
350 2109 369 2133 a
386 2102 515 2142 Gorgiae
545 2103 657 2134 mente
685 2100 879 2141 discrepant.
925 2100 1103 2142 flagitatur
1122 2100 1208 2133 enim

149 2149 190 2180 ad
209 2148 271 2181 hoc
295 2148 530 2181 enuntiandum
548 2156 612 2180 non
639 2148 692 2180 καὶ
710 2148 783 2191 γὰρ,
809 2147 866 2180 sed
886 2151 954 2185 πῶς
979 2148 1040 2191 γὰρ
1064 2158 1073 2180 2
1095 2149 1210 2180 caetera

148 2195 259 2229 Fossio
274 2195 477 2228 assentimur.

195 2247 245 2278 14.
265 2243 431 2277 Bekkerus
453 2252 460 2272 =
481 2244 509 2276 εἰ
523 2243 555 2276 δὲ
569 2243 612 2286 μή
632 2242 684 2277 διὰ
696 2245 808 2281 τοῦτο,
825 2241 1010 2284 ἀλλ’ὥσπερ
1024 2242 1113 2275 οὐδὲν
1130 2244 1210 2284 μᾶλ-

148 2292 201 2324 λον
219 2290 241 2323 ἃ
253 2291 374 2333 ὁρῶμεν
389 2289 474 2323 ἐστίν
486 2313 495 2329 ,
513 2289 595 2322 οὕτω
618 2290 732 2332 μᾶλλον
755 2289 777 2322 ἃ
794 2291 915 2331 ὁρῶμεν
944 2291 964 2328 ἢ
989 2289 1208 2332 διανοούμεθα.

150 2338 203 2371 καὶ
219 2338 280 2381 γὰρ
295 2339 402 2379 ὥσπερ
416 2338 482 2371 ἐκεῖ
492 2337 602 2370 πολλοὶ
615 2338 652 2370 ἂν
667 2341 767 2370 ταῦτα
784 2337 879 2370 ἴδοιεν
889 2362 898 2378 ,
915 2338 969 2371 καὶ
986 2337 1119 2370 ἐνταῦθα
1131 2339 1211 2371 πολ-

150 2386 198 2418 λοὶ
223 2386 261 2418 ἂν
276 2388 376 2418 ταῦτα
389 2385 637 2427 διανοηθείημεν.
681 2386 718 2418 τὸ
739 2384 794 2418 οὖν
816 2386 933 2427 μᾶλλον
952 2386 990 2424 δὴ
1005 2383 1106 2418 τοιάδ’
1121 2385 1210 2426 ἐστί,

150 2437 227 2466 ποῖα
239 2433 272 2466 δὲ
291 2433 389 2472 ἀληθῆ
402 2458 412 2475 ,
435 2434 560 2472 ἄδηλον.
592 2435 676 2466 ὥστε
688 2434 742 2466 καὶ
760 2434 786 2466 εἰ
801 2434 885 2466 ἔστιν
899 2457 908 2473 ,
920 2435 994 2475 ἡμῖν
1012 2444 1049 2474 γε
1061 2433 1211 2472 ἄγνωστα

151 2482 231 2514 εἶναι
247 2481 287 2514 τὰ
299 2482 482 2524 πράγματα.
527 2483 566 2514 ln
595 2481 646 2513 bis
657 2480 725 2521 jam
742 2481 862 2513 codicis
882 2480 1053 2522 Lipsiensis
1071 2489 1131 2523 ope
1144 2480 1211 2513 duo

151 2528 268 2561 menda
278 2552 288 2569 ‚
304 2537 379 2568 quae
393 2528 597 2569 reperiuntur
615 2529 700 2569 apud
715 2528 942 2562 casaubonum
952 2552 962 2569 ,
976 2528 1104 2561 sublata
1120 2531 1207 2561 sunt.

149 2576 256 2617 Vulgo
271 2576 357 2608 enim
380 2576 496 2616 legitur
514 2577 630 2616 μᾶλλον
654 2577 776 2618 ὁρῶμεν
798 2576 883 2608 ἐστιν
901 2576 983 2608 οὕτω
1001 2577 1117 2618 μᾶλλον
1136 2576 1157 2608 ἃ
1173 2584 1212 2608 ac

151 2623 270 2656 deinde
292 2623 393 2656 ἑκεϊτο
419 2633 476 2665 pro
499 2624 576 2656 ἐκεῖ.
620 2624 662 2656 At
679 2623 741 2656 alia
758 2624 880 2656 restant
901 2623 980 2656 vitia
999 2623 1086 2655 haud
1104 2623 1211 2655 minus

150 2672 272 2714 gravia.
318 2674 379 2704 Pro
395 2670 460 2703 ἀλλ“
474 2672 581 2713 ὥσπερ
598 2671 685 2704 οὐδὲν
700 2672 815 2712 μᾶλλον
835 2671 856 2703 ἂ
866 2671 987 2713 ὁρῶμεν
1010 2670 1094 2704 ἐστίν
1105 2695 1114 2710 ,
1128 2671 1211 2703 οὕτω

153 2720 269 2761 μᾶλλον
295 2719 317 2752 ἃ
339 2720 461 2762 ὁρῶμεν
483 2720 503 2758 ἢ
524 2719 731 2760 διανοούμεθα
748 2718 956 2751 scribendum
975 2726 1049 2750 cum
1069 2718 1180 2751 Fossio
1201 2727 1209 2750 :

151 2766 220 2800 ἀλλ’
241 2766 328 2809 εἶπερ
342 2767 431 2799 οὐδὲν
446 2768 562 2808 μᾶλλον
584 2767 606 2799 ἃ
627 2768 748 2809 ὁρῶμεν
764 2767 867 2802 ἐστιν,
887 2766 971 2799 ἐστιν
987 2766 1071 2798 οὕτω
1096 2767 1211 2807 μᾶλλον

152 2815 174 2847 ἂ
188 2815 309 2857 ’ὁρῶμεν
323 2815 343 2854 ἢ
357 2815 378 2847 ἃ
390 2815 617 2857 διανοούμεθα;
635 2814 691 2847 sed
717 2814 804 2855 quod
825 2813 910 2846 idem
929 2813 979 2845 vir
1000 2813 1115 2846 doctus
1135 2822 1210 2846 con-

150 2862 228 2903 jecit
249 2863 286 2895 τὸ
311 2862 366 2895 οὗν
384 2864 500 2904 μᾶλλον
517 2863 555 2901 δὴ
584 2862 684 2895 τοιάδ’
706 2862 774 2895 ἐστι
796 2865 867 2894 τοῖα
883 2862 917 2894 δὲ
941 2861 1057 2900 τάληθῆ
1070 2885 1080 2901 ,
1098 2859 1211 2900 ἄδηλον

153 2909 287 2942 minime
308 2910 402 2942 nobis
417 2910 584 2952 probatur.
629 2911 712 2943 Nam
723 2909 862 2951 vulgatae
876 2909 1023 2941 lectionis
1039 2909 1166 2941 initium
1184 2910 1210 2942 si

152 2959 238 2991 recte
260 2966 295 2991 se
309 2958 422 2998 habet,
441 2957 647 2990 scribendum
667 2958 717 2990 est
730 2958 766 2990 τὸ
779 2956 834 2990 οὖν
855 2957 971 2998 μᾶλλον
991 2957 1028 2996 δὴ
1045 2959 1056 2998 (
1073 2957 1212 2998 intellige

152 3004 249 3046 εἶναι)
266 3004 385 3038 τοιόνδε
407 3005 485 3038 ἐστι.
529 3007 641 3047 Neque
665 3014 743 3038 vero
759 3004 894 3037 dubium
917 3004 994 3046 quin
1021 3005 1095 3046 poni
1115 3015 1211 3046 opor-

151 3053 218 3085 teat
235 3052 276 3086 τὰ
295 3051 352 3086 οὖν
376 3053 526 3092 διανοητὰ
546 3053 644 3086 τοιάδ’
665 3053 744 3086 ἔστι.
789 3054 827 3086 ln
852 3053 987 3085 eandem
1018 3054 1211 3087 sententiam

153 3100 335 3133 Felicianus
349 3113 358 3134 ι
380 3113 396 3129 «ι
414 3102 460 3133 Ac
475 3110 550 3143 quae
565 3101 695 3143 quidem
710 3100 911 3142 cogitantur,
931 3101 1006 3132 talia
1018 3103 1104 3133 sunt.
1150 3101 1210 3133 Sed

154 3154 303 3188 quasnam
323 3148 387 3180 sint
404 3157 479 3181 vera
491 3172 500 3189 ‚
515 3149 672 3181 incertum
685 3149 747 3182 est.
768 3161 783 3177 »
830 3149 892 3181 Καὶ
910 3149 937 3181 εἰ
953 3148 1037 3180 ἔστιν
1058 3150 1212 3190 praestare

153 3192 302 3226 codicum
322 3195 485 3229 Urbinatis
501 3197 533 3228 et
547 3196 718 3237 Lipsiensis
731 3195 899 3237 scripturae
917 3197 943 3228 εἰ
957 3196 1009 3228 καὶ
1026 3196 1110 3228 ἔστιν
1122 3196 1212 3228 vide·

154 3242 231 3273 runt
253 3241 416 3275 Bekkerus
434 3245 466 3276 et
493 3243 644 3284 Fossius,
672 3243 832 3285 siquidem
865 3243 991 3283 Gorgiae
1015 3244 1124 3284 opinio
1149 3253 1211 3276 non

155 3296 248 3326 posse
277 3289 457 3330 quidquam
482 3291 601 3332 percipi
626 3291 686 3323 hac
723 3291 847 3323 ratione
872 3290 985 3323 lortius
1010 3291 1211 3332 exprimitur.

153 3335 304 3369 Extrema
322 3337 406 3378 apud
422 3338 652 3370 casaubonum
672 3338 720 3371 sic
735 3338 854 3379 scripta
878 3341 953 3370 sunt
970 3351 978 3368 z
997 3340 1071 3379 ἡμῖν
1086 3339 1213 3379 γνωστὰ

154 3386 232 3419 εἶναι
251 3384 291 3416 τὰ
310 3384 499 3426 πράγματα,
520 3385 574 3418 sed
595 3386 770 3427 requiritur
787 3386 819 3418 id
836 3386 922 3427 quod
937 3385 1009 3418 cod.
1031 3386 1118 3427 Lips.
1133 3395 1213 3427 prae-

154 3433 209 3466 het
227 3434 304 3473 ἡμῖν
317 3443 353 3473 γε
365 3432 502 3473 ἄγνωστ’
516 3434 553 3465 ἂν
568 3435 646 3466 εἶναι
659 3435 699 3467 τὰ
717 3435 897 3476 πράγματα.

197 3484 250 3513 20.
272 3481 299 3512 εὶ
317 3481 348 3513 δὲ
364 3481 417 3513 καὶ
437 3481 582 3522 γνωστοὶ,
599 3485 666 3520 πῶς
682 3482 719 3514 ἄν
729 3494 795 3524 τις,
813 3483 889 3525 φησί
900 3506 910 3523 ,
924 3482 1092 3521 δηλώσειεν
1104 3481 1187 3523 ἄλλῳ
1202 3491 1211 3521 ;

2250 233 2322 265 30⁴1

1265 304 1349 339 ποῖοι
1371 298 1407 338 δὲ
1427 301 1589 346 τάληθῆ,
1614 300 1757 348 ἄδηλον.
1815 300 1933 340 ‘'sto-re
1959 302 2018 340 καὶ
2041 304 2070 340 εἷ
2103 302 2207 351 ἔστιν,
2241 304 2326 353 ἡμῖν

1266 374 1305 410 γε
1326 357 1476 411 ἄγνωστ*
1493 357 1535 397 ἂν
1549 353 1637 397 εἶναι
1653 359 1698 398 τὰ
1716 359 1923 411 πράγματα.
1985 363 2026 400 lii
2041 361 2076 399 δὲ
2098 362 2158 400 καὶ
2171 362 2325 413 γνωστά,
2347 374 2383 399 20

1267 420 1341 462 πῶς
1357 418 1398 457 ἄν
1421 434 1488 465 τις,
1504 418 1603 470 φησί,
1621 417 1811 465 δηλώσειεν
1827 419 1924 472 ἄλλῳ
1940 433 1950 469 3
1969 419 1987 458 ὃ
2008 420 2075 472 γὰρ
2093 414 2174 468 εἶδε,
2194 424 2266 465 πῶς
2288 421 2327 459 ἄν

1266 492 1333 528 τις,
1344 476 1446 530 φησί,
1458 480 1561 516 τοῦτο
1570 476 1662 516 εἴποι
1680 476 1784 530 λόγῳ;
1801 477 1909 524 ἢπῶς
1921 477 1960 516 ἂν
1977 480 2087 517 ἐκεῖνο
2101 480 2203 526 δῆλον
2225 480 2330 518 ἀκού·

1268 552 1369 575 σαντι
1384 536 1535 588 γίγνοιτο
1556 536 1605 586 μὴ
1624 535 1750 585 ἷδόντι;
1769 536 1915 590 ςὨσπερ
1935 538 2003 591 γὰρ
2019 539 2098 577 οὐδὲ
2115 542 2136 586 ἡ
2159 539 2234 593 ὄψις
2249 539 2329 585 τοῦν,
2351 540 2373 577 b

1268 596 1435 649 φθόγγους
1460 596 1665 648 γιγνώσκει,
1688 597 1795 642 οὕτως
1819 598 1896 637 οὐδὲ
1924 601 1946 646 ἡ
1967 599 2056 646 ἠκοὴ
2085 599 2130 638 τὰ
2155 599 2331 653 χρώματα

1269 656 1400 704 ἀκούει,
1413 658 1504 696 ἀλλὰ
1520 657 1688 711 φθόγγους
1699 674 1707 682 ·
1723 658 1782 696 καὶ
1804 658 1897 710 λέγει
1909 661 1926 697 ὁ
1940 658 2051 710 λέγων
2068 659 2183 710 λόγον,
2205 661 2332 699 ἀλλὀὐ

1268 719 1399 772 χρῶμα
1408 717 1485 757 οὐδὲ
1495 725 1659 769 πρᾶγμα.
1669 718 1719 758 e*O
1728 714 1786 757 οὖν
1796 734 1846 762 τις
1855 718 1904 770 μὴ
1914 719 2032 766 ἐννοεῖ,
2042 722 2115 763 πῶς
2130 720 2221 757 αἰτεῖ
2231 723 2333 758 τοῦτο

1271 775 1356 829 παρ’
1368 777 1476 815 ἄλλου
1495 777 1608 830 λόγῳ;
1630 776 1652 824 ἢ
1671 777 1810 831 σημείῳ
1824 778 1892 816 τινὶ
1913 778 2030 830 ἑτέρου
2048 794 2108 816 του
2125 778 2334 829 πράγματος
2352 796 2363 802 -

1271 910 1288 942 ὂ
1305 911 1365 953 γὰρ
1381 912 1462 952 εἶδε,
1476 916 1543 949 πῶς
1566 913 1603 944 ἄν
1626 924 1691 953 τις,
1710 913 1786 954 φησί
1799 937 1807 952 ,
1823 916 1915 945 τοῦτο
1939 913 2021 946 εἴποι
2039 913 2142 954 ).ὁγῳ;
2161 915 2180 952 ἢ
2206 917 2273 951 πῶς
2293 914 2331 945 ἂν

1271 959 1380 1001 ἐκείνῳ
1393 960 1485 999 δῆλον
1505 960 1675 993 ἀκούσαντι
1697 961 1853 1001 γίγνοιτο,
1879 962 1922 1001 μή
1944 961 2061 1000 ἰδόντι;
2085 963 2129 993 lta
2149 962 2283 993 Fossius
2301 964 2333 994 et

1272 1006 1454 1046 BeRkems,
1479 1008 1534 1048 qui
1555 1007 1620 1047 Jam
1647 1017 1664 1040 e
1686 1008 1796 1040 codice
1823 1008 1979 1049 Lipsiensi
2000 1009 2146 1049 quaedam
2165 1010 2195 1040 in
2218 1009 2334 1041 verbo-

1272 1063 1344 1085 rum
1368 1057 1556 1087 contextum
1578 1059 1779 1096 receperunt.
1825 1057 1950 1088 Etenim
1971 1065 2028 1097 pro
2049 1058 2074 1089 εἱ
2092 1057 2125 1088 δὲ
2155 1058 2211 1088 καὶ
2236 1059 2334 1094 vulgo

1270 1099 1436 1139 legebatur
1449 1103 1476 1134 εἰ
1505 1103 1548 1141 δὲ,
1568 1102 1686 1134 deinde
1703 1112 1760 1143 pro
1782 1106 1849 1140 πῶς
1871 1104 1909 1135 ἄν
1931 1115 1995 1143 τις,
2025 1104 2114 1145 φησί,
2139 1105 2167 1137 δ.
2192 1105 2223 1136 ἀ.
2255 1105 2331 1136 olim

1271 1148 1354 1180 male
1375 1149 1531 1189 scriptum
1548 1153 1616 1181 erat
1634 1153 1700 1186 πῶς
1716 1150 1753 1181 ἅν
1768 1161 1832 1190 τις,
1853 1150 1949 1191 φασί,
1966 1152 2053 1191 quod
2074 1154 2183 1184 tamen
2197 1152 2236 1197 jn
2256 1152 2333 1192 φησί

1271 1196 1523 1228 convertendum
1543 1205 1612 1228 esse
1644 1196 1836 1237 Sylburgins
1866 1197 2152 1230 animadverterat.
2199 1199 2332 1230 Utrum-

1271 1251 1336 1285 que
1352 1243 1577 1276 exhibetliber
1598 1244 1784 1285 Lipsiensis.
1830 1249 1870 1277 At
1887 1245 2022 1277 dubium
2038 1255 2108 1278 esse
2122 1247 2165 1278 ait
2184 1247 2333 1288 Bet-kim,

1272 1298 1382 1323 utrum
1400 1291 1432 1323 in
1446 1290 1501 1323 illo
1516 1291 1628 1324 codice
1647 1291 1730 1324 εἰποι
1744 1293 1867 1333 exstet,
1883 1301 1923 1324 an
1941 1293 2012 1333 εἴπῃ
2026 1317 2035 1333 ,
2050 1293 2138 1334 qnod
2151 1294 2223 1334 jure
2237 1303 2334 1334 repu-

1272 1338 1404 1370 diarunt
1421 1337 1482 1371 viri
1506 1338 1607 1371 docti.
1656 1340 1762 1371 Unum
1786 1341 1934 1380 superest
1959 1340 2125 1372 mendum.
2172 1343 2253 1373 Nam
2278 1349 2335 1381 pro

1269 1386 1289 1423 ἢ
1312 1389 1379 1423 πῶς
1395 1386 1432 1418 ἂν
1446 1386 1554 1428 ἐκείνῳ
1569 1387 1661 1426 δῆλον
1674 1386 1844 1419 ἀκούσαντι
1859 1386 1997 1428 γίγνοιτο
2011 1387 2214 1420 desideratur
2226 1389 2246 1427 ἢ
2267 1391 2333 1424 πῶς

1271 1434 1308 1464 ἃν
1337 1433 1437 1466 ἐκεῖνο
1455 1446 1487 1466 κ.
1515 1445 1545 1466 τ.
1563 1435 1591 1466 λ.
1620 1433 1709 1475 quod
1736 1434 1814 1466 item
1836 1434 2020 1474 suppeditat
2049 1436 2334 1475 praestantissimus

1272 1481 1352 1513 liber
1377 1481 1562 1522 Lipsiensis.
1607 1482 1723 1514 Nescio
1752 1490 1792 1514 an
1819 1481 1954 1514 eandem
1979 1482 2149 1515 lectionem
2177 1483 2334 1524 exprimat

1271 1530 1364 1562 Ber-n.
1384 1529 1584 1569 Felicianns,
1599 1529 1642 1561 ila
1656 1532 1783 1562 vertens
1799 1538 1808 1561 t
1834 1541 1850 1558 α
1868 1529 1918 1561 vel
1934 1530 2100 1570 quomodo
2113 1530 2147 1563 id
2164 1530 2256 1563 alteri
2272 1540 2333 1563 au-

1269 1575 1371 1609 dienti
1390 1579 1424 1609 et
1439 1586 1503 1609 non
1521 1577 1641 1609 videnti
1659 1577 1776 1618 poterit
1795 1577 2004 1610 manifestari.
2021 1590 2038 1607 2»

1312 1633 1343 1665 p.
1363 1627 1436 1657 980.
1456 1625 1486 1656 b.
1507 1627 1533 1657 1.
1547 1626 1654 1666 ὥσπερ
1670 1624 1729 1666 γὰρ
1745 1624 1816 1656 οὐδὲ
1829 1626 1849 1663 ἡ
1875 1624 1946 1666 ὄψις
1963 1625 2034 1662 τοὺς
2051 1625 2202 1667 φθόγγους
2218 1626 2333 1667 γιγνώ-

1270 1682 1359 1712 σκει,
1379 1673 1478 1709 οὕτως
1494 1672 1565 1704 οὐδὲ
1581 1673 1601 1711 ἡ
1613 1672 1692 1711 ἀκοὴ
1706 1671 1746 1704 τὰ
1761 1672 1914 1715 χρώματα
1930 1672 2057 1714 ἀκούει,
2073 1673 2151 1705 ἀλλὰ
2165 1673 2331 1715 φθόγγους·

1270 1719 1324 1751 καὶ
1338 1719 1418 1759 λέγει
1436 1720 1453 1751 ὁ
1470 1719 1587 1759 λέγων,
1606 1717 1673 1751 ἀλλ’
1692 1719 1729 1751 οὗ
1746 1723 1860 1761 χρῶμα
1892 1719 1961 1751 οὐδὲ
1979 1722 2121 1761 πρᾶγμα.
2167 1722 2220 1752 Sic
2241 1720 2331 1752 codi-

1271 1774 1336 1798 ces,
1381 1766 1507 1799 Vitiosa
1525 1775 1595 1798 esse
1613 1765 1711 1798 verba
1725 1767 1777 1798 καὶ
1794 1767 1874 1807 λέγει
1895 1767 1912 1798 ὁ
1931 1766 2050 1807 λέγων,
2073 1765 2139 1799 ἀλλ’
2160 1768 2196 1798 οὐ
2216 1771 2331 1809 χρῶμα

1270 1814 1340 1846 οὐδὲ
1359 1817 1489 1856 πρᾶγμα
1517 1813 1656 1846 sensisse
1689 1812 1818 1845 vide-tur
1845 1815 2095 1846 Tennemannus
2124 1814 2210 1847 Hist.
2246 1815 2325 1855 pliil.

1271 1870 1301 1902 p.
1319 1864 1380 1894 486
1397 1861 1450 1894 ed.
1471 1861 1606 1895 Wendt.
1653 1860 1771 1893 Omisit
1790 1861 1878 1893 enim
1894 1860 1960 1893 ἀλλ’
1975 1863 2046 1902 post
2064 1861 2175 1903 λέγων.
2220 1863 2332 1903 Neque

1270 1909 1380 1941 tamen
1402 1908 1465 1941 hoc
1488 1908 1585 1941 modo
1620 1908 1803 1940 restituitur
1827 1907 1949 1948 oratio,
1968 1916 2065 1948 quam
2097 1908 2330 1941 resarciendam

1269 1964 1340 1988 esse
1356 1958 1444 1996 patet
1466 1956 1585 1988 inserto
1597 1956 1690 1996 λόγον
1710 1955 1795 1987 inter
1810 1955 1909 1996 λέγων
1926 1955 1959 1987 et
1974 1955 2054 1989 ἀλλ’.
2099 1956 2200 1997 Cujus
2221 1965 2331 1989 emen-

1269 2003 1409 2036 dationis
1423 2007 1536 2036 auctor
1554 2003 1686 2037 Fossius
1698 2002 1781 2036 bene
1797 2003 1997 2044 comparavit
2013 2005 2101 2035 Sext.
2122 2004 2243 2045 Empir.
2257 2004 2330 2037 adv.

1270 2050 1370 2083 Math.
1387 2052 1446 2083 Vll
1461 2050 1480 2093 §
1495 2053 1533 2084 84
1555 2061 1563 2083 :
1579 2050 1606 2092 ᾧ
1618 2050 1679 2092 γὰρ
1699 2049 1874 2091 μηνύομεν,
1886 2048 1976 2091 λόγος
1990 2049 2070 2083 ἐστι’.
2113 2050 2204 2091 λόγος
2225 2051 2257 2083 δὲ
2275 2051 2333 2084 οὐκ

1269 2097 1335 2131 ἔστι
1351 2098 1391 2130 τὰ
1412 2099 1603 2141 ὑποκείμενα
1619 2098 1672 2130 καὶ
1685 2096 1725 2129 τὰ
1738 2097 1824 2130 ὄντα.
1869 2097 1926 2130 οὐκ
1947 2097 2007 2139 ἄρα
2025 2097 2065 2129 τὰ
2081 2096 2156 2130 ὄντα
2177 2099 2331 2140 μηνύομεν

1269 2149 1335 2181 τοῖς
1362 2146 1478 2187 πέλας,
1506 2146 1585 2178 ἀλλὰ
1616 2145 1709 2186 λόγον
1731 2144 1764 2181 ὃς
1798 2143 1898 2186 ἕτερός
1921 2144 1988 2176 ἐστι
2013 2148 2077 2176 τῶν
2104 2145 2329 2185 ὑποκειμένων.

1269 2192 1360 2225 Idem
1378 2193 1517 2226 efficitur
1545 2202 1586 2226 ex
1603 2193 1642 2225 iis
1667 2201 1742 2233 quae
1762 2192 1846 2233 apud
1864 2193 2011 2224 nostrum
2037 2194 2219 2233 sequuntur
2233 2192 2331 2235 ἀρχὴν

1269 2239 1329 2281 γὰρ
1343 2240 1381 2272 οὐ
1400 2240 1532 2281 φθόγγον
1544 2240 1626 2280 λέγει
1641 2239 1712 2272 οὐδὲ
1731 2243 1864 2282 χρῶμα,
1879 2238 1958 2270 ἀλλὰ
1976 2238 2081 2279 λόγον.

1317 2290 1350 2319 4.
1369 2287 1386 2319 ὃ
1400 2286 1454 2319 οὖν
1467 2298 1513 2324 τις
1528 2289 1588 2330 μὴν
1604 2287 1722 2328 ἐννοεῖ,
1737 2289 1806 2324 πῶς
1825 2286 1906 2318 αἰτεῖ
1922 2286 1994 2327 παρ’
2009 2287 2103 2318 ἄλλου
2129 2286 2214 2328 λόγῳ
2231 2287 2251 2326 ἢ
2272 2298 2331 2322 ση-

1271 2333 1351 2376 μείῳ
1360 2336 1419 2367 τινὶ
1437 2335 1541 2377 ἑτέρου
1555 2334 1736 2377 πράγματος
1750 2334 1940 2374 ἐννοήσειεν,
1958 2333 2025 2365 ἀλλ’
2042 2335 2060 2372 ἢ
2078 2333 2132 2365 ἐὰν
2150 2334 2204 2375 μὲν
2219 2338 2332 2376 χρῶμα

1270 2383 1371 2423 ἰδών,
1387 2383 1440 2415 ἐὰν
1464 2383 1496 2415 δὲ
1516 2407 1523 2414 .
1539 2407 1548 2415 .
1567 2407 1572 2415 .
1599 2393 1668 2424 μος.
1685 2381 1784 2424 ἀρχὴν
1803 2381 1862 2423 γὰρ
1882 2381 1919 2412 οὗ
1939 2404 1947 2413 .
1961 2404 1969 2413 .
1991 2402 1998 2410 .
2021 2381 2091 2421 λέγε
2107 2404 2115 2412 .
2129 2405 2136 2412 .
2160 2405 2166 2413 .
2183 2392 2220 2421 γο
2248 2393 2274 2413 ει
2298 2381 2331 2414 δὲ

1271 2435 1402 2473 χρῶμα,
1423 2431 1502 2464 ἀλλὰ
1527 2431 1619 2471 λόγον
1627 2454 1639 2472 ,
1669 2430 1746 2462 ὥστ’
1771 2429 1842 2461 οὐδὲ
1874 2428 2062 2460 διανοεῖσθαι
2089 2431 2202 2471 χρῶμα
2223 2429 2329 2470 ἔστιν,

1271 2479 1338 2512 ἀλλ’
1357 2481 1450 2523 ὁρᾶν,
1464 2478 1535 2512 οὐδὲ
1550 2478 1651 2520 ψόφον
1659 2502 1670 2518 ,
1684 2476 1751 2510 ἀλλ’
1765 2477 1900 2509 ἀκούειν.
1950 2477 2000 2508 lta
2018 2475 2190 2510 Bekkerus,
2236 2477 2331 2509 Plura

1271 2529 1369 2561 etiam
1390 2527 1477 2569 apud
1500 2525 1729 2560 casaubonum
1744 2524 1809 2557 hoc
1830 2524 1902 2556 loco
1916 2523 2033 2557 menda
2055 2522 2263 2556 inveniuntur
2279 2534 2286 2556 :
2302 2525 2331 2556 εἰ

1272 2575 1327 2608 οὖν
1349 2586 1395 2613 τις
1415 2574 1571 2617 μετεννόει
1587 2576 1655 2610 πῶς
1676 2572 1757 2604 αἰτεῖ
1779 2570 1853 2614 παρ’
1874 2571 1969 2604 ἄλλου
1984 2569 2069 2612 λόγῳ
2088 2568 2108 2610 ἢ
2133 2570 2256 2611 σημείῳ
2272 2572 2330 2603 τινὶ

1271 2624 1376 2665 ἑτέρου
1392 2621 1571 2666 πράγματος
1592 2620 1765 2659 ἐννοήσειεν
1777 2643 1787 2660 ,
1808 2619 1874 2652 ἀλλ’
1891 2620 1911 2659 ἢ
1937 2619 1989 2651 ἐὰν
2017 2618 2071 2659 μὲν
2098 2621 2214 2660 χρῶμα
2232 2618 2308 2650 ἱδὲν
2322 2628 2329 2635 ·

1271 2672 1324 2704 ἐὰν
1338 2695 1344 2702 .
1363 2695 1371 2704 .
1388 2694 1399 2703 .
1411 2695 1420 2704 .
1438 2694 1447 2703 .
1467 2693 1475 2702 .
1489 2694 1498 2704 .
1513 2692 1520 2701 .
1539 2680 1594 2711 μος
1610 2668 1709 2711 ἀρχὴν
1723 2667 1782 2709 γὰρ
1797 2666 1835 2699 οὐ
1858 2690 1991 2700 ......
2006 2665 2078 2706 λέγε
2094 2686 2230 2699 ......
2248 2677 2286 2707 γο
2303 2667 2330 2698 εἰ

1270 2720 1304 2752 δὲ
1326 2723 1457 2762 χρῶμα,
1473 2717 1552 2750 ἀλλὰ
1574 2717 1666 2757 λόγον
1679 2742 1688 2757 ,
1707 2715 1784 2748 ὥστ’
1799 2714 1871 2748 οὐδὲ
1891 2715 2081 2748 διανοεῖσθαι
2097 2713 2211 2756 χρῶμά
2227 2714 2324 2756 ἐστιν,

1272 2768 1337 2800 ἀλλ’
1355 2769 1449 2810 ὁρᾷν,
1470 2764 1542 2798 οὐδὲ
1565 2763 1666 2807 ψόφον
1680 2788 1689 2804 ,
1711 2763 1778 2796 ἀλλ’
1798 2763 1936 2795 ἀκούειν.
1983 2765 2047 2797 Pro
2074 2762 2226 2803 μετεννόει
2255 2762 2330 2803 syl-

1271 2815 1403 2855 burgius
1427 2813 1486 2854 legi
1507 2812 1610 2845 voluit
1630 2815 1783 2854 μετεννοεῖ
1803 2814 1860 2843 aut
1893 2809 2052 2851 μετενόει,
2073 2818 2131 2851 pro
2157 2809 2329 2847 ἐννοήσειεν

1271 2871 1348 2894 vero
1366 2860 1507 2900 ἐννόησιν
1520 2883 1530 2899 ,
1546 2859 1797 2901 ιιὶΙιίΙ,ρῐωῑετοα
1813 2867 1912 2891 ausus
1925 2859 2062 2891 mutare.
2108 2856 2169 2890 Sed
2187 2858 2237 2889 liae
2254 2865 2330 2889 con-

1270 2910 1407 2950 jecturae
1424 2917 1530 2950 neque
1551 2917 1586 2940 re
1611 2907 1679 2949 ipsa
1698 2915 1803 2948 neque
1819 2905 1929 2938 codice
1949 2905 2103 2947 Lipsiensi
2134 2906 2330 2936 confirman-

1271 2959 1336 2989 tur.
1381 2959 1417 2989 ln
1433 2956 1494 2988 hoc
1512 2956 1622 2988 autem
1640 2955 1723 2987 libro
1742 2954 1899 2996 principio
1922 2953 2036 2994 legitur
2059 2952 2076 2985 ὃ
2090 2951 2144 2985 οὖν
2163 2963 2208 2989 τις
2226 2952 2268 2992 μη
2286 2952 2332 2983 ἐν·

1270 3007 1352 3046 νοεῖ,
1371 3003 1487 3037 deinde
1516 3003 1621 3046 ἑτέρου
1639 3006 1696 3035 τοῦ
1714 3001 1896 3045 πράγματος
1919 3001 2091 3040 ἐννοήσειεν
2103 3025 2112 3041 ‚
2137 3002 2205 3032 tum
2229 2999 2282 3031 ἐὰν
2298 2999 2330 3031 δὲ

1273 3076 1400 3086 ......
1419 3062 1508 3092 υμος.
1530 3051 1628 3094 ἀρχὴν
1644 3051 1718 3094 γὰρ,
1739 3050 1776 3083 οὐ
1801 3050 1882 3091 λέγει
1905 3050 1938 3082 δὲ
1960 3052 2075 3092 χρῶμα
2088 3073 2096 3088 ,
2118 3047 2197 3080 ἀλλὰ
2213 3047 2325 3088 λόγον·

1272 3102 1354 3132 ὥστε
1386 3100 1456 3132 οὐδὲ
1487 3100 1676 3132 διανοεῖσθαι
1696 3110 1726 3130 κ.
1748 3110 1777 3130 τ.
1807 3098 1850 3138 λ.,
1879 3097 2015 3138 denique
2035 3096 2104 3128 οὐδὲ
2130 3094 2229 3137 ψόφον
2263 3093 2329 3127 οὐδ’

1272 3148 1407 3180 ἀκούειν.
1453 3149 1523 3180 Non
1548 3147 1687 3179 multum
1706 3145 1893 3188 proficimus
1919 3154 1937 3178 e
1967 3143 2116 3177 Feliciani
2141 3143 2328 3184 interpreta-

1272 3196 1358 3228 tione
1371 3220 1379 3235 ,
1397 3195 1451 3228 ubi
1466 3196 1537 3227 llaec
1560 3195 1763 3236 reperiuntur
1786 3203 1794 3225 :
1815 3206 1829 3221 u
1844 3192 2015 3231 Quomodo
2046 3192 2141 3233 igitur
2158 3201 2227 3223 rem
2244 3191 2330 3232 quis-

1273 3243 1358 3284 piam
1375 3243 1416 3275 ab
1433 3243 1533 3275 altero
1549 3243 1610 3275 ‘vel
1628 3242 1735 3275 verbis
1752 3241 1802 3273 vel
1820 3241 1910 3281 signo
1927 3240 1990 3272 alio
2009 3239 2118 3280 aliquo
2139 3238 2198 3270 sibi
2213 3237 2328 3278 exponi

1274 3291 1372 3331 petit,
1394 3300 1492 3331 quam
1511 3291 1564 3323 ille
1583 3289 1823 3322 consideravit?
1845 3288 1908 3326 Qui
1926 3287 2011 3319 enim
2035 3287 2176 3318 colorem
2191 3284 2328 3317 intuitus

1272 3346 1335 3369 non
1350 3340 1416 3377 est,
1434 3338 1489 3370 sed
1506 3339 1684 3370 orationem
1705 3336 1845 3376 audivit,
1875 3336 1997 3375 ignorat
2015 3335 2174 3371 colorem,
2197 3335 2228 3364 et
2255 3340 2327 3363 ora·

1275 3386 1397 3416 tionem
1424 3386 1586 3426 percipit:
1620 3385 1676 3426 qni
1698 3394 1774 3417 vcro
1804 3393 1821 3416 e
1841 3383 2005 3415 contrario
2034 3382 2173 3414 colorem
2192 3378 2330 3419 inspexit

1274 3433 1417 3464 oratione
1436 3433 1546 3464 auditu
1567 3432 1698 3464 minime
1717 3433 1864 3472 percepta
1878 3455 1886 3470 ,
1910 3439 1972 3462 non
1997 3429 2136 3461 colorem
2150 3453 2158 3467 ,
2180 3426 2235 3459 sed
2254 3434 2328 3479 ora·

1277 3481 1396 3514 tionem
1414 3481 1549 3522 ignorat.
1596 3484 1704 3519 Quare
1724 3478 1858 3520 cogitari
1882 3487 1986 3519 neque
2015 3477 2114 3515 color,
2127 3475 2182 3507 sed
2205 3473 2328 3513 videri,
