2612 3814
976 277 1303 319 EMPEDOCLIS
1336 277 1592 318 CARMINA.

275 363 362 415 οἶνος
382 368 450 409 ὑπὸ
472 370 582 423 φλοιῷ
602 368 748 408 πέλεται
765 367 877 407 σαπὲν
899 368 934 406 ἓν
954 366 1046 421 ξύλῳ
1066 366 1173 420 ὕδωρ.

476 474 492 490 ἡ
711 474 728 490 ί
945 473 962 489 t

275 549 306 586 εἷ
321 547 389 600 γὰρ
408 548 508 586 ταῦτ’
530 547 670 599 ἀδινῇσι
688 547 799 599 τορῶς
815 545 1030 599 πραπίδεσσι
1050 545 1181 594 νοήσας

274 605 445 657 εὐμενέως
466 607 660 658 καθαρῇσιν
679 603 899 656 ἔποπτεύσῃς
921 603 1123 658 μελέτῃσιν,

274 666 385 705 ταῦτά
406 682 442 705 τε
463 681 518 704 σοι
534 665 631 715 μάλα
650 662 767 703 πάντα
786 663 829 702 δι’
848 666 975 709 αἰῶνος
997 664 1230 718 παρέσονται,

275 725 366 764 ἄλλα
388 742 425 765 τε
444 725 546 765 πόλλ’
564 724 634 764 ἀπὸ
653 726 721 763 τῶν
737 723 941 773 κεκτήσεαι·
962 723 1053 764 αὐτὰ
1071 723 1140 777 γὰρ
1155 723 1250 768 αὔξει

273 786 369 825 ταῦτ’
385 785 471 839 ὀργὴ
493 784 583 824 κατὰ
600 786 717 839 φῶτας
729 816 741 831 ,
762 783 832 833 ὅπη
851 783 952 838 φύσις
967 783 1059 824 ἐστὶν
1075 784 1229 837 ἑκάστῳ.

273 845 303 883 εἰ
325 843 360 891 δὲ
382 844 423 883 σύ
444 845 476 896 γ’
497 843 645 883 ἀλλοίων
666 841 852 897 ἐπορέξεαι
870 838 926 883 οἶα
948 844 1029 883 κατ’
1051 842 1179 895 ἄνδρας

275 903 387 957 μυρία
405 903 501 943 δεινὰ
519 904 711 954 πέλονται,
729 903 805 942 ‘enit'
823 902 1043 953 ἀμὸλύνουσι
1066 902 1248 956 μερίμνας,

275 966 336 1017 ζῇν
357 962 453 1018 ἄφαρ
468 962 668 1017 ἐκλείψουσι
688 963 968 1018 περιπλομένοιο
982 963 1123 1015 χρόνοιο

274 1025 370 1077 σφῶν
389 1025 503 1062 αὐτῶν
524 1022 695 1062 ποθέοντα
713 1022 815 1075 φίλην
833 1022 891 1061 ἐπὶ
911 1021 1034 1073 γένναν
1053 1021 1202 1084 ἱκέσθῆαι·

273 1082 389 1121 πάντα
410 1082 477 1135 γὰρ
489 1082 562 1122 ἴσθι
578 1082 741 1136 φρόνησιν
761 1082 853 1136 ἔχειν
865 1081 926 1120 καὶ
943 1080 1107 1133 νώματος
1124 1085 1245 1120 αἶσαν.

194 621 248 646 200

191 919 244 944 295

485 1188 500 1202 *fl
718 1189 732 1204 1
951 1189 965 1205 ff

275 1259 434 1313 μειλιχίη
452 1275 488 1298 τε
509 1260 611 1313 χάρις
634 1259 774 1312 στυγέει
790 1259 974 1308 δύςτλητον
993 1262 1163 1311 ἀνάγκην.

477 1368 493 1383 *
711 1368 726 1384 ᾖ
949 1368 964 1383 fl

273 1443 376 1479 τοῦτο
393 1439 455 1490 μὲν
470 1441 503 1479 ἐν
522 1439 690 1493 κόγχαισι
710 1440 987 1492 θαλασσονόμοις
1014 1440 1226 1494 βαρυνώτοις

272 1498 333 1537 καὶ
351 1498 408 1538 ἐπὶ
424 1499 588 1552 κηρύκων
612 1515 650 1539 τε
671 1499 876 1554 λιθορρίνων
898 1515 936 1539 τε
956 1501 1136 1554 χελωνῶν,

272 1557 342 1597 ἔνθ’
361 1558 439 1613 ὄψει
455 1559 566 1612 χθόνα
579 1558 715 1612 χρωτὸς
730 1558 912 1613 ὑπέρτατα
931 1560 1176 1600 ναιετάουσαν.

192 1454 245 1479 300

471 1665 491 1684 4
710 1667 726 1682 νε
946 1667 962 1684 ἡ

930 1738 1041 1791 αὐτὰρ
1065 1738 1193 1792 ἐχίνοις

271 1790 444 1839 ὂξυὸελεῖς
461 1795 584 1848 χαῖται
600 1793 720 1840 νώτοις
739 1796 1030 1851 ἓπιπεφρίκασιν.

470 1900 486 1917 ἡ
706 1903 724 1924 4
946 1906 963 1920 ι

188 1984 241 2012 805
263 1971 440 2025 Κύπριδος
460 1974 494 2011 ἐν
516 1973 724 2026 παλάμῃσιν
741 1974 798 2013 ὅτε
813 1973 1000 2028 ξύμπρωτ’
1021 1977 1179 2030 ἐφύοντο.

473 2080 489 2096 ᾗ
706 2083 724 2099 ἡ
943 2084 959 2100 st

809 2154 1054 2206 πολυαίματον
1074 2150 1188 2211 ἧπαρ.

268 2202 293 2261 ᾗ
309 2208 438 2248 πολλαὶ
457 2206 519 2261 μὲν
540 2210 666 2264 κόρσαι
685 2210 873 2265 ἄναύχενες
893 2213 1134 2263 ἔὸλοίστησαν,

269 2268 394 2319 γυμνοὶ
412 2269 442 2306 δ’
465 2268 659 2315 ἐπλάζοντο
681 2271 865 2324 βραχίονες
885 2271 1013 2318 εὔνιδες
1025 2272 1149 2325 ὤμων,

271 2326 419 2379 ὄμματά
438 2330 470 2366 τ’
486 2321 531 2367 οἷ’
556 2330 735 2370 ἐπλανᾶτο
752 2331 987 2380 πενητεύοντα
1003 2332 1190 2384 μετώπων.

472 2435 489 2451 *
706 2437 724 2452 ί·
944 2440 959 2455 t

190 2519 243 2544 310
273 2503 385 2558 αὐτὰρ
405 2505 482 2545 ἐπεὶ
506 2505 601 2550 κατὰ
617 2509 734 2559 μεῖζον
750 2508 913 2562 ἐμίσγετο
934 2511 1076 2562 δαίμονι
1096 2513 1244 2565 δαίμων,

270 2564 380 2602 ταῦτά
397 2580 433 2603 τε
454 2564 721 2614 συμπίπτεσκον
742 2568 813 2615 ὅπη
836 2568 1045 2623 συνέκυρσεν
1070 2570 1224 2622 ἕκαστα,

273 2623 364 2662 ἄλλα
383 2639 420 2662 τε
437 2624 520 2677 πρὸς
534 2627 606 2670 τοῖς
622 2626 738 2666 πολλὰ
757 2627 913 2675 διηνεκὲς
929 2628 1140 2682 ἐξεγένοντο.

470 2731 488 2747 ⁴·
709 2734 726 2750 ι,
942 2737 960 2752 ε

271 2801 386 2841 πολλὰ
401 2801 465 2853 μὲν
489 2803 757 2857 ἅμφιπρόσωπα
771 2804 831 2844 καὶ
856 2806 1063 2860 ἀμφίστερν’
1084 2809 1243 2864 ἐφύοντο,

273 2863 419 2912 βουγενῆ
437 2861 668 2917 ἀνδρόπρωρα
680 2894 690 2913 ,
710 2863 756 2903 τὰ
774 2865 803 2903 δ’
824 2864 978 2917 ἔμπαλιν
993 2868 1214 2914 ἐξανέτελλον

271 2920 447 2973 ἀνδροφυῆ
458 2921 650 2976 βούκρανα,
663 2924 868 2978 μεμιγμένα
879 2930 922 2981 τῇ
937 2926 999 2979 μὲν
1016 2930 1078 2967 ἀπ’
1090 2931 1242 2983 ἀνδρῶν,

269 2982 312 3033 τῇ
330 2979 366 3019 δὲ
385 2985 601 3037 γυναικοφυῆ
614 3015 624 3035 ,
648 2986 828 3038 τρυφεροῖς
844 2987 1031 3040 ἠσκημένα
1045 2989 1161 3042 γυίοις.

190 2933 241 2959 315

473 3089 490 3107 ff
706 3093 722 3107 fl
938 3095 955 3110 ss

271 3159 418 3198 εἱλίποδ’
436 3161 655 3214 ἄκριτόγυια.

473 3266 490 3282 ί
708 3270 723 3285 Q
942 3273 959 3289 *
1003 3258 1005 3260 ι

271 3339 329 3374 νῦν
343 3337 374 3374 δ’
395 3336 465 3389 ἄγ’,
482 3337 575 3383 ὅπως
596 3341 730 3393 ἀνδρῶν
744 3358 781 3382 τε
796 3344 1050 3384 πολυκλαύτων
1069 3362 1105 3385 τε
1126 3363 1242 3399 γυναι-

273 3394 447 3447 ἐννυχίους
463 3395 622 3449 ὅρπηκας
641 3400 796 3454 ἀνήγαγε
815 3403 1017 3456 κρινόμενον
1036 3409 1121 3458 πῦρ,
1156 3409 1243 3460 [κῶν

191 3464 244 3491 ³20
264 3454 372 3492 τῶνδε
390 3455 481 3494 κλύ’·
499 3458 538 3495 οὗ
553 3458 620 3510 γὰρ
636 3462 744 3510 μῦθος
755 3463 955 3505 ἀπόσκοπος
973 3467 1046 3504 οὐδ’
1061 3468 1244 3520 ἀδαήμων.

270 3512 447 3566 οὗλοφυεῑς
462 3513 525 3566 μὲν
544 3519 669 3568 πρῶτα
688 3519 792 3559 τύποι
810 3523 932 3574 χθονὸς
952 3523 1190 3576 ἐξανέτελλον,

1315 372 1435 405 Vinum
1454 358 1515 405 sub
1533 373 1652 405 cortice
1664 374 1713 406 est
1727 375 1906 415 putrefacta
1920 376 1951 408 in
1969 377 2053 418 ligno
2071 388 2166 420 aqua.

1584 477 1602 495 ’ἡ
1830 479 1847 497 *
2076 482 2095 498 ἡ

1312 552 1344 584 Si
1362 554 1449 585 enim
1472 554 1532 586 ista
1547 554 1655 586 densis
1671 555 1857 596 praecordiis
1873 556 2044 597 diligenter
2061 563 2211 600 percepta

1313 612 1466 644 benevole
1485 622 1564 653 pura
1581 614 1699 645 mentis
1718 613 1891 655 agitatione
1911 617 2150 656 contemplatus
2174 617 2272 650 tuerIs
2287 642 2295 658 ‚

1312 673 1344 703 et
1365 672 1435 704 haec
1453 672 1509 704 tibi
1529 674 1646 705 cunc-ta
1670 674 1824 714 perpetuo
1843 673 1992 716 aderunt,

1311 733 1343 763 et
1363 732 1424 763 alia
1443 732 1546 764 multa
1560 732 1634 765 inde
1654 736 1725 765 orta
1745 733 1941 774 possidebis3
1957 735 2024 775 ipsa
2044 735 2130 767 enim
2147 738 2244 776 auget

1313 791 1383 823 haec
1400 791 1483 824 inter
1501 791 1654 824 mortales
1673 792 1854 833 cupiditas,
1873 795 1969 834 prout
1985 794 2103 835 cuique
2117 795 2281 835 ingenium
2301 798 2362 829 est.

1312 850 1436 889 Quodsi
1452 851 1581 884 diversa
1598 851 1793 885 desiderabis
1806 853 1914 894 qualia
1930 853 2013 886 inter
2033 854 2181 887 homines

1313 911 1437 943 infinita
1450 914 1526 944 sunt
1540 912 1644 952 mala,
1665 914 1782 945 mentis
1801 913 1985 946 hebetantia
2003 923 2140 956 curam,

1312 971 1412 1003 vitam
1431 972 1495 1004 cito
1510 972 1693 1013 relinquent
1709 972 1907 1005 circumacto
1923 974 2078 1015 temporis
2096 974 2192 1015 orbe,

1311 1030 1351 1062 ad
1366 1040 1463 1063 suum
1477 1040 1618 1072 quaeque
1633 1031 1834 1064 carissimum
1855 1041 1957 1073 genus
1978 1033 2085 1066 venire
2105 1034 2288 1074 cupientia;

1312 1091 1423 1124 omnia
1440 1093 1528 1124 enim
1547 1093 1628 1125 scito
1643 1093 1823 1125 intellectus
1836 1096 1868 1125 et
1883 1093 2001 1126 mentis
2016 1103 2086 1126 esse
2105 1095 2281 1128 consortia.

1583 1194 1602 1211 t
1844 1196 1863 1212 ἡ
2081 1196 2098 1213 ἡ

1312 1269 1496 1311 blandaque
1517 1270 1628 1304 Gratia
1641 1271 1877 1304 intolerabilem
1895 1273 2004 1305 horret
2020 1274 2269 1306 Necessitatem.

1586 1372 1603 1390 ἑ
1833 1374 1851 1391 *
2079 1375 2097 1392 ἡ

1316 1446 1350 1479 ld
1367 1446 1499 1488 quidem
1520 1447 1551 1479 in
1564 1447 1697 1480 conchis
1717 1447 1850 1480 marinis
1863 1448 1951 1489 gravi
1968 1450 2058 1489 tergo
2077 1449 2202 1482 onustis

1311 1508 1411 1548 atque
1423 1506 1454 1539 in
1469 1506 1614 1539 buccinis
1630 1509 1663 1540 et
1677 1516 1775 1540 saxea
1789 1511 1862 1540 cute
1881 1508 2110 1550 testudinibus,

1311 1567 1343 1598 in
1360 1567 1478 1608 quibus
1495 1567 1619 1600 videbis
1634 1571 1751 1601 terram
1770 1568 1912 1610 corporis
1922 1578 2048 1602 summa
2063 1572 2239 1603 tenentem.

1582 1668 1598 1685 *h
1834 1671 1847 1687 2
2078 1671 2096 1688 ἢ*

2057 1751 2090 1782 at
2110 1751 2233 1783 echinis

1309 1805 1397 1844 terga
1418 1804 1493 1837 setis
1514 1808 1669 1846 tanquam
1688 1806 1818 1847 spiculis
1831 1806 1975 1840 horrent.

1580 1905 1597 1923 ἡ
1832 1908 1851 1925 *
2080 1910 2098 1928 *

1310 1981 1440 2021 qnando
1458 1982 1599 2023 primum
1616 1983 1751 2015 Veneris
1771 1984 1840 2017 arte
1854 1986 2058 2019 exstiterunt.

1579 2084 1596 2101 ἡ
1828 2085 1847 2102 *
2076 2087 2094 2104 *-
2129 2073 2134 2078 ¹

1683 2161 1775 2202 jecur
1794 2162 1899 2195 multo
1922 2164 2096 2204 praeditum
2114 2167 2280 2206 sanguine.

1311 2218 1484 2256 Quomodo
1503 2220 1605 2252 multa
1623 2219 1755 2262 quidem
1775 2221 1880 2263 capita
1903 2222 2085 2256 cervicibus
2114 2223 2193 2257 orba
2219 2226 2356 2267 pullula-

1309 2278 1396 2310 nuda
1415 2287 1492 2311 vero
1509 2279 1638 2312 brachia
1653 2279 1796 2313 humeris
1808 2281 1906 2313 vidua
1922 2281 2132 2324 vagabantur,

1308 2337 1458 2378 oculique
1471 2339 1529 2370 soli
1550 2338 1745 2371 oberrabant
1765 2340 1923 2372 frontibus
1936 2343 2092 2375 carentes.

2260 2284 2364 2328 [runt,

1578 2445 1595 2461 ἡ
1829 2447 1846 2462 *
2076 2450 2094 2467 *

1308 2521 1349 2552 At
1369 2520 1541 2561 postquam
1559 2521 1661 2562 magis
1678 2521 1873 2554 consociatae
1891 2524 1968 2556 sunt
1987 2524 2106 2558 divinae
2127 2527 2266 2567 naturae,

1307 2580 1339 2611 et
1355 2579 1415 2611 ista
1433 2579 1595 2619 coierunt,
1612 2579 1716 2620 prouti
1735 2589 1874 2622 quaeque
1895 2581 1976 2615 sorte
1993 2583 2088 2616 obvia
2105 2584 2253 2626 fuerant,

1307 2639 1340 2670 et
1357 2638 1417 2670 alia
1434 2637 1472 2670 ad
1489 2638 1560 2671 haec
1575 2639 1673 2671 multa
1692 2640 1894 2673 continenter
1913 2641 2026 2674 exorta
2044 2646 2131 2676 sunt.

1578 2740 1596 2757 Ϋ
1827 2741 1844 2759 st
2074 2744 2092 2761 ἡ

1308 2820 1412 2853 Multa
1425 2821 1556 2862 quidem
1576 2827 1748 2855 creverunt
1762 2823 1913 2857 bifrontia
1932 2828 1965 2859 et
1983 2827 2167 2870 bipeetora,

1308 2880 1362 2912 illa
1380 2880 1510 2921 quidem
1524 2881 1608 2915 bove
1623 2884 1698 2916 nata
1714 2883 1856 2916 humana
1875 2885 1974 2926 facie,
1992 2886 2063 2920 haec
2080 2889 2193 2921 contra
2211 2890 2365 2923 exstitere

1310 2939 1496 2973 hominibus
1518 2941 1625 2982 genita
1652 2941 1773 2975 bovino
1802 2945 1928 2986 capite3
1949 2945 2011 2978 alia
2031 2947 2152 2988 partim
2175 2957 2193 2981 e
2216 2949 2362 2982 maribus

1308 2999 1425 3039 partim
1447 3000 1594 3033 muliebri
1611 3010 1711 3042 sexu,
1732 3002 1884 3035 mollibus
1897 3006 2010 3037 ornata
2024 3001 2190 3040 membris.
2223 3007 2362 3051 [mixta,

1576 3106 1594 3125 ¹*
1824 3108 1843 3127 *
2074 3110 2094 3128 Ἀ*

1308 3177 1400 3211 ssexis
1416 3180 1573 3223 pedibus,
1593 3183 1747 3216 membris
1768 3185 1962 3220 indiscretis.

1578 3262 1596 3278 Ὠ
1823 3265 1841 3284 ἡ
2073 3266 2092 3285 ‘R

2098 3324 2360 3368 [lacrimosarum

1306 3375 1399 3408 Nune
1413 3384 1490 3408 vero
1503 3386 1572 3419 age,
1586 3378 1637 3421 [ut
1652 3379 1771 3423 discas]
1782 3381 1947 3423 quomodo
1963 3383 2107 3416 virorum
2119 3384 2359 3425 mulierumque

1307 3434 1495 3467 nocturnam
1513 3437 1634 3477 prolem
1653 3438 1804 3472 secedens
1821 3439 1951 3473 flamma
1969 3442 2168 3484 produxerit,
2183 3441 2283 3485 [ratio
2299 3444 2358 3476 est.

1306 3486 1375 3518 haec
1393 3488 1467 3520 audi
1477 3499 1487 3529 ;
1507 3489 1591 3522 haud
1600 3491 1686 3523 enim
1703 3492 1806 3525 aliona
1821 3502 1838 3525 a
1854 3495 2016 3535 proposito
2027 3504 2131 3536 neque
2144 3495 2274 3528 indocta
2288 3505 2361 3528 nar·

1305 3538 1447 3572 Primum
1465 3541 1589 3583 integra
1609 3542 1779 3577 hominum
1799 3545 1973 3579 simulacra
1990 3556 2007 3579 e
2022 3548 2136 3580 tellure
2157 3547 2342 3586 prodibant.
