2612 3814
306 242 389 276 466

302 316 452 378 μάτων.Ι
496 325 672 378 Μέγιστον
690 325 726 365 δὲ
743 325 875 365 τούτων
894 329 915 374 ἡ
936 329 997 373 τῆς
1022 327 1271 378 δημιουργικῆς
1291 341 1354 364 τι-

300 383 518 439 τρακτύος
544 388 683 436 γνῶσις.
742 385 834 425 Ἀλλ’
852 385 926 424 ἐπεὶ
946 385 990 424 τὰ
1011 384 1073 435 μὲν
1094 388 1217 438 πρῶτα
1240 384 1352 423 ἐπιτέ-

300 459 455 496 τμηται,
476 443 520 482 τὰ
535 443 571 483 δὲ
590 444 734 498 δεύτερα
753 445 789 483 ἐν
809 444 998 497 ὑποσχέσει
1015 447 1128 483 κεῖται
1151 444 1278 497 βεὸαίᾳ
1294 445 1354 483 καὶ

302 505 445 557 ἀψευδεῖ
479 503 612 551 ἐλπίδι,
642 502 663 542 ὅ
681 518 718 542 τε
749 505 811 551 τῆς
837 502 1110 557 τετρακτύος
1150 502 1355 555 ἱεροφάντης

302 563 494 614 ἔγνωσται,
515 563 576 602 καὶ
592 562 643 607 τίς
662 562 751 611 αὕτη
772 565 793 610 ἡ
815 560 1076 614 τετρακτύς,
1094 561 1174 600 ὅσον
1196 565 1268 605 τοῖς
1287 576 1356 599 πα-

304 625 401 674 ροῦσι
428 621 598 675 προσήκει
619 621 755 673 λόγοις,
785 620 1014 671 ὑπομνήσεως
1037 619 1162 672 ἔτυχε·
1184 618 1266 672 φέρε
1295 618 1354 657 καὶ

304 684 355 736 ἐφ’
376 683 398 720 ἃ
422 683 602 734 προελθεῖν
622 685 640 721 ὁ
663 683 761 733 λόγος
783 681 983 734 παρακαλεῖ
1007 680 1196 730 μετίωμεν·
1216 681 1354 732 πρῶτον

303 740 367 793 μὲν
389 741 466 792 μεθ’
486 740 559 785 οἵας
577 743 687 794 ὁρμῆς
713 738 773 779 καὶ
803 742 1049 792 παρασκευῆς,
1076 738 1136 776 καὶ
1157 736 1356 791 συνεργείας

303 803 372 841 τῶν
392 801 625 854 Κρειττόνων,
646 801 754 840 ἐλθεῖν
779 798 837 838 ἐπὶ
866 802 977 837 ταῦτα
1004 797 1175 851 προσήκει
1194 801 1354 851 προϋπο-

304 859 486 905 δείξαντες.

668 941 778 980 XXI.
811 947 830 978 4
839 945 983 978 8-49,

384 1058 525 1065 ——---
546 1040 612 1072 ὀιλλ7
628 1040 718 1081 ἔρχευ
734 1039 784 1072 ἐπ’
797 1041 896 1081 ἔργον,

386 1090 499 1120 Θεοῖσιν
513 1087 714 1129 ἐπευξάμενος
729 1088 864 1120 τελέσαι.
883 1106 924 1111 -
939 1105 980 1111 —-
994 1103 1037 1111 —-

357 1153 481 1192 Ποίντα
498 1153 542 1192 τὰ
557 1153 642 1206 πρὸς
656 1152 719 1200 τὴν
735 1155 857 1199 κτῆσιν
878 1155 946 1190 τῶν
969 1152 1107 1202 ἀγαθῶν
1124 1151 1353 1189 συντελοῦντα

303 1212 358 1252 διὰ
381 1211 542 1266 βραχέων
562 1211 760 1266 ὑπέγραψεν
780 1214 798 1250 ὁ
817 1210 938 1262 λόγος,
958 1210 998 1249 τὸ
1025 1212 1085 1257 τῆς
1104 1210 1219 1263 ψυχῆς
1246 1209 1353 1246 αὖτο-

301 1271 442 1318 κίνητον
463 1270 523 1310 καὶ
541 1270 604 1319 τὴν
621 1275 682 1311 τοῦ
699 1274 776 1311 θεοῦ
796 1271 1010 1323 συνέργειαν.
1072 1271 1116 1308 1ἰῖ
1137 1268 1204 1321 γὰρ
1221 1268 1280 1307 καὶ
1301 1269 1355 1320 ἐφ’

305 1332 388 1383 ἡμῖν
411 1335 433 1380 ἡ
454 1330 584 1384 αἵρεσις
603 1335 673 1370 τῶν
696 1331 832 1378 καλῶν,
849 1329 941 1368 ἀλλὰ
955 1329 1016 1367 καὶ
1037 1327 1122 1367 αὐτὸ
1138 1328 1178 1367 τὸ
1199 1329 1250 1380 ἐφ’
1272 1330 1355 1377 ἡμῖν

302 1390 416 1431 θεόθεν
445 1390 599 1443 ἔχοντες,
619 1393 680 1437 τῆς
707 1390 792 1441 παρ’
812 1388 943 1428 ἐκείνου
972 1386 1172 1440 συνεργείας
1202 1386 1262 1424 καὶ
1292 1401 1355 1424 τε-

300 1448 534 1493 λειώσεως
563 1451 632 1488 τῶν
666 1449 868 1502 αἱρεθέντων
902 1447 1041 1491 πάντως
1062 1462 1129 1484 που
1160 1446 1352 1498 χρῄζομεν.

303 1501 426 1547 Ἐοικε
447 1506 516 1559 γὰρ
533 1507 573 1546 τὸ
590 1507 653 1558 μὲν
674 1508 761 1561 παρ’
781 1509 881 1557 ἡμῶν
902 1504 1180 1556 σπουδαζόμενον
1202 1505 1355 1542 ἐκτεινο-

306 1566 390 1618 υ.ε’νῃ
411 1566 502 1619 χειρὶ
525 1566 610 1618 πρὸς
630 1567 734 1620 λῆψιν
756 1568 824 1604 τῶν
853 1565 985 1612 καλῶν,
1006 1563 1044 1602 τὸ
1077 1562 1113 1601 δὲ
1149 1560 1248 1615 παρὰ
1279 1564 1357 1600 θεοῦ

304 1626 572 1677 συντελούμενον
588 1625 740 1679 χορηγία
757 1618 846 1663 εἶναι
865 1623 925 1663 καὶ
947 1621 1043 1675 πηγὴ
1060 1625 1122 1670 τῆς
1142 1621 1269 1666 δόσεως
1287 1623 1357 1660 τῶν

305 1756 371 1806 qui
389 1756 437 1791 sit
460 1757 529 1791 iste
547 1757 808 1803 quaternarii&
828 1765 1022 1795 numerus,
1052 1758 1235 1800 quantum
1260 1763 1358 1800 prae-

306 1815 402 1851 senti
419 1814 647 1863 expositioni
674 1812 872 1857 convenit,
891 1811 971 1859 jam
1001 1811 1235 1847 declaratum
1267 1811 1314 1846 sit
1346 1822 1354 1844 :

306 1885 375 1922 age
406 1873 457 1909 ad
491 1884 536 1909 ea
563 1883 742 1920 quoque,
768 1870 816 1907 ad
836 1883 919 1919 quae
942 1883 1012 1907 nos
1038 1869 1221 1919 progredi
1245 1868 1356 1916 jubet

306 1944 474 1981 carmen,
498 1940 747 1977 transeamus,
770 1930 845 1967 hoc
875 1930 1043 1979 primum
1072 1929 1357 1972 demonstrato,

311 1993 411 2041 quali
436 2004 523 2028 cum
546 1991 736 2027 desiderio
762 1997 799 2026 et
829 1990 1106 2038 praeparatione
1139 1995 1177 2024 et
1197 1987 1357 2024 deorum

307 2052 446 2088 auxilio
474 2050 523 2086 ad
541 2050 620 2085 haee
653 2062 722 2085 nos
735 2048 916 2085 accedere
938 2053 1129 2096 oporteat.

697 2150 797 2188 XXl.
830 2148 972 2197 [ιδ-49.

722 2246 784 2279 Sed
807 2245 971 2287 accingere
991 2245 1030 2277 ad
1047 2254 1149 2286 opus,

390 2305 408 2328 a
424 2295 485 2328 diis
501 2297 648 2337 precatus
671 2296 709 2327 ut
724 2294 899 2336 peificiant.
1176 2296 1177 2300 ’

362 2381 500 2418 Omnia
520 2393 603 2430 quae
618 2380 667 2416 ad
685 2380 787 2416 bona
801 2378 1060 2428 comparanda
1077 2372 1240 2426 faciunt,
1262 2390 1359 2413 sum-

311 2441 441 2478 matim
467 2441 530 2477 hic
566 2440 769 2489 proposuit
805 2451 982 2488 carmen,
1009 2439 1125 2474 animi
1156 2437 1356 2487 proprium

312 2495 458 2538 motum
478 2508 515 2537 et
547 2501 717 2536 divinum
738 2500 935 2537 auxilium.
958 2499 1137 2546 Quamvis
1160 2499 1261 2535 enim
1286 2498 1357 2534 bo-

315 2573 450 2599 norum
491 2560 626 2596 electio
641 2552 771 2595 ⁴nostri
806 2559 956 2595 arbitrii
979 2559 1046 2604 sit,
1084 2566 1214 2594 tamen
1241 2570 1359 2606 quum

313 2619 434 2670 ipsum
454 2620 652 2656 arbitrium
668 2632 689 2656 a
709 2621 790 2656 Deo
819 2620 1094 2668 acceperimus,
1115 2617 1194 2667 ejus
1213 2630 1287 2667 ope
1312 2617 1360 2654 ad

314 2692 355 2719 ea
375 2693 458 2728 quae
479 2680 657 2728 elegimus
683 2679 917 2729 perficienda
944 2680 1102 2715 omnino
1131 2679 1358 2728 indigemus,

313 2739 489 2779 Studium
510 2740 610 2775 enim
627 2747 798 2776 nostrum
817 2741 938 2777 simile
958 2747 1013 2776 est
1033 2741 1164 2776 manui
1192 2729 1241 2777 ad
1256 2740 1361 2777 hona

318 2797 540 2847 accipienda
559 2806 765 2847 porrectae,
788 2800 893 2847 quod
919 2807 1046 2836 autem
1063 2812 1084 2836 a
1101 2802 1183 2837 Deo
1206 2801 1360 2837 confer—

315 2863 377 2893 tur
397 2858 508 2905 copia
525 2863 562 2892 et
593 2856 677 2893 fons
701 2858 894 2895 bonorum
920 2860 1132 2908 largitionis
1155 2873 1231 2897 esse
1251 2860 1359 2897 vide—

306 2922 391 2966 tur,
422 2923 536 2964 atque
559 2916 721 2951 alterum
746 2918 902 2965 quidem
924 2926 1058 2954 natura
1084 2919 1182 2956 duce
1206 2922 1361 2958 investi-

314 2985 402 3024 gare
429 2975 556 3020 bona,
593 2975 756 3011 alterum
786 2983 890 3013 recte
917 2977 1101 3025 quaerenti
1129 2980 1358 3016 ostendere:

315 3033 522 3072 confinium
543 3046 636 3070 vero
656 3041 792 3070 nostrae
814 3036 1111 3085 investigationis
1131 3045 1167 3074 et
1187 3039 1361 3089 largitio-

314 3093 372 3129 uis
392 3093 527 3128 divinae
544 3092 725 3129 videntur
745 3106 819 3130 esse
835 3107 987 3142 preces,
1010 3097 1107 3133 bene
1137 3110 1175 3133 se
1192 3099 1241 3134 ad
1272 3111 1362 3136 cau·

1383 1758 1394 3061 ffl—fflffl

1015 237 1289 277 HIEROCLlS
1315 237 1733 277 COMMENTARlUS

1418 328 1570 378 ἀγαθῶν
1602 329 1662 365 καὶ
1693 325 1734 365 τὸ
1759 327 1822 377 μὶν
1843 326 2048 380 ἐξευρίσκειν
2075 328 2266 381 πεφυκέναι
2287 328 2331 367 τὰ
2350 329 2470 378 καλά,

1414 384 1454 424 τὸ
1473 385 1508 423 δὲ
1528 384 1704 437 ἐκφαίνειν
1723 387 1773 439 τῷ
1796 387 1954 434 ζητοῦντι
1978 388 2104 437 ὀρθῶς·
2126 390 2147 433 ἡ
2174 387 2208 426 δὲ
2228 387 2337 440 εὐχὴ
2360 387 2467 439 μεθό-

1416 458 1486 495 ριον
1513 436 1601 480 εἶναι
1621 445 1681 489 τῆς
1704 458 1741 481 τε
1767 446 1851 496 παρ’
1874 447 1975 495 ἡμῶν
1998 446 2175 493 ζητήσεως
2196 446 2256 485 καὶ
2288 450 2351 495 τῆς
2371 447 2470 500 παρὰ

1415 506 1474 541 τοῦ
1496 504 1571 539 θεοῦ
1605 501 1752 550 δόσεως,
1777 496 1816 541 εὖ
1844 503 1996 555 ἐχομένη
2025 507 2087 552 τῆς
2118 504 2231 548 αἰτίας
2264 507 2384 556 ἡμῶν,
2407 509 2469 553 τῆς

1415 560 1514 604 εἴς’τε
1533 560 1574 598 τὸ
1594 556 1680 599 εἶναι
1697 562 1915 614 προαγούσης
1939 565 2052 613 ἡμᾶς,
2077 563 2136 602 καὶ
2161 563 2246 613 πρὸς
2264 563 2303 602 τὸ
2322 557 2361 603 εὖ
2380 558 2471 603 εἶναι

1415 620 1628 667 τελειούσης.
1690 622 1772 665 Πῶς
1792 622 1824 660 δ’
1845 622 1887 660 ἂν
1914 623 2018 662 >aiem
2035 639 2085 667 τις
2104 623 2143 662 τὸ
2162 616 2223 671 εὗ,
2246 623 2297 675 μὴ
2319 623 2471 668 διδόντος

1415 682 1508 727 θεοῦ;
1537 681 1611 722 πῶς
1635 678 1666 718 δ’
1686 678 1727 717 ἂν
1757 678 1832 726 δοίη
1850 682 1901 731 τῷ
1923 680 2009 733 πρὸς
2037 680 2098 725 τὰς
2123 681 2232 735 ὁρμὰς
2260 681 2473 736 αὖτεξουσίῳ

1416 735 1465 787 μὴ
1495 738 1649 775 αἰτοῦντι
1673 739 1691 776 ὁ
1719 736 1851 776 διδόναι
1877 741 2040 790 πεφυκὼς
2064 739 2241 788 θεός;Ἵν’
2271 734 2330 780 οῦν
2377 741 2471 793 μήτε

1415 794 1509 848 λόγῳ
1539 795 1634 847 μόνῳ
1660 794 1724 842 τὴν
1744 794 1883 848 εὐχὴν
1914 797 2118 849 ποιώμεθα,
2149 798 2240 839 ἀλλὰ
2266 799 2327 840 καὶ
2353 798 2472 854 ἔργῳ

1414 854 1543 901 ταύτην
1572 853 1813 907 κρατύνωμεν,
1843 854 1932 902 μήτε
1961 858 2003 909 τῇ
2037 858 2169 896 ἑαυτῶν
2194 857 2349 911 ἐνεργείᾳ
2377 858 2472 912 μόνῃ

1415 915 1610 967 θαρῤῶμεν,
1632 912 1723 952 ἀλλὰ
1741 912 1800 952 καὶ
1818 916 1878 960 τῆς
1895 913 2010 954 θεόθεν
2028 915 2223 968 συνεργείας
2239 917 2411 969 ἐχώμεθ
2424 933 2468 965 α,

1414 972 1495 1021 καὶ,
1512 975 1557 1018 ὡς
1583 966 1672 1016 εἶδος
1691 972 1748 1010 ἐπὶ
1781 971 1870 1024 ὕλῃ,
1892 972 1958 1020 τὴν
1987 974 2122 1026 εὐχὴν
2149 977 2199 1028 τῷ
2226 975 2336 1030 ἔργῳ
2362 978 2473 1018 συνά·

1414 1043 1571 1082 πτωμεν·
1592 1030 1652 1070 καὶ
1681 1031 1720 1070 τὸ
1747 1030 1827 1070 ὅλον
1849 1034 1974 1083 τοῦτο,
1997 1031 2092 1077 ὅπως
2115 1032 2139 1071 ἃ
2166 1034 2383 1087 ἐργαζόμεθα
2409 1035 2474 1076 καὶ

1415 1089 1622 1143 εὔχώμεθα,
1641 1089 1700 1129 καὶ
1715 1088 1737 1128 ἃ
1754 1089 1928 1143 εὐχόμεθα
1946 1092 1987 1130 ἐν
1999 1094 2210 1145 εργῶμεν·
2230 1094 2390 1148 συνάψας
2414 1088 2470 1134 εἶ-

1414 1165 1489 1198 πεν,
1523 1148 1618 1187 ἀλλ’
1644 1148 1778 1202 ἔρχευ
1806 1151 1868 1187 ἐπ’
1896 1148 2024 1204 ἔργον
2065 1153 2187 1190 θεοῖσ
2202 1167 2238 1190 ιν
2282 1152 2471 1199 ἐπευξά-

1415 1223 1542 1260 μενος
1568 1208 1769 1248 τελέσαι.
1819 1206 1915 1247 Οὕτε
1934 1207 2001 1260 γὰρ
2020 1207 2124 1259 μόνον
2143 1212 2397 1262 προθυμεῖσθαι
2419 1212 2475 1251 δεῖ

1414 1267 1457 1307 τὰ
1473 1267 1565 1307 καλοί
1577 1297 1587 1314 ,
1604 1269 1658 1311 ὡς
1684 1268 1744 1321 ἐφ’
1759 1269 1833 1305 ἑαυ
1845 1272 1937 1311 τοῖς
1961 1266 2004 1306 ὂν
2023 1270 2264 1321 κατορθῶσαι,
2279 1269 2340 1308 καὶ
2363 1270 2477 1323 χωρὶς

1415 1329 1476 1373 τῆς
1492 1331 1552 1365 τοῦ
1572 1329 1590 1365 θ
1602 1329 1672 1364 εοῦ
1695 1324 1894 1378 συνεργείας
1906 1340 1914 1350 ·
1935 1324 2014 1365 οὔτε
2030 1326 2143 1380 ψιλοῖς
2163 1330 2224 1375 τῆς
2239 1328 2350 1381 εὐχῇ
2363 1344 2379 1373 ς
2401 1331 2472 1374 τοῖς

1414 1385 1529 1437 λόγοις
1552 1387 1754 1438 ἀρκεῖσθαι,
1775 1383 1885 1436 μηδὲν
1905 1383 1990 1438 πρὸς
2017 1384 2079 1432 τὴν
2114 1388 2238 1434 κτῆσιν
2266 1389 2337 1427 τῶν
2366 1388 2469 1435 αἴτη-

1416 1443 1542 1482 θέντων
1575 1442 1874 1497 συνεισφέροντας.
1933 1442 2040 1483 Οὕτω
2068 1442 2135 1496 γὰρ
2160 1442 2183 1491 ἢ
2211 1445 2311 1485 ἄθεον
2342 1446 2476 1499 ἀρετὴν

1420 1503 1464 1554 (εἷ
1485 1497 1555 1541 οἷόν
1574 1518 1612 1541 τε
1628 1507 1728 1541 τοῦτο
1749 1500 1874 1553 εἰπεῖν)
1894 1500 2180 1553 ἐπιτηδεύσομεν,
2200 1500 2224 1550 ἢ
2244 1503 2471 1557 ἀνενέργητον

1417 1560 1570 1614 εὐχήν·
1590 1554 1639 1600 ὧν
1659 1560 1697 1599 τὸ
1714 1558 1777 1612 μὲν
1794 1560 1894 1599 ἄθεον
1911 1558 1947 1600 ὂν
1966 1563 2176 1613 προαναιρεῖ
2189 1564 2251 1609 τῆς
2269 1565 2396 1614 ἀρετῆς
2409 1563 2476 1611 τὴν

1417 1620 1552 1668 οὐσίαν,
1570 1619 1609 1658 τὸ
1629 1619 1664 1659 δὲ
1683 1618 1787 1672 ἀργὸν
1809 1619 1925 1659 ἐκλύει
1947 1622 2009 1666 τῆς
2025 1635 2041 1659 ε
2053 1621 2166 1672 ὀχῆς
2184 1619 2224 1659 τὸ
2243 1621 2470 1675 δραστήριον.

1421 1750 1537 1786 etiam
1562 1762 1673 1798 opere
1696 1762 1759 1786 eas
1789 1748 2006 1798 firmemus,
2035 1762 2161 1799 neque
2186 1757 2323 1788 nostrae
2350 1752 2477 1790 solum

1422 1807 1613 1845 industriae
1627 1807 1876 1855 confidamus,
1892 1808 1961 1846 sed
1974 1809 2148 1845 divinum
2163 1810 2276 1846 etiam
2291 1811 2474 1848 auxilium

1423 1866 1670 1903 adhibeamus
1682 1896 1692 1912 ,
1714 1873 1752 1902 et
1770 1858 1955 1916 tanquam
1978 1866 2140 1904 sormam
2158 1869 2324 1905 materiae
2343 1881 2479 1918 preces

1422 1925 1531 1974 operi
1551 1924 1800 1974 adjungamus
1814 1953 1825 1974 ,
1844 1932 1957 1974 atque
1971 1926 2128 1962 omnino
2141 1954 2152 1973 ,
2171 1933 2213 1963 ut
2230 1939 2312 1975 quae
2328 1928 2480 1978 agimus

1420 1997 1622 2034 precemur
1641 1992 1678 2021 et
1692 1998 1775 2033 quae
1794 1997 1999 2034 precamur
2012 1998 2182 2036 agamus,
2204 1986 2282 2023 duo
2298 1988 2366 2024 ista
2384 2000 2479 2025 con·

1415 2044 1580 2095 jungens
1594 2044 1710 2092 dixit,
1726 2046 1796 2081 sed
1812 2049 2010 2096 accingere
2033 2047 2089 2082 ad
2109 2058 2201 2094 opus
2212 2073 2224 2092 ,
2242 2059 2268 2082 a
2288 2047 2363 2082 diis
2374 2059 2473 2096 pre·-

1421 2112 1527 2140 catus
1557 2111 1597 2139 ut
1617 2103 1838 2153 perficiant.
1877 2105 2010 2153 Neque
2039 2105 2139 2140 enim
2163 2111 2317 2157 promto
2345 2105 2473 2142 animo

1424 2163 1614 2211 suscipere
1643 2163 1767 2198 solum
1806 2162 1910 2198 bona
1944 2162 2124 2199 debemus
2136 2190 2146 2209 ,
2169 2163 2276 2211 quasi
2312 2174 2475 2213 prosper

1422 2233 1556 2257 eorum
1576 2232 1766 2256 successus
1785 2221 1897 2256 etiam
1925 2221 2005 2256 sine
2027 2233 2101 2269 ope
2121 2219 2248 2257 divina
2266 2233 2381 2269 penes
2403 2232 2480 2257 nos-

1421 2280 1489 2326 sit,
1504 2291 1630 2328 neque
1646 2279 1759 2315 nudis
1776 2291 1932 2328 precum
1947 2280 2073 2315 verbis
2087 2282 2256 2316 contenti
2271 2292 2360 2326 esse,
2378 2281 2473 2316 nihil

1421 2339 1493 2387 ipsi
1515 2338 1565 2374 ad
1588 2350 1633 2375 ea
1652 2351 1734 2386 quae
1750 2344 1934 2387 petuntur
1958 2339 2127 2387 paranda
2144 2339 2394 2377 conferentes.
2415 2340 2478 2377 Ita:

1422 2400 1522 2435 enim
1542 2405 1608 2434 aut
1631 2399 1811 2434 virtutem
1831 2398 1903 2434 Dei
1922 2405 2118 2447 expertem
2145 2396 2158 2448 (
2174 2399 2308 2435 silicet
2338 2389 2472 2436 ita'di-

1422 2469 1509 2493 cere
1527 2453 1537 2508 )
1560 2457 1836 2503 exercebimus,
1859 2464 1924 2493 aut
1945 2467 2080 2506 preces
2095 2459 2229 2495 inertes
2247 2458 2477 2505 ssmdemus3

1422 2528 1587 2565 quorum
1605 2516 1766 2552 alterum
1786 2518 1868 2552 Deo
1884 2529 2013 2553 carens
2027 2517 2177 2553 virtutis
2197 2524 2370 2553 naturam
2386 2524 2482 2554 ante

1422 2575 1541 2620 tollit,
1564 2575 1726 2611 alterum
1746 2575 1926 2624 ignavum
1945 2588 2101 2623 precum
2122 2577 2198 2612 vim
2214 2575 2364 2624 frangit.
2385 2575 2479 2624 Quo·

1423 2635 1523 2671 enim
1541 2634 1660 2670 modo
1683 2634 1826 2682 aliquid
1847 2635 1919 2670 erit
1933 2634 2077 2670 bonum
2089 2662 2099 2681 ,
2122 2634 2228 2683 quod
2246 2646 2326 2671 non
2341 2647 2472 2672 secun-

1424 2694 1515 2730 dum
1538 2693 1704 2730 divinam
1734 2694 1904 2742 regulam
1931 2692 2020 2731 fiat?
2050 2695 2124 2741 Qui
2158 2706 2250 2730 vero
2284 2693 2345 2740 id,
2367 2694 2479 2743 quod¹

1425 2753 1636 2790 seeundum
1654 2753 1752 2789 hanc
1769 2752 1830 2798 fit,
1845 2766 1924 2788 non
1943 2754 2012 2789 Dei
2035 2753 2177 2789 auxilio
2195 2765 2350 2802 prorsus
2366 2759 2474 2802 egeat

1425 2812 1473 2849 ad
1487 2812 1718 2849 nascendum
1733 2812 1747 2848 ‘z'
1758 2813 1883 2849 Virtus
1894 2813 1993 2848 enim
2005 2819 2060 2847 est
2072 2812 2142 2848 Dei
2158 2812 2282 2860 imago
2291 2802 2330 2848 in
2344 2812 2481 2848 animo·

1423 2872 1622 2918 rationali,
1643 2872 1772 2920 imago
1796 2878 1922 2906 autem
1950 2871 2071 2906 omnis
2091 2871 2298 2919 exemplari
2317 2877 2402 2920 eget
2422 2870 2473 2907 ad

1424 2931 1587 2967 formam
1607 2930 1862 2975 induendam3
1880 2942 2005 2978 neque
2023 2931 2102 2966 haec
2118 2930 2297 2977 quaerenti
2315 2928 2479 2976 sufficit,

1424 2990 1497 3026 nisi
1517 2991 1630 3026 etiam
1650 2989 1746 3025 illud
1769 2990 1951 3034 intuetur,
1980 2988 2029 3024 ad
2058 2986 2166 3034 cujus
2186 2987 2472 3024 similitudinem

1423 3049 1570 3086 bonum
1598 3049 1698 3085 istud
1719 3049 1792 3085 sibi
1817 3047 2066 3096 comparabit.
2090 3047 2164 3082 Eos
2181 3047 2312 3095 igitur,
2331 3048 2398 3095 qui
2424 3047 2475 3084 ad

1425 3108 1606 3145 virtutem
1636 3114 1827 3144 actuosam
1855 3107 2023 3156 aspirant
2038 3133 2048 3152 ,
2063 3108 2215 3154 precari
2240 3112 2414 3154 oportet,
2437 3112 2481 3142 et:>

306 3164 392 3207 >sam
413 3152 517 3188 illam
553 3152 803 3201 applicanteS,
822 3166 903 3202 quae
940 3168 1009 3191 nos
1035 3157 1073 3191 in
1095 3157 1219 3194 lucem
1245 3159 1366 3196 edidit

317 3218 428 3259 atque
448 3211 497 3247 ad
529 3211 804 3248 beatitudinem
841 3216 1033 3262 provexit.
1056 3216 1131 3252 Sed
1164 3220 1363 3265 quomodo

317 3273 401 3320 quis
426 3271 550 3320 bona,
580 3274 661 3308 Deo
693 3286 773 3309 non
803 3274 1003 3323 largiente,
1034 3277 1219 3325 accipiat?
1240 3291 1365 3327 quove

1420 3176 1618 3216 precantes
1637 3167 1671 3203 ei
1695 3165 1907 3215 quaerendae
1935 3177 2088 3213 operam
2110 3165 2218 3210 dare,
2244 3164 2319 3200 hoc
2348 3171 2475 3201 autem

1428 3234 1506 3272 est,
1544 3226 1716 3262 divinum
1759 3224 1855 3260 illud
1902 3223 2220 3273 splendidumque
2267 3229 2484 3272 spectantes

1426 3297 1559 3335 agere,
1590 3282 1633 3321 'et
1665 3283 1715 3320 ad
1745 3284 1935 3332 sapientiae
1977 3283 2144 3319 studium
2177 3294 2246 3318 nos
2276 3281 2482 3321 intendere

319 3331 435 3369 modo
467 3334 582 3379 Deus,
614 3341 751 3370 natura
779 3346 844 3370 sua
876 3334 1056 3381 liberalis,
1083 3337 1118 3372 ei
1146 3337 1249 3374 dabit
1265 3366 1276 3386 ‚
1299 3341 1365 3387 qui
1429 3357 1519 3381 cum
1535 3343 1681 3380 assidua
1708 3342 1756 3379 ad
1783 3343 1945 3391 primam
1963 3341 2158 3377 bonorum
2180 3341 2474 3377 causam-animi

317 3390 477 3431 liberam
492 3393 635 3430 habens
656 3395 860 3444 appetendi
887 3402 1110 3443 potestatem
1140 3410 1218 3433 1¹0¹¹
1241 3400 1366 3448 petet?
1428 3403 1650 3439 attentione.
1671 3390 1771 3439 Fons
1791 3401 1889 3437 enim
1911 3401 2089 3449 perennis
2119 3406 2288 3445 naturae,
2318 3406 2473 3447 quater*

320 3452 370 3488 Ut
388 3453 504 3502 igitur
521 3466 590 3491 nec
604 3454 726 3491 verbis
746 3456 890 3492 tantum
917 3469 1047 3504 preces
1065 3457 1281 3506 fundamus,
1299 3460 1363 3497 sed
1394 3494 1398 3508 ,
1424 3463 1554 3499 narius
1573 3463 1635 3499 ille
1653 3473 1854 3510 numerus,
1877 3459 2052 3496 omnibus
2066 3472 2145 3496 non
2162 3459 2286 3495 solum
2305 3458 2389 3495 vitae
2405 3456 2479 3497 sed
