2612 3814
1019 287 1506 331 APOPHTHEGMATA.
2262 301 2341 336 229

231 372 316 426 πρὸς
339 372 402 421 τὴν
424 371 660 422 ματαιότητος
679 371 847 426 θεωρίαν,
875 372 960 426 πρὸς
983 374 1100 423 δὲτὴν
1123 377 1209 423 ἀλη-
1238 380 1245 400 ¹

228 433 323 470 θινοῧ
344 429 456 484 φωτὸς
472 429 704 477 κατακίνησιν
722 430 998 484 ἐξαμαυροῦται.

283 502 504 553 (Maximus
525 502 650 541 Serm.
680 501 762 554 περὶ
788 502 1005 555 φρονήσεως;
1023 506 1073 544 cf.
1097 505 1206 544 Stob.

338 560 441 600 Flor.
458 573 548 613 pag.
569 559 616 599 51
641 561 702 602 ed.
724 561 888 602 Gesner.
908 563 918 615 )

174 643 204 669 9.
228 629 359 669 Τόπων
378 629 574 681 μεταὸολαὶ
591 628 671 669 οὔτε
689 630 857 684 φρόνησιν
874 631 1117 682 διδάσκουσιν,
1130 632 1210 672 οὔτε

227 688 427 743 ἀφροσύνην
449 692 696 742 ἀφαιροῦνται.

282 760 486 812 (Anton.i
476 760 624 800 Meliss.
656 762 783 802 Serm.
802 779 884 816 περι
902 762 1065 816 σοφιας)

145 843 192 871 10.
223 831 272 870 Οἱ
294 832 459 884 φρόνιμοι
477 834 642 883 μᾶλλονε
629 832 698 871 υπὸ
718 835 789 872 τῶν
809 832 992 887 ἀφρόνων,
1009 832 1033 881 ἢ
1048 833 1120 873 oi*
1097 850 1211 886 αφρο-

224 905 279 936 νες
297 892 365 930 υπὸ
381 894 450 931 τῶν
472 892 650 945 φρονίμων
674 893 912 947 ὠφελοῦνται·
930 897 1026 933 οὗτοι
1053 894 1116 944 μὲν
1142 893 1210 947 γὰρ

225 951 571 1004 φυλάττονταιτὰς’
556 951 700 991 εκείνων
722 952 916 1004 ἁμαρτίας,
936 952 1062 990 ἐκεῖνοι
1088 952 1125 991 δὲ
1149 952 1211 997 τὰς

223 1010 356 1049 τούτων
377 1010 427 1062 μὴ
445 1014 638 1062 μιμοῦνται
656 1010 905 1063 κατορθώσεις.

278 1080 490 1133 (Maximus
519 1081 648 1120 Sei-m.
670 1081 752 1136 περὶ
776 1079 1019 1134 φρονήσεως.)

146 1163 192 1191 11.
225 1151 290 1190 Δεῖ
302 1151 361 1191 τὸν
384 1152 515 1204 ἀγαθὸν
533 1151 645 1206 ἄνδρα
663 1155 867 1204 μεμνῆσθαι
895 1150 959 1204 μὲν
981 1154 1050 1191 τῶν
1064 1167 1209 1205 γεγενη-

224 1210 362 1262 μένων,
392 1211 561 1265 πράττειν
591 1211 628 1250 δὲ
655 1211 702 1250 τὰ
736 1214 935 1261 ἐνεστῶτα,
968 1210 1049 1264 περὶ
1073 1212 1110 1251 δὲ
1138 1215 1208 1252 τῶν

222 1271 423 1321 μελλόντων
444 1270 715 1325 ἀσφαλίζεσθαι.

278 1341 492 1388 (Maximus
506 1343 630 1382 Serm.
648 1341 729 1396 περὶ
746 1342 978 1397 φρονήσεως.)

145 1423 190 1449 12.
223 1409 304 1451 Μία
319 1411 414 1451 ἐστὶν
436 1411 529 1465 ἀρχὴ
551 1416 611 1451 τοῦ
634 1413 753 1458 καλῶς
774 1413 1003 1466 βουλεύεσθαι
1019 1413 1206 1464 τὸγνῶναι

222 1470 306 1522 περὶ
324 1469 405 1510 ὅτου
427 1473 446 1509 ὁ
461 1472 564 1524 λόγος
576 1488 584 1496 ·
603 1474 633 1512 εἷ
650 1472 687 1512 δὲ
711 1472 786 1525 μή,
802 1478 864 1513 τοῦ
885 1475 1015 1519 παντὸς
1040 1475 1204 1529 ἁμαρτά-

220 1545 290 1568 νειν
308 1530 461 1583 ἀνάγκη.

277 1599 496 1655 (Maximus
515 1601 642 1645 Serm.
660 1603 743 1657 περὶ
763 1603 1002 1657 φρονήσεως.)

141 1682 187 1710 1³8.
218 1670 314 1717 Ἰοὺς
332 1672 557 1724 αἰτουμένους
573 1673 673 1728 παρὰ
697 1677 768 1715 τῶν
786 1678 872 1715 θεῶν
891 1674 1021 1730 φρένας
1047 1674 1200 1728 ἀγαθάς,

223 1730 285 1770 καὶ
302 1731 353 1782 μὴ
372 1732 519 1778 ἑαυτους
535 1734 769 1781 παιδεύοντας
791 1735 1023 1783 ἀναισθήτους
1054 1734 1207 1789 ἔφασκεν

223 1784 326 1830 ειναι.
347 1791 429 1831 οὔτε
447 1793 516 1846 γὰρ
534 1795 718 1848 ζωγράφον
734 1795 925 1848 εὐχόμενον
938 1798 1010 1839 τοῖς
1024 1795 1112 1839 θεοῖς
1130 1797 1209 1834 δοῦ-

221 1866 278 1889 ναι
299 1852 396 1907 αὖτῷ
421 1853 592 1905 γραμμὴν
624 1855 684 1894 καὶ
713 1853 904 1908 εὔχροιαν,
923 1854 1046 1894 λαὸεἵν
1081 1855 1147 1903 ἄν,
1178 1855 1208 1893 εἷ

228 1911 278 1961 μὴ
298 1912 406 1961 μάθοι
426 1913 579 1968 τέχνην,
596 1914 675 1954 οὔτε
705 1915 872 1967 μουσικὸν
889 1916 1050 1969 γενέσθαι
1067 1914 1147 1954 ποτ’
1166 1914 1206 1953 ἂν

226 1969 344 2009 ἕνεκεν
365 1974 472 2025 εὐχῆς
486 2004 496 2022 ,
521 1976 551 2012 εἷ
569 1973 619 2024 μὴ
649 1973 694 2013 τὰ
713 1974 868 2027 μουσικὰ
888 1974 1004 2027 μάθοι.
1018 1975 1078 2014 τὸν
1097 1974 1132 2013 δὲ
1151 1975 1209 2012 αὖ·

222 2028 281 2068 τὸν
305 2031 434 2084 τρόπον
455 2032 530 2071 οὔτ’
563 2032 604 2072 ἂν
631 2033 798 2088 φρόνιμόν
823 2050 902 2074 τινα
930 2035 1093 2087 γενέσθαι
1110 2033 1208 2087 εὐχό-

225 2104 349 2140 μενον,
371 2094 400 2129 εἰ
416 2091 466 2143 μὴ
482 2091 613 2132 τούτων
634 2093 699 2142 τὴν
720 2095 876 2145 μάθησιν
893 2094 1014 2135 λάὸοι.

274 2159 448 2213 (Anton.
472 2172 509 2202 et
524 2164 686 2204 Maxim.
713 2164 838 2203 Serm.
858 2164 940 2217 περὶ
966 2164 1200 2218 προσευχῆς.)

139 2242 185 2268 n.
217 2229 430 2283 Ἐρωτηθείς
442 2262 452 2282 ,
467 2232 502 2271 τί
516 2233 681 2287 δυσχερές
692 2264 703 2282 ,
719 2233 796 2282 Τὴν
815 2235 872 2273 ἐπὶ
895 2234 935 2273 τὸ
953 2242 1086 2288 χεῖρον,
1115 2236 1179 2288 ἔφη
1194 2264 1203 2281 ,

219 2290 422 2341 μεταὸολὴν
437 2293 583 2344 εὐγενῶς
600 2294 768 2346 ἐνεγκεῖν.

137 2403 249 2437 nitatis
266 2405 592 2448 contemplationem,
609 2407 667 2440 sed
691 2407 733 2440 ad
758 2408 943 2450 oppositum
974 2409 1043 2441 veri
1070 2409 1205 2440 luminis

138 2465 265 2495 motum
281 2463 484 2498 obscuratur.
1001 2512 1003 2515 Ι

181 2528 212 2555 9.
237 2524 396 2556 Locorum
415 2525 611 2558 mutationes
628 2535 733 2568 neque
755 2527 961 2568 prudentiam
983 2537 1041 2561 nos
1067 2528 1202 2569 docent,

138 2589 245 2622 neque
260 2582 512 2623 imprudentiam
531 2585 700 2618 dedocent.

184 2644 235 2674 10.
258 2642 438 2676 prudentes
454 2644 555 2686 magis
572 2645 727 2686 juvantur
740 2646 782 2678 ab
803 2646 1083 2688 imprudentibus,
1104 2657 1203 2689 quam

140 2700 172 2732 111
193 2700 233 2733 ab
249 2701 310 2734 illis
328 2712 336 2734 :
355 2711 432 2734 nam
451 2703 497 2735 illi
516 2706 631 2737 cavent
648 2705 688 2737 ab
710 2714 826 2738 norum
852 2699 994 2747 delictis,
1014 2707 1046 2739 111
1074 2707 1203 2739 illorum

137 2759 264 2802 egregia
279 2760 365 2793 sacta
380 2771 444 2794 non
465 2763 644 2796 imitantur.

185 2821 234 2852 11.
258 2819 318 2852 Vir
330 2820 437 2854 honus
450 2823 688 2863 praeteritorum
702 2823 799 2857 debet
814 2825 998 2859 meminisse
1010 2851 1018 2867 ,
1036 2827 1205 2868 praesentia

137 2877 278 2911 tractare
293 2880 326 2911 et
342 2879 461 2912 futuris
474 2881 628 2915 adhibere
648 2882 844 2916 cautionem.

184 2941 232 2970 12.
253 2939 362 2971 Unum
377 2941 426 2973 est
444 2941 636 2982 principium
653 2941 735 2975 bene
750 2943 969 2984 consultandi,
991 2945 1073 2976 selre
1084 2954 1148 2985 qua
1164 2944 1204 2977 de

138 3003 175 3027 re
202 2997 327 3037 agatur.
354 2998 450 3037 Quod
473 2999 537 3032 nisi
559 3000 634 3042 fiat,
655 3010 788 3035 necesse
807 3004 855 3034 est
875 3002 1108 3035 deliberantem
1135 3005 1203 3036 toto

139 3055 223 3087 coelo
239 3065 356 3090 errare.

186 3118 234 3147 13.
257 3116 321 3154 Qui
348 3119 491 3151 mentem
519 3119 640 3153 bonam
670 3122 704 3154 et
730 3130 878 3163 sagacem
895 3131 914 3154 a
928 3122 989 3155 diis
1008 3124 1122 3164 petunt
1144 3131 1205 3156 nec

138 3174 248 3206 tamen
268 3182 304 3208 se
318 3174 409 3218 ipsos
424 3177 578 3212 discendo
592 3180 766 3222 erudiunt,
783 3190 838 3214 eos
855 3190 927 3214 esse
946 3182 1091 3223 stupidos
1113 3182 1201 3215 dice-

139 3230 208 3264 bat.
226 3234 338 3275 Neque
353 3235 440 3269 enim
460 3237 615 3277 pictorem
634 3240 699 3272 voti
715 3242 899 3282 compotem
924 3241 1012 3282 fieri,
1029 3242 1055 3274 si
1083 3244 1170 3284 petat
1186 3252 1205 3274 a

142 3290 223 3329 deo.
241 3294 278 3324 ut
294 3293 356 3326 sibi
375 3295 527 3336 largiatur
544 3298 711 3332 scientiam
732 3300 871 3332 ducendi
888 3301 988 3333 lineas
1004 3304 1036 3334 et
1050 3301 1203 3334 miscendi

139 3350 280 3392 colores,
297 3352 358 3388 nisi
379 3355 526 3395 pingendi
552 3361 654 3390 artem
673 3359 843 3400 didicerit,
866 3369 972 3400 neque
1003 3368 1202 3402 quemquam

141 3409 304 3444 musicum
322 3420 497 3446 evasurum
518 3417 746 3459 optando,nisi
763 3419 877 3451 modos
892 3419 1040 3452 didicerit
1055 3432 1062 3452 ι
1081 3421 1124 3453 ita
1142 3430 1202 3454 nec

142 3467 353 3510 prudentem,
373 3471 433 3504 nisi
448 3482 553 3506 rerum
574 3485 648 3516 quae
663 3477 703 3509 ad
723 3478 927 3519 prudentiam
951 3480 1112 3520 pertinent
1129 3490 1200 3522 per·

141 3528 268 3568 ceptam
288 3529 396 3563 animo
414 3532 580 3566 scientiam
598 3534 724 3569 lrabeat.

1411 378 1541 428 (Dio'g.
1563 377 1692 417 Laert.
1712 378 1784 419 lib.
1806 379 1838 427 Ι,
1859 381 1939 429 86.)

1276 461 1322 487 15.
1354 446 1567 499 Ἐρωτηθείς
1578 478 1588 496 ,
1603 450 1702 492 ποῖος
1714 450 1783 487 τῶν
1798 449 1957 488 θανάτων
1972 449 2101 498 κακός,
2117 450 2193 503 ἔφη,
2211 450 2255 491 Ὁ
2272 451 2342 490 ἀπὸ

1354 509 1424 546 τῶν
1441 508 1557 554 νόμων
1581 508 1816 561 ὑπαγόμενος.

1411 577 1632 632 (Antonius
1673 588 1712 617 et
1754 579 1949 618 Maximus
1983 579 2107 618 Sei-m.
2155 580 2235 633 περὶ
2273 585 2341 620 θα-

1461 637 1601 691 νάτου.)

1275 723 1322 750 16.
1354 709 1591 762 Ἐρωτηθείς,
1617 709 1670 755 τίς
1700 709 1839 764 ἄριστος
1874 708 2095 760 σύμὸουλος;
2128 708 2173 749 Ὁ
2203 710 2342 763 καιρός,

1354 770 1435 824 ἔφη.

1411 836 1622 889 (Antonius
1647 845 1685 875 et
1715 836 1911 876 Maximus
1939 836 2063 877 Serm.
2103 836 2182 890 περὶ
2212 838 2342 890 φρονή-

1463 899 1584 948 σεως.)

1274 982 1321 1010 17.
1356 968 1556 1020 Συμπλέων
1592 970 1677 1008 ποτὲ
1705 969 1866 1018 ἀσεὸέσι,
1897 969 2156 1023 χειμαζομένης
2176 972 2238 1017 τῆς
2258 969 2341 1014 νεὼς

1353 1030 1526 1069 κάκείνων
1543 1029 1623 1074 τοὺς
1640 1028 1734 1075 θεοὺς
1753 1030 2040 1081 ἐπικαλουμένων
2055 1061 2065 1078 ,
2089 1031 2235 1082 Σιγᾶτε,
2260 1029 2339 1083 ἔφη,

1355 1089 1404 1141 μὴ
1418 1090 1610 1129 αἴσθωνται
1631 1091 1721 1140 ὑμᾶς
1741 1090 1861 1130 ἐνθάδε
1882 1089 2067 1134 πλέοντας.

1410 1171 1619 1225 (Diogenes
1636 1171 1815 1211 Laertius
1834 1173 1903 1213 lib.
1921 1173 1954 1224 1,
1977 1174 2054 1226 86.)

1272 1265 1320 1291 18.
1351 1249 1569 1304 Ἐρωτηθεὶς
1588 1251 1647 1289 ὑπ’
1668 1250 1815 1295 ἀσεὸοῧς
1842 1250 2042 1304 ἀνθρώπου,
2065 1252 2099 1291 τί
2131 1252 2217 1291 ποτέ
2244 1254 2339 1292 ἐστιν

1353 1310 1532 1359 εὖσέὅεια;
1553 1310 1654 1363 ε’σίγα
1668 1323 1677 1333 ·
1700 1313 1760 1349 τοῦ
1783 1310 1900 1358 δὲτὴν
1920 1310 2035 1350 αἰτίαν
2064 1314 2127 1358 τ’ῆς
2148 1315 2247 1364 σιγῆς
2272 1328 2340 1350 πυ·

1353 1371 1514 1422 θομένου,
1529 1372 1675 1419 Σιωπῶ,
1694 1370 1759 1424 ἔφη
1770 1401 1780 1419 ,
1791 1370 1844 1409 ὅτι
1864 1370 1946 1424 περὶ
1962 1374 2029 1410 τῶν
2049 1371 2146 1410 οὐδέν
2159 1387 2213 1410 σοι
2230 1388 2341 1425 προσ-

1351 1430 1509 1479 ηκόντων
1529 1431 1702 1484 πυνθάνῃ.

1409 1502 1619 1553 (Diogenes
1636 1503 1816 1541 Laertius
1833 1502 1903 1541 lib.
1925 1501 1960 1552 Ι,
1982 1503 2064 1554 86.)

1272 1586 1318 1611 19.
1352 1571 1587 1624 Ἐρωτηθείς,
1608 1575 1642 1611 τί
1660 1570 1770 1624 γλυκὺ
1789 1571 2007 1624 ἀνθρώποις;
2025 1572 2176 1621 Ἐλπίς,
2197 1571 2274 1625 ἔφη.

1409 1649 1618 1700 (Diogenes
1637 1648 1817 1689 Laertius
1834 1648 1905 1688 lib.
1928 1648 1961 1698 1,
1982 1649 2063 1700 87.)

1268 1734 1319 1760 20.
1354 1719 1581 1772 Ἐρωτηθείς,
1595 1719 1629 1758 τί
1648 1718 1689 1758 ἂν
1705 1719 1760 1768 εἴη
1774 1722 1843 1759 τῶν
1865 1718 1958 1758 κατὰ
1974 1719 2048 1772 βίον
2066 1718 2210 1774 ἄφοδον,
2225 1712 2335 1768 εἶπεν,

1350 1780 1463 1833 Ὀρθὴ
1482 1780 1693 1828 συνείδησις.

1407 1857 1598 1909 (Stobaeus
1621 1857 1724 1897 Flor.
1744 1856 1882 1907 XXIV,
1910 1871 1952 1894 11
1971 1872 1981 1905 ;
2005 1857 2056 1897 cf.
2082 1856 2220 1895 Floril.
2243 1856 2334 1894 Mo-

1459 1931 1624 1956 nacense
1645 1917 1694 1955 25
1713 1917 1755 1955 in
1770 1916 1877 1955 Stob.
1894 1916 1995 1955 Flor.
2013 1926 2106 1955 tom:
2125 1917 2174 1955 1V
2194 1931 2234 1969 p.
2257 1918 2334 1967 269

1458 1977 1520 2018 ed.
1538 1978 1746 2029 Meineke.)

1269 2069 1317 2097 21.
1350 2056 1506 2108 Θανάτῳ
1543 2053 1684 2105 με’λλων
1721 2054 1969 2100 καταδικάζειν
2007 2053 2088 2093 τινὰ
2130 2053 2333 2106 ἐδάκρυσεν.

1351 2113 1522 2159 Εἰπόντος
1551 2114 1589 2154 δέ
1615 2129 1723 2163 τινος,
1752 2114 1788 2153 τί
1810 2113 1932 2153 παθὼν
1955 2114 2058 2159 αὐτὸς
2089 2114 2337 2158 καταδικάζεις

1350 2174 1410 2213 καὶ
1443 2174 1597 2226 κλαίεις;
1627 2168 1744 2223 εἶπεν,
1778 2173 1831 2212 ὅτι
1863 2175 2054 2227 ἀναγκαῖόν
2087 2175 2163 2212 ἔστι
2195 2176 2239 2226 τῇ
2272 2173 2336 2224 μὲν

1350 2233 1452 2286 φύσει
1479 2233 1518 2273 τὸ
1550 2233 1733 2286 συμπαθὲς
1766 2234 1979 2284 ἀποδοῦναι,
2004 2236 2055 2286 τῷ
2085 2233 2121 2272 δὲ
2153 2234 2251 2286 νόμῳ
2270 2233 2336 2280 τὴν

1348 2296 1443 2319 Azan,

1352 2322 1387 2348 τ
1392 2309 1479 2349 ’τ”ν·

1314 2410 1365 2442 14.
1399 2409 1640 2447 Interrogatus,
1662 2407 1742 2448 quid
1770 2409 1855 2439 esset
1883 2407 2013 2439 difficile
2041 2409 2188 2448 zFerre,
2209 2407 2336 2448 inquit,

1267 2464 1391 2496 sortiter
1411 2463 1626 2496 mutationem
1642 2471 1751 2496 rerum
1768 2462 1800 2494 111
1818 2462 1975 2495 deterius.

1312 2526 1361 2554 15.
1385 2522 1622 2562 Interrogatus,
1643 2529 1718 2561 quae
1745 2529 1834 2553 mors
1860 2521 1947 2553 mala
1970 2524 2055 2553 esset
2077 2522 2111 2553 et
2135 2520 2304 2554 inhonesta
2323 2530 2332 2551 :

1266 2576 1346 2614 Illa,
1365 2575 1488 2616 inquit,
1511 2584 1610 2616 quam
1626 2575 1715 2617 leges
1735 2575 1890 2608 inserunt.

1311 2639 1359 2666 16.
1384 2635 1622 2675 Interrogatus,
1637 2634 1710 2675 quis
1725 2634 1868 2676 optimus
1882 2636 1968 2668 esset
1983 2635 2187 2668 consiliarius
2203 2648 2210 2668 :
2227 2637 2333 2667 Occa-

1265 2689 1332 2730 sio,
1350 2689 1467 2731 inquit.

1312 2748 1362 2777 17.
1386 2745 1548 2785 Navigans
1564 2744 1739 2786 aliquando
1754 2754 1831 2785 cum
1852 2746 1974 2787 impiis,
1987 2755 2088 2788 quum
2104 2747 2196 2779 navis
2213 2750 2333 2788 tempe·

1265 2804 1347 2833 state
1361 2802 1537 2842 jactaretur
1556 2801 1676 2845 istique
1692 2802 1769 2836 deos
1784 2803 1973 2836 invocarent
1991 2816 1999 2836 :
2015 2804 2131 2845 Silete‚
2150 2804 2273 2845 inquit,
2291 2812 2330 2836 ne

1263 2857 1309 2889 illi
1330 2867 1388 2891 vos
1409 2858 1463 2891 hic
1476 2858 1630 2900 navigare
1649 2860 1802 2893 sentiant.

1310 2919 1358 2947 18.
1382 2916 1603 2956 Interrogatus
1627 2916 1669 2948 ab
1694 2916 1826 2950 homine
1851 2917 1972 2959 impio,
1989 2917 2067 2958 quid
2096 2916 2226 2949 tandem
2247 2917 2333 2949 esset

1265 2973 1386 3015 pietas,
1401 2972 1481 3004 1111111
1499 2973 1685 3015 respondit;
1706 2982 1874 3016 quumque
1898 2974 1952 3007 ille
1977 2974 2095 3006 silentii
2120 2983 2252 3007 causam
2279 2982 2332 3006 re-

1265 3031 1407 3072 quireret
1427 3045 1436 3064 1
1456 3034 1577 3072 Taceo,
1596 3031 1719 3073 inquit,
1735 3031 1812 3073 quia
1828 3031 1869 3064 de
1885 3031 1981 3064 rebus
2003 3031 2083 3064 nihil
2108 3031 2149 3063 ad
2176 3034 2207 3064 tc
2233 3032 2331 3072 perti-

1264 3089 1415 3121 nentibus
1431 3098 1485 3121 me
1503 3090 1690 3130 interrogas.

1310 3148 1358 3177 19.
1381 3147 1600 3187 Interrogatus
1629 3145 1711 3188 quid
1738 3147 1821 3179 esset
1848 3146 1943 3179 dulce
1969 3146 2156 3179 hominibus
2186 3159 2194 3179 :
2231 3150 2330 3188 Spes,

1264 3200 1380 3242 inquit.

1307 3262 1358 3291 20.
1381 3260 1617 3301 Interrogatus,
1636 3269 1711 3301 quae
1732 3259 1830 3293 resin
1847 3260 1914 3292 vita
1931 3261 2019 3293 metu
2038 3261 2165 3292 vacaret
2183 3272 2191 3291 2
2211 3261 2327 3298 Recta,

1264 3316 1387 3357 inquit,
1405 3317 1611 3349 conscientia.

1307 3376 1357 3405 21.
1381 3373 1493 3414 Capite
1517 3373 1732 3407 damnaturus
1751 3375 1915 3416 quendam
1938 3375 2128 3407 lacrimavit.
2154 3376 2327 3411 Qnaerente

1263 3429 1375 3461 autem
1387 3430 1557 3470 quopiam:
1569 3431 1654 3469 Quid
1668 3431 1810 3472 estquod
1821 3432 1908 3472 sseas,
1918 3441 2018 3474 quum
2030 3432 2098 3472 ipse
2110 3431 2328 3464 condemnes?

1263 3485 1362 3526 Quia,
1384 3486 1507 3528 inquit,
1522 3496 1650 3520 necesse
1668 3491 1716 3521 est
1734 3498 1785 3522 me
1799 3491 1832 3522 et
1845 3493 1968 3522 naturae
1984 3491 2134 3522 humanm
2151 3490 2253 3521 vicem
2267 3488 2327 3520 do-

1262 3540 1326 3573 lere
1343 3544 1375 3575 et
1392 3552 1433 3575 ex
1452 3543 1519 3585 lege
1536 3546 1728 3578 sententiam
1745 3546 1838 3578 serre.
