2612 3814
237 273 303 308 xiv

229 371 268 404 et
286 365 492 404 coluerunt
509 365 549 402 et
567 361 893 403 cohonestarunt,
915 367 1030 395 nemo
1047 356 1150 394 inter
1169 355 1273 405 prio-

234 442 293 470 res
319 430 544 469 divinarum
562 427 904 472 humanarumque
920 432 1052 460 rerum
1071 421 1278 470 magistros

236 496 359 546 magis
381 493 682 543 Agrigentinum
701 492 831 527 vatem
854 486 1071 525 admiratus
1092 487 1211 532 atque
1235 484 1277 521 in

232 561 464 609 argumento
481 555 661 605 quamvis
682 551 859 590 dissimili
879 552 1033 588 secutus
1053 550 1112 586 est
1125 576 1135 593 ,
1158 556 1279 596 quam

235 624 283 661 T.
318 622 522 662 Lucretius
548 619 689 666 Carus,
725 617 837 665 quus
869 614 950 652 haee
984 616 1078 652 sunt
1109 611 1228 650 verba
1258 621 1279 648 e

234 688 359 736 primo
372 685 553 724 carminis
574 682 671 721 libro
688 678 738 732 (i)
754 681 871 729 petita
893 690 903 716 ε

319 777 463 814 Quorum
480 771 705 811 Acragantinus
720 778 793 802 cum
813 768 922 809 primis
946 765 1155 807 Empedocles
1171 766 1238 804 est,

319 827 424 860 insula
443 834 539 867 quem
553 823 712 865 triquetris
727 825 882 854 terrarum
900 819 995 860 gessit
1014 819 1046 850 in
1058 817 1132 851 oris.

320 894 1003 913 ··················································

319 935 400 972 Quae
414 941 513 972 qiium
527 938 638 969 magna
652 927 755 960 modis
770 926 878 958 mullis
893 924 1036 957 miranda
1052 923 1180 956 videtur

320 983 469 1025 gentibus
487 981 634 1014 humanis
652 979 736 1020 regio
752 977 950 1018 visundaque
969 977 1080 1015 fertur,

320 1037 416 1070 rebus
430 1035 535 1076 opima
549 1034 654 1071 bonis,
674 1033 774 1064 inulta
789 1031 910 1063 munita
930 1030 1035 1062 virum
1058 1030 1088 1062 vi
1106 1037 1114 1057 τ

320 1090 365 1123 nil
385 1091 492 1122 tamen
516 1087 576 1119 hoc
598 1086 746 1118 habuisse
766 1085 835 1116 viro
853 1083 1079 1124 praeclariusin
1102 1091 1157 1122 se,

320 1151 379 1175 nec
395 1143 544 1174 sanctum
562 1139 662 1179 magis
676 1142 709 1171 et
731 1138 848 1169 mirum
868 1145 1044 1178 earumque
1064 1135 1201 1168 videtur.

321 1195 469 1229 carmina
485 1194 560 1235 quin
578 1192 675 1224 etiam
692 1189 792 1223 divini
809 1190 945 1230 pectoris
962 1188 1030 1230 ejus

325 1249 538 1280 vociferantur
547 1247 580 1278 et
592 1247 755 1286 exponunt
770 1243 919 1285 praeclara
937 1245 1075 1283 reperta,

322 1302 358 1332 ut
377 1299 431 1331 vix
447 1299 586 1331 humana
602 1294 749 1329 videatur
763 1296 861 1336 stirpe
877 1297 1012 1326 creatus.

241 1384 347 1433 Ergo
368 1392 447 1420 non
480 1382 605 1430 magis
632 1378 817 1418 laudabat
842 1379 882 1416 in
914 1375 1146 1426 Empedocle
1170 1380 1284 1425 poeta

242 1448 441 1487 Romanus
487 1447 734 1484 sanctitatem
766 1445 1134 1493 integritatemque,
1164 1452 1283 1490 quam

240 1510 505 1549 incredibilem
522 1510 737 1548 carminum
756 1509 835 1546 vim
848 1536 858 1555 ‚
877 1510 915 1544 et
935 1507 1018 1555 ipsa
1037 1515 1125 1554 quae
1140 1505 1284 1554 profes·

239 1585 306 1613 sus
325 1577 384 1612 est
407 1573 559 1611 decreta
578 1571 858 1611 admirabatur.
889 1570 1019 1618 Atque
1040 1567 1107 1606 illa
1128 1567 1285 1618 quidem

243 1639 328 1677 laus
344 1640 452 1687 vitae,
474 1636 803 1687 quemadmodum
824 1636 1038 1685 priscorum
1058 1633 1284 1672 saeculorum

244 1703 341 1741 ratio
357 1701 520 1750 ferebat,
537 1712 558 1740 e
572 1702 768 1750 sapientiae
787 1700 985 1749 praeceptis
997 1702 1092 1736 actae
1104 1701 1287 1747 perpetuo

242 1765 417 1805 manebit
440 1764 686 1815 Empedocli,
709 1774 837 1813 neque
857 1764 1051 1812 insignem
1067 1763 1286 1800 carminum

221 1873 230 1882 ,
244 1829 571 1880 pulchritudinem
603 1829 653 1868 ab
678 1829 780 1867 elato
805 1829 938 1866 animo
958 1830 998 1865 et
1019 1835 1204 1875 generoso
1221 1835 1287 1874 pe-

244 1897 350 1932 ctore
373 1892 583 1943 profectam
606 1892 686 1931 ulla
715 1896 934 1941 temporum
964 1890 1105 1940 injuria
1124 1888 1285 1927 delebit.

244 1957 413 1995 Tantum
437 1958 540 1994 enim
562 1955 634 1994 fuit
650 1956 690 1994 in
717 1955 793 1993 hoc
807 1955 890 1993 viro
909 1954 1042 1992 lumen
1062 1952 1223 2002 ingenii,
1246 1959 1284 1989 ui

245 2029 323 2069 qua
352 2023 465 2058 oetate
487 2018 728 2069 philosophia
755 2019 837 2068 jam
858 2016 1013 2068 pridem
1045 2015 1171 2054 soluta
1199 2025 1286 2053 ora-

244 2085 348 2122 tione
359 2112 369 2129 ,
388 2094 474 2133 quae
488 2082 590 2121 haud
609 2082 725 2133 paulo
739 2083 864 2132 aptior
880 2084 940 2119 est
954 2080 1003 2119 ad
1019 2078 1290 2130 philosophan-

245 2147 340 2185 dum
361 2150 401 2184 et
419 2146 614 2185 subtiliter
632 2145 921 2194 disserendum,
943 2142 1190 2193 quorundam
1210 2146 1292 2180 stu-

245 2210 320 2248 diis
335 2210 528 2249 illustrata
546 2212 651 2258 erat,
676 2210 760 2259 ipse
779 2207 1028 2257 Xenophanis
1056 2210 1094 2245 et
1123 2206 1291 2245 Parme-

245 2275 346 2314 nidis
377 2275 557 2324 exemplo
593 2274 858 2313 inflammatus
896 2272 1099 2311 Musarum
1136 2282 1208 2321 ope
1240 2271 1291 2310 ad

247 2340 443 2388 sapientiae
461 2338 661 2388 fastigium
680 2337 791 2377 evehi
807 2337 994 2376 studeret.
1013 2336 1066 2375 At
1085 2336 1119 2373 si
1148 2335 1197 2373 de
1215 2335 1293 2373 do-

248 2402 371 2439 ctrina
400 2401 601 2450 quaeritur,
622 2403 815 2450 quantum
850 2398 1102 2449 Empedocles
1130 2396 1181 2436 ab
1206 2396 1291 2435 aliis

250 2463 487 2513 philosophis
519 2467 722 2502 mutuatus
762 2463 811 2501 sit
851 2465 1076 2512 reputantes
1113 2460 1291 2500 confiteri

250 2527 381 2578 dccet,
419 2527 711 2577 temperandam
746 2537 828 2566 esse
870 2527 1165 2565 admirationem
1206 2536 1291 2575 quae

249 2593 360 2642 quasi
379 2602 447 2642 per
459 2602 595 2630 manus
608 2591 754 2630 tradita
764 2593 880 2630 etiam
899 2601 1003 2630 nunc
1017 2590 1289 2641 plerorumque

249 2657 400 2695 animos
419 2658 633 2706 occupavit.
657 2656 757 2694 Nam
785 2667 905 2705 quum
934 2660 1107 2694 veterum
1136 2654 1289 2705 plurimi

250 2712 341 2758 eum
360 2720 613 2770 Pythagoreis
631 2719 950 2770 adnumerarent,
966 2720 1031 2758 alii
1050 2719 1291 2758 Parmenidis

251 2782 313 2822 vel
330 2783 583 2833 Xenophanis
602 2782 836 2833 discipulum
853 2783 1048 2834 facerent,
1069 2783 1182 2822 Plato
1200 2794 1289 2822 cum

251 2846 447 2886 Heraclito
460 2876 472 2895 ,
492 2848 718 2887 Aristoteles
737 2858 827 2887 cum
842 2847 1034 2898 Leucippo
1047 2876 1058 2897 ,
1074 2848 1292 2887 Democrito

253 2910 313 2949 vel
345 2910 582 2962 Anaxagora
609 2914 884 2962 conjungeret,
903 2914 1019 2951 variae
1041 2914 1291 2962 antiquorum

252 2975 456 3013 sententiae
475 2985 521 3013 eo
540 2975 749 3014 valuerunt
761 3004 773 3026 ,
799 2979 844 3014 ut
861 2986 937 3014 non
957 2977 1084 3014 minor
1102 2978 1204 3015 inter
1223 2988 1290 3015 re—

251 3039 439 3077 centiores
471 3038 519 3077 de
550 3039 625 3078 hoc
651 3040 738 3078 viro
765 3039 952 3078 dissensio
975 3044 1087 3079 esset.
1119 3040 1290 3087 Quorum

253 3101 360 3140 baud
380 3104 491 3152 pauci
509 3103 808 3154 Agrigentinum
826 3108 976 3143 naturae
995 3106 1153 3155 verique
1173 3106 1292 3144 inter-

254 3171 402 3216 pretem
420 3172 531 3207 tanta
550 3168 664 3208 laude
680 3174 868 3208 ornarunt
880 3199 891 3219 ‚
912 3174 958 3209 ut
977 3170 1153 3220 cupidius
1173 3182 1290 3221 quam

254 3232 383 3270 verius
398 3231 594 3281 judicasse
620 3233 839 3272 videantur.
862 3233 986 3281 Quam
1007 3245 1087 3272 rem
1105 3236 1294 3284 copiosis-

254 3295 351 3333 sime
381 3298 656 3343 tractaremus,
676 3297 710 3334 si
741 3307 809 3347 per
838 3295 954 3347 hujus
986 3297 1060 3336 loci
1092 3299 1293 3348 angustias

255 3357 396 3398 liceret.
427 3359 564 3410 Itaque
597 3362 717 3399 vitato
742 3363 847 3400 omni
879 3362 1087 3401 verborum
1119 3362 1293 3402 anfractu

302 3503 332 3545 ι)
357 3513 402 3536 vs.
424 3507 482 3539 717
496 3514 585 3547 seqq.

1103 265 1172 304 DE
1202 259 1526 303 EMPEDOCLE.

1337 352 1507 392 breviter
1523 354 1701 389 nostrum
1728 349 1778 388 de
1806 347 2057 398 Empedoclis
2083 347 2260 386 doctrina
2278 346 2388 397 judi-

1337 419 1439 456 cium
1465 426 1706 466 exponemus
1719 444 1731 466 ,
1750 426 1795 454 ea
1815 420 1945 454 mente
1957 444 1968 464 ‚
1989 417 2034 453 ut
2052 412 2150 463 quid
2169 411 2218 450 de
2246 413 2389 451 carmi-

1338 491 1435 520 num
1471 481 1556 529 ejus
1590 479 1780 528 prooemio
1821 477 2073 517 statuendum
2106 476 2160 514 sit
2189 475 2390 525 perspicue

1337 545 1534 594 appareat.

1391 606 1552 657 Triplex
1570 604 1649 644 fere
1667 605 1710 643 in
1724 604 1969 654 Empedoclis
1985 601 2232 654 philosophia
2247 603 2389 653 reperi-

1340 677 1406 711 tur
1434 672 1664 722 dogmatum
1685 679 1827 719 genus,
1858 679 2027 718 quorum
2047 668 2124 707 alia
2148 678 2170 706 e
2189 666 2390 718 Pythago·

1341 747 1492 775 reorum
1524 732 1666 773 scholis
1706 734 1828 782 petita
1867 737 1984 779 sunt,
2015 732 2091 770 alia
2120 731 2170 770 ab
2207 730 2393 770 Eleaticis

1341 803 1470 838 sumta
1483 828 1494 849 ‚
1506 798 1583 837 alia
1599 809 1648 836 ex
1665 795 1849 835 Heracliti
1863 796 2063 846 praeceptis
2076 799 2264 844 tanquam
2283 793 2392 833 fonte

1343 866 1566 901 manarunt.
1587 861 1741 900 Etenim
1762 870 1841 910 quo
1860 863 2034 909 tempore
2052 857 2316 908 Pythagorica
2334 868 2394 896 ra·

1342 929 1395 965 tio
1427 937 1493 976 per
1522 925 1707 975 Magnam
1725 923 1912 962 Graeciam
1933 921 2114 972 vigebat,
2135 925 2254 970 atque
2274 921 2302 959 ii
2323 921 2392 971 qui

1341 1002 1426 1029 eam
1447 1001 1527 1029 non
1545 993 1699 1028 tantum
1714 989 1846 1028 animo
1862 991 2082 1037 perceptam
2101 984 2303 1033 haberent,
2323 984 2394 1024 sed

1344 1057 1462 1094 etiam
1483 1057 1563 1093 vita
1583 1058 1622 1093 et
1641 1054 1754 1093 factis
1774 1052 2067 1104 profiterentur,
2088 1050 2234 1100 ubique
2260 1050 2302 1088 in
2319 1049 2393 1089 ho·

1343 1131 1436 1158 nore
1455 1123 1588 1166 erant,
1612 1118 1768 1157 videtur
1790 1115 2043 1167 Empedocles
2058 1115 2274 1165 disciplinae
2288 1114 2395 1154 illius

1343 1194 1475 1223 amore
1487 1188 1624 1232 captus
1639 1183 1692 1221 ita
1708 1193 1749 1221 se
1758 1181 1809 1220 ad
1825 1180 2102 1232 Pythagoricos
2115 1179 2390 1229 composuisse,

1344 1253 1389 1287 ut
1416 1249 1595 1298 quamvis
1613 1259 1693 1287 non
1721 1248 1853 1286 omnia
1872 1257 2006 1285 eorum
2038 1245 2181 1295 placita
2200 1254 2288 1294 quae
2313 1243 2395 1283 for-

1345 1316 1448 1351 tasse
1463 1315 1547 1364 jam
1564 1312 1786 1351 adolescens
1805 1314 2063 1361 cognoverat,
2087 1309 2289 1359 probanda
2309 1308 2395 1347 exi-

1345 1378 1541 1427 stimaret,
1561 1387 1693 1415 eorum
1722 1380 1854 1414 tamen
1874 1376 2096 1414 castitatem
2118 1377 2158 1413 et
2175 1377 2395 1424 temperan-

1345 1442 1439 1478 tiam
1470 1451 1537 1490 per
1556 1444 1679 1479 totam
1710 1442 1832 1479 vitam
1861 1440 2056 1477 retineret.
2079 1437 2156 1477 Sed
2183 1436 2398 1477 acrioribus

1346 1506 1514 1545 stimulis
1537 1508 1622 1555 ejus
1641 1507 1819 1544 animum
1851 1506 2023 1543 scientiae
2047 1503 2239 1542 desiderio
2254 1504 2397 1558 *incen-

1318 1579 1322 1585 ·
1345 1581 1433 1609 sum
1447 1570 1606 1609 Eleatici
1620 1574 1659 1609 et
1672 1569 1859 1620 Ephesius
1870 1569 2120 1620 philosophus
2133 1567 2396 1608 concitabant.

1347 1634 1428 1673 Hos
1448 1636 1565 1684 igitur
1598 1645 1780 1684 magnam
1813 1638 1963 1683 partem
1986 1635 2024 1671 in
2056 1643 2148 1671 vero
2175 1630 2399 1682 indagando

1347 1702 1500 1736 secutus
1516 1708 1577 1736 res
1594 1686 1714 1747 prope
1728 1696 1989 1736 dissociabiles
2006 1697 2107 1735 entis
2123 1696 2276 1734 immoti
2291 1698 2399 1734 oeter·

1348 1763 1510 1799 nitatem
1532 1765 1571 1799 et
1589 1761 1776 1800 caducam
1794 1771 1929 1798 eorum
1950 1764 2133 1798 naturam
2153 1769 2242 1809 quae
2260 1768 2400 1809 perpe-

1349 1829 1418 1863 tuo
1455 1829 1563 1863 motu
1594 1824 1766 1863 fluminis
1802 1825 1924 1862 instar
1957 1823 2144 1862 labuntur
2172 1823 2328 1862 miscuit
2359 1826 2402 1863 et

1349 1891 1601 1928 consociavit.
1636 1890 1682 1928 In
1715 1900 1794 1939 quo
1817 1891 1871 1927 ita
1892 1892 2066 1927 versatus
2096 1891 2178 1934 est,
2205 1891 2251 1926 ut
2277 1897 2399 1939 quum

1349 1953 1565 1992 Heraclitus
1593 1953 1774 2003 copulata
1794 1954 1958 1991 materia
1983 1956 2103 2002 atque
2127 1951 2194 1990 illa
2222 1951 2283 2002 vl,
2314 1961 2401 2002 quae

1350 2024 1499 2059 motum
1529 2018 1644 2058 rebus
1682 2018 1818 2066 affert,
1856 2021 1995 2056 cuncta
2030 2017 2276 2055 continenter
2316 2014 2401 2056 sseri

1349 2084 1535 2134 dixisset,
1575 2081 1830 2121 Parmenides
1852 2091 1943 2119 vero
1979 2081 2085 2119 omni
2109 2083 2219 2118 motu
2244 2078 2400 2119 sublato

1350 2148 1447 2187 nihil
1475 2147 1551 2186 nisi
1570 2156 1662 2192 ens,
1700 2145 1806 2195 quod
1826 2155 2012 2183 sensuum
2038 2143 2202 2183 fallaciis
2222 2154 2302 2182 non
2328 2141 2399 2183 ob-

1351 2212 1515 2250 noxium
1548 2211 1692 2249 mentis
1725 2212 1880 2247 tantum
1916 2209 1997 2247 acie
2031 2209 2242 2258 percipitur
2266 2218 2402 2246 revera

1351 2287 1434 2315 esse
1450 2275 1706 2325 decrevisset,
1726 2275 1810 2324 ipse
1829 2275 2034 2323 utriusque
2054 2274 2249 2311 rationem
2271 2274 2400 2323 sejun-

1350 2345 1413 2379 cta
1432 2341 1591 2379 materia
1607 2368 1616 2386 ,
1639 2350 1726 2389 quae
1745 2340 1825 2377 enti
1846 2337 2121 2388 responderet,
2147 2341 2187 2376 et
2206 2338 2263 2386 vi,
2280 2347 2305 2377 a
2323 2348 2403 2389 qua

1351 2408 1502 2443 motum
1537 2404 1629 2442 oriri
1675 2403 1823 2454 voluit,
1858 2402 2076 2453 colligaret.
2113 2402 2235 2453 Atqui
2268 2412 2400 2441 rerum

1350 2467 1637 2507 multitudinem
1658 2468 1725 2505 uni
1739 2468 1819 2505 enti
1834 2476 2050 2516 repugnare
2069 2469 2175 2505 ratus
2188 2477 2268 2506 non
2280 2476 2402 2506 unam

1353 2534 1580 2578 materiam,
1602 2531 1669 2571 sed
1689 2535 1879 2582 quattuor
1898 2530 2113 2581 elementa,
2135 2541 2260 2581 neque
2279 2540 2401 2570 unum

1353 2601 1482 2635 motus
1515 2594 1748 2647 principium
1762 2624 1773 2646 ‚
1795 2594 1865 2634 sed
1883 2594 1962 2633 duo
1982 2605 2158 2633 amorem
2190 2605 2237 2633 ac
2255 2593 2402 2634 discor·

1351 2662 1455 2700 diam
1484 2662 1625 2711 posuit.
1646 2659 1692 2698 In
1714 2670 1793 2710 qua
1821 2661 2029 2709 partitione
2048 2669 2158 2697 amor
2186 2659 2287 2697 entis
2307 2658 2402 2697 uni-

1351 2727 1450 2772 tati,
1469 2724 1662 2763 discordia
1691 2723 1910 2762 Heracliteo
1936 2722 2098 2761 dissidio
2130 2725 2397 2772 comparatur.

1354 2789 1407 2827 Ut
1422 2793 1554 2827 autem
1578 2787 1774 2826 Heraclito
1796 2797 1881 2837 quae
1900 2786 2039 2824 flerent
2066 2785 2181 2824 simui
2203 2786 2402 2835 composi-

1355 2855 1461 2891 tio'ne
1496 2856 1535 2891 et
1561 2853 1807 2902 separatione
1835 2852 1944 2889 nasci
1977 2850 2144 2900 placuit,
2180 2849 2401 2900 Empedocli

1353 2921 1487 2955 contra
1502 2927 1590 2966 quae
1602 2917 1783 2955 oriuntur
1798 2915 1881 2954 sola
1899 2916 2179 2964 compositione
2197 2914 2399 2962 exsistere,

1352 2992 1438 3031 quae
1459 2981 1643 3020 occidunt
1663 2991 1741 3019 una
1761 2980 2012 3019 distractione
2028 2981 2183 3019 interire
2200 2978 2397 3028 videntur,

1353 3045 1543 3094 siquidem
1565 3044 1664 3083 illud
1683 3045 1830 3093 amori,
1845 3043 1918 3082 hoc
1939 3043 2138 3082 discordiae
2160 3043 2298 3082 tribuit
2319 3054 2328 3081 :
2346 3045 2399 3082 ita

1353 3108 1590 3147 Heraclitum
1606 3106 1808 3158 probabile
1826 3111 1908 3157 est,
1927 3109 2108 3157 quamvis
2133 3106 2182 3145 de
2199 3108 2399 3146 vicissitu-

1352 3173 1444 3211 dine
1473 3183 1600 3211 rerum
1620 3172 1818 3221 compagis
1844 3172 1961 3210 modo
1981 3174 2144 3210 orientis
2165 3173 2281 3210 modo
2301 3173 2402 3210 occi-

1353 3236 1479 3274 dentis
1505 3236 1754 3282 disseruerit,
1791 3235 1944 3274 nullum
1970 3237 2114 3285 quietis
2146 3236 2399 3286 perfectaeque

1353 3301 1617 3339 consensionis
1631 3298 1881 3338 intervallum
1901 3299 2067 3349 singulis
2081 3303 2300 3349 temporum
2314 3310 2400 3350 spa·

1354 3365 1417 3402 tiis
1451 3365 1751 3415 interposuisse,
1789 3363 2064 3413 Empedoclem
2105 3375 2197 3402 vero
2239 3369 2401 3414 apparet
