2612 3814
0 2641 21 2663 aas

0 2661 25 2711 ,ἕ

0 2223 11 2250 Ε

0 2339 33 2380 ‚51⁴

0 2404 22 2426 Κ

17 3360 35 3421 κεῖ·
23 3321 38 3354 „tx

0 3418 39 3552 'sstjfwssss
6 3393 27 3413 '753
14 3378 28 3383 ζ

1047 253 1389 295 FRAGMENTA.

226 338 420 392 Συνεκρίθη
450 340 511 376 καὶ
548 337 704 391 διεκρίθη
735 339 933 389 κάπῆνθεν,
970 338 1046 378 ὅθεν
1066 334 1167 388 ἦνθεν
1180 371 1192 388 ,

1033 399 1048 452 [
1061 399 1169 439 πάλιν
1179 430 1192 452 ,

219 462 265 507 γᾶ
289 455 352 508 μὲν
372 457 421 501 εἷς
446 462 512 509 γᾶν
526 485 537 504 ,
561 456 689 505 πνεῦμ’
719 455 806 496 ἄνω.
827 455 862 495 τί
880 458 989 496 τῶνδε
1008 458 1190 539 χαλξπὶη

1039 532 1118 557 ουοε
1138 533 1190 556 εν.

271 587 480 636 (Plutarch.
503 587 658 627 Consol.
677 587 727 624 ad
742 589 870 637 Apoll.
886 602 925 638 p.
947 602 962 625 1
974 515 1038 636 1o[,
1061 593 1108 629 A.
1129 588 1189 627 καὶ

221 645 377 692 ἀπῆλθεν
397 644 474 685 ὅθεν
490 638 588 693 ἦλθε.
611 648 674 685 Vs.
697 646 773 691 264
793 649 933 697 πνεῦμα
953 647 983 685 δ’
998 646 1112 699 ἄνω.)

131 735 187 762 2⁶6
215 721 301 762 Αἴτε
320 736 355 761 τι
376 724 475 768 ζατεῖ
493 720 599 777 σοφόν
620 737 692 772 τις,
714 721 836 767 νυκτὸς
850 721 1078 773 ἐνθυμητέον.

265 799 483 853 (Cornutus
499 801 548 838 de
566 802 656 838 Nat.
676 801 785 839 deor.
803 814 836 839 c.
860 807 907 847 14
934 814 1023 852 pag.
1045 800 1094 845 54
1118 802 1180 839 ed.

207 860 352 899 Osann.
380 860 526 911 (ζητεῖ)
553 861 612 898 his
629 862 829 910 praemissis
856 874 865 898 :
902 859 1037 900 Τούτου
1057 859 1087 898 δ’
1107 858 1186 898 ἔνε-

206 933 267 955 κεν
283 918 345 957 καὶ
364 917 422 956 ἐπὶ
451 917 551 957 ἐννέα
571 917 700 963 νύκτας
718 918 859 970 λέγεται
887 917 1138 972 συγγενόμενος
1166 921 1184 956 ὁ

206 975 297 1021 Ζεὺς
316 980 360 1031 τῇ
388 977 610 1030 Μνημοσύνῃ
644 979 811 1029 γεννῆσαι
833 977 941 1022 αὐτάς
969 976 1054 1030 [τὰς
1082 976 1182 1017 Μού-

205 1034 295 1091 σας]
311 1052 320 1061 ·
340 1035 401 1075 καὶ
426 1035 495 1089 γὰρ
513 1039 576 1083 τῆς
596 1037 631 1075 ἐν
651 1036 748 1075 νυκτὶ
768 1035 944 1084 ζητήσεως
965 1037 1018 1074 δεῖ
1032 1035 1119 1088 πρὸς
1135 1035 1180 1074 τὰ

207 1095 300 1134 κατὰ
327 1094 505 1134 παιδείαν.
533 1094 718 1149 Εὖφρόνην
740 1094 807 1148 γὰρ
838 1096 870 1134 οἳ
892 1095 1039 1144 ποιηταὶ
1064 1096 1102 1134 οὐ
1134 1096 1178 1133 δι’

204 1154 293 1193 ἄλλο
314 1169 349 1192 τι
368 1154 431 1202 τὴν
453 1153 562 1192 νύκτα
578 1154 773 1203 ἐκάλεσαν,
792 1155 853 1193 καὶ
868 1154 1095 1208 Ἐπίχαρμος
1115 1156 1180 1194 αὖ·-

203 1213 286 1253 τίκα
303 1213 409 1268 φησίν
428 1215 507 1252 κτλ.
523 1218 536 1260 )

205 1282 332 1333 Πάντα
345 1283 390 1323 τὰ
407 1285 584 1323 σπουδαῖα
600 1284 723 1330 νυκτὸς
743 1286 877 1336 μᾶλλον
895 1284 1150 1339 ἐξευρίσκεται.

257 1362 470 1410 (Cornutus
489 1363 537 1400 de
555 1364 643 1400 Nat.
666 1363 776 1402 deor.
792 1364 817 1400 l.
841 1363 902 1414 c.)

197 1439 311 1479 Γνῶθι
332 1441 408 1484 πῶς
431 1438 530 1492 ἄλλῳ
549 1438 736 1493 κεχρήται.

255 1517 267 1569 ζ
282 1518 415 1556 Cicero
434 1518 484 1555 ad
500 1520 548 1567 Q.
567 1518 614 1558 fr.
634 1519 710 1566 111,
744 1532 779 1566 1,
805 1532 840 1566 7.
859 1518 1078 1557 Videndum
1099 1532 1175 1557 esse

199 1578 252 1614 ait
271 1578 522 1628 Epicharmus
535 1608 547 1629 ,
579 1578 779 1627 quomodo
800 1579 885 1628 quis
912 1591 1000 1629 erga
1021 1579 1117 1615 alios
1135 1592 1174 1616 se

198 1638 371 1686 gesserit,
391 1644 595 1687 antequam
623 1650 707 1674 cum
740 1650 787 1675 eo
821 1638 1029 1675 amicitiam
1059 1638 1176 1677 facia-

195 1708 294 1735 mus,
311 1695 325 1748 )

198 1766 252 1804 Οὐ
266 1766 379 1818 λέγειν
397 1766 474 1819 τόγ’
498 1765 574 1806 ἐσσὶ
593 1765 701 1811 δεινός
714 1796 725 1818 ,
748 1765 841 1805 ἀλλὰ
865 1770 967 1819 σιγῆν
987 1767 1170 1812 ἀδύνατος.

252 1838 327 1889 (A.
350 1839 446 1878 Gell.
466 1841 579 1877 Noct.
602 1843 682 1878 Att.
701 1839 735 1886 Ι,
759 1838 820 1876 15.
841 1838 982 1891 σιγᾷν.)

195 1909 250 1948 Οὔ
284 1914 465 1959 μετανοεῖν
479 1939 490 1958 ,
508 1909 600 1949 ἀλλὰ
631 1916 790 1963 προνοεῖν
816 1908 888 1963 χρὴ
908 1908 966 1949 τὸν
985 1909 1096 1963 ἄνδρα
1111 1909 1170 1950 τὸν

1015 1969 1030 2021 [
1046 1969 1167 2024 σοφόν.

247 2041 380 2094 (Stoh.
397 2044 533 2082 Floril.
553 2045 586 2090 1,
610 2042 699 2094 14.)

111 2125 166 2154 270
193 2112 255 2160 Μὴ
283 2112 336 2152 ’πὶ
358 2113 494 2165 μικροῖς
514 2112 617 2157 αὐτὸς
639 2112 742 2151 αὑτὸν
759 2111 928 2165 ὀξύθυμον
943 2113 1095 2155 δείκνυε.

248 2184 377 2235 (Ibid.
413 2187 507 2232 XX,
528 2186 564 2225 8.
594 2186 698 2223 Alibi
717 2186 781 2223 hic
803 2199 932 2224 versus
956 2188 1168 2225 Menandro

191 2245 385 2284 tribuitur.
409 2245 499 2286 Vid.
518 2246 685 2283 Meinek.
709 2246 816 2284 Com.
837 2246 902 2284 Gr.
918 2248 969 2284 IV
984 2259 1026 2295 p.
1051 2247 1165 2297 ²91·)

190 2318 443 2365 Ἔπιπολάζειν
461 2319 536 2359 οὔτι
556 2319 627 2374 χρὴ
652 2319 712 2359 τὸν
732 2319 862 2372 θυμόν,
881 2320 975 2360 ἀλλὰ
989 2320 1048 2360 τὸν
1068 2321 1161 2361 νόον.

249 2392 369 2442 (Ibid.
387 2393 482 2443 XX,
502 2406 539 2442 9.
552 2391 658 2443 νόμον
678 2394 794 2443 vulgo
810 2406 820 2439 ;
838 2394 1007 2431 correxit
1021 2394 1166 2431 Abren-

191 2451 300 2500 sius.)

110 2562 305 2594 concretum
320 2563 392 2594 erat
411 2563 444 2595 et
464 2561 640 2595 discretum
658 2564 727 2602 est,
748 2563 907 2604 rediitque
927 2563 1015 2597 unde
1027 2565 1161 2596 venerat

110 2622 194 2653 terra
221 2620 255 2652 in
282 2622 424 2660 terram,
450 2620 583 2662 spiritus
605 2629 749 2654 sursum.
774 2621 859 2660 Quid
879 2631 919 2654 ex
939 2622 989 2655 his
1006 2622 1163 2655 acerbum

902 2681 994 2724 [estP
1014 2683 1165 2716 Nihil...

106 2740 182 2774 Sive
197 2740 270 2783 quis
282 2740 446 2774 eruditum
463 2740 541 2783 quid
556 2741 674 2783 quaerit
686 2765 695 2782 ‚
706 2741 769 2774 hoc
785 2742 886 2774 noctu
901 2742 934 2774 in
947 2742 1056 2774 animo
1069 2743 1162 2775 volu-

884 2800 1040 2844 [tandum
1053 2803 1113 2835 εει.
1124 2820 1165 2826 -

108 2859 226 2892 Omnia
239 2860 321 2893 seria
335 2862 433 2892 noctu
451 2859 547 2893 citius
561 2860 776 2902 reperiuntur.
788 2880 831 2888 -

108 2920 292 2961 Cognosce,
310 2919 587 2961 quemadmodum
600 2919 662 2952 alio
686 2928 764 2952 usus
787 2919 892 2953 fuerit.
907 2941 948 2947 .-

107 2979 155 3012 ‘ru
172 2978 302 3021 quidem
317 2987 382 3012 nou
399 2979 535 3012 dicendo
551 2978 656 3019 vales,
674 2979 728 3011 sed
746 2981 851 3012 tacere
872 2988 938 3012 non
963 2983 1067 3022 potes.
1081 2999 1122 3004 —

111 3037 183 3070 Non
202 3046 237 3071 re
261 3038 363 3080 facta,
397 3038 453 3072 sed
471 3038 575 3073 multo
594 3041 670 3072 ante
689 3038 934 3072 deliberandum
951 3041 1002 3073 est
1014 3040 1092 3073 1viro
1112 3048 1165 3073 sa·

122 3124 126 3128 Α
984 3098 998 3141 [
1011 3099 1164 3141 pienti.—

108 3157 155 3190 Ne
172 3159 207 3189 tu
223 3159 255 3190 ιε
269 3158 374 3199 ipsum
394 3157 437 3190 ob
451 3167 502 3191 res
519 3158 604 3191 leves
618 3158 809 3191 iracundum
823 3158 987 3192 exhibeas.
1000 3178 1041 3185 —

109 3215 180 3248 Non
199 3217 280 3248 iram
293 3240 302 3256 ,
316 3216 373 3250 sed
389 3218 530 3250 mentem
545 3226 698 3259 superare
714 3218 880 3251 convenit.
892 3236 934 3242 —

73 3289 76 3291 v
109 3274 211 3306 Nemo
227 3274 326 3306 iratus
341 3274 520 3318 quidquam
539 3277 626 3309 recte
640 3275 796 3310 deliberat
809 3294 864 3309 -.

55 3362 59 3370 Α
107 3333 271 3366 Caeterum
289 3333 421 3375 diligens
436 3334 591 3369 industria
605 3335 675 3378 plus
691 3335 788 3370 donat
803 3336 914 3370 amicis
926 3345 1025 3378 quam
1042 3335 1163 3368 bonum

933 3405 963 3428 iu
985 3404 1105 3429 eninm.
1120 3413 1163 3419 -

109 3450 181 3490 Ipsa
199 3451 383 3485 hominibus
396 3453 521 3487 indoles
537 3454 588 3488 vel
606 3455 709 3488 bonus
725 3455 776 3488 vel
793 3455 898 3488 malus
914 3395 1028 3496 {cingius
1042 3456 1145 3488 est.—

64 3503 67 3507 ’
109 3509 190 3549 Quis
206 3513 313 3544 autem
324 3536 333 3551 ,
351 3513 463 3553 amici,
480 3514 560 3548 nolit
577 3515 655 3548 alios
670 3515 731 3548 sibi
750 3514 916 3548 invidere?

254 3577 372 3600 vultos.
393 3578 492 3602 GuAEc.

2236 267 2312 300 1⁴5

1338 340 1431 381 Οὐδὲ
1449 335 1497 385 εἷς
1510 348 1608 381 οῦδὲν
1626 347 1702 393 μετ’
1717 349 1824 396 ὀργᾶς
1840 346 1933 383 κατὰ
1946 345 2074 398 τρόπον
2091 347 2311 399 βουλευέται.

1391 418 1517 473 (Ibid.
1530 421 1625 467 XX,
1647 433 1707 460 10.
1729 421 1872 473 ὀργῆς.)
1933 435 1941 442 ·

1335 497 1374 538 ‘A
1395 497 1430 537 δὲ
1460 497 1592 550 μελέτα
1615 497 1735 554 φύσιος
1754 500 1888 552 ἀγαθᾶς
1902 499 2034 539 πλέονα
2056 502 2222 555 δωρείται
2249 504 2311 557 φί-

2192 562 2208 614 [
2223 564 2309 607 λοις.

1392 635 1510 687 (Ibid.
1527 637 1679 683 XXIX,
1695 636 1743 681 54
1756 644 1794 674 et
1809 638 1984 687 Apostol.
2002 640 2033 685 I,
2053 638 2117 678 52.
2134 639 2304 691 πλεῦνα.)

1345 714 1379 752 0
1398 711 1523 766 τρόπος
1546 712 1761 767 ἀνθρώποισι
1782 712 1918 765 δαίμων
1948 714 2096 766 ἀγαθός,
2116 708 2166 759 οἷς
2189 715 2225 754 δὲ
2246 717 2307 755 καὶ

2155 781 2170 837 [
2183 782 2306 828 κακός.

1385 859 1511 913 (lbid.
1526 862 1735 911 XXXVII,
1757 860 1846 912 16.)

1247 955 1302 982 275
1329 942 1394 988 Τίς
1414 942 1453 982 δέ
1471 958 1517 981 κα
1547 941 1623 996 λῴη
1647 944 1811 995 γενέσθαι
1833 941 1883 995 μὴ
1912 941 2165 996 φθονούμενος,
2191 943 2305 998 φίλοι·

1329 1004 1435 1050 δῆλον
1451 1004 1497 1047 ὥς
1520 1002 1655 1056 ἄπηρος
1674 1002 1783 1047 οὐδείς
1805 1003 1874 1041 ἔσθ’
1900 1005 1917 1041 ὁ
1937 1002 1986 1054 μὴ
2008 1003 2250 1055 φθονούμενος.

1326 1061 1456 1116 τυφλὸν
1475 1061 1598 1110 ἠλέησ’
1622 1061 1705 1100 ἰδών
1729 1078 1780 1106 τις
1793 1092 1803 1111 ,
1824 1062 1993 1116 ἐφθόνησε
2018 1062 2046 1100 δ’
2063 1062 2140 1101 οὐδὲ
2157 1057 2220 1107 εἶς.

1382 1141 1500 1190 (Ibid.
1522 1142 1746 1191 XXXVIII,
1772 1155 1838 1180 21.
1868 1145 1928 1180 Vs.
1955 1141 2030 1189 275
2055 1142 2104 1185 τίς
2130 1142 2159 1180 δ’
2194 1143 2302 1194 ἔγκα-

1323 1198 1416 1248 λοίη.
1437 1202 1498 1238 Vs.
1522 1200 1598 1248 276
1614 1199 1747 1252 ἄπηρος
1767 1203 1971 1251 proposuit
1995 1202 2208 1240 Meinekius
2226 1215 2304 1252 pro

1323 1261 1476 1310 vulgata
1494 1261 1683 1310 scriptura
1706 1258 1794 1312 ἀνὴρ
1817 1259 1920 1312 γάρ.)

1323 1341 1439 1381 Οὐδὲν
1461 1345 1496 1382 ἓν
1515 1341 1600 1396 γαίᾳ
1622 1343 1745 1396 κλεινᾷ
1759 1343 1924 1394 γυναικὸς
1945 1342 2136 1396 βαρύτερον
2154 1344 2274 1383 πέλει·

1321 1395 1386 1441 οἶδ’
1412 1404 1430 1441 ὃ
1447 1402 1630 1456 συντυχὼν
1653 1402 1824 1455 βεὸαίως,
1846 1403 2022 1456 μακάριος
2051 1404 2080 1441 δ’
2103 1402 2138 1449 ὃς
2160 1405 2293 1457 ἀγνοεῖ,

1377 1479 1389 1531 (
1399 1481 1498 1518 Ibid.
1513 1482 1688 1527 LXVIII,
1706 1493 1742 1529 9.
1758 1481 1906 1518 Inserui
1919 1481 1969 1518 ad
1986 1482 2198 1531 explendos
2215 1495 2297 1520 ver·

1319 1554 1382 1578 sus
1395 1540 1587 1579 ἕν-πέλει
1605 1548 1643 1578 et
1659 1538 1850 1592 βεὸαίως.)

1238 1629 1293 1656 280
1321 1615 1374 1656 Τὸ
1395 1615 1431 1655 δὲ
1453 1622 1580 1669 γαμεῖν
1600 1615 1720 1669 ὅμοιόν
1742 1617 1818 1656 ἔστι
1838 1618 1888 1670 τῷ
1909 1616 1982 1670 τρὶς
2012 1616 2047 1663 ἓξ
2074 1616 2096 1665 ἢ
2118 1624 2210 1671 τρεῖς
2235 1620 2295 1658 κύ-

2216 1677 2296 1722 ὅους

1321 1734 1391 1774 ἀπὸ
1411 1735 1522 1788 τύχας
1541 1735 1679 1788 βαλεῖν·
1695 1733 1756 1773 ἐὰν
1774 1733 1837 1785 μὲν
1857 1734 1925 1788 γὰρ
1941 1734 2056 1788 λάὸῃς
2074 1676 2295 1788 τεταγξιέναν

1318 1797 1389 1838 τοῖς
1419 1795 1560 1848 τρόποις
1588 1794 1648 1833 καὶ
1680 1793 1783 1833 τᾶλλ’
1822 1793 1976 1844 ἄλυπον,
2006 1796 2212 1848 εὖτυχήσεις
2243 1799 2295 1850 τῷ

2137 1853 2292 1908 [γάμῳ·

1316 1913 1346 1951 εἷ
1370 1911 1406 1952 δὲ
1420 1911 1481 1962 καὶ
1503 1910 1680 1966 φιλέξοδόν
1694 1927 1733 1950 τε
1750 1911 1809 1950 καὶ
1823 1911 1930 1951 λάλον
1947 1911 2008 1950 καὶ
2026 1913 2158 1967 δαψιλῆ
2174 1943 2184 1962 ,

1315 1973 1354 2011 οὐ
1371 1973 1512 2024 γυναῖχ’
1527 1970 1629 2019 ἕξεις,
1647 1969 1704 2010 διὰ
1721 1969 1797 2023 βίου
1815 1971 1844 2008 δ’
1862 1971 2011 2023 ἀτυχίαν
2026 1971 2287 2024 κοσμουμέναν.

1370 2040 1380 2093 (
1398 2043 1496 2082 Ibid.
1516 2044 1660 2091 LXIX,
1688 2057 1750 2091 17.
1775 2041 2178 2095 τύχης-τεταγμένην
2190 2074 2201 2095 ,
2219 2059 2294 2095 pro

1315 2102 1456 2151 quibus
1476 2103 1611 2140 dorice
1630 2101 1740 2155 τύχας
1759 2111 1797 2140 et
1812 2101 2031 2154 τεταγμέναν
2045 2105 2192 2154 scripsi.
2209 2105 2221 2155 )

1233 2186 1288 2213 285
1318 2171 1508 2227 Σώφρονος
1520 2171 1685 2225 γυναικὸς
1705 2172 1813 2226 ἀρετὰ
1830 2172 1887 2212 τὸν
1909 2173 2059 2212 συνόντα
2083 2174 2133 2225 μὴ
2155 2174 2290 2215 ’δικεῒν.

1369 2256 1378 2308 (
1393 2256 1494 2293 Ibid.
1509 2257 1687 2304 LXXIV,
1706 2256 1768 2305 37.
1784 2255 1895 2308 ἄνδρα
1908 2258 2018 2294 omisi
2033 2271 2120 2295 cum
2135 2259 2292 2297 Valcke-

1310 2317 1431 2353 nario.
1446 2316 1457 2366 )

1310 2394 1390 2431 Οὐκ
1410 2390 1503 2431 ἔστιν
1523 2391 1635 2436 οὐδεὶς
1652 2392 1948 2444 ἀποδεδειγμένος
1970 2392 2095 2441 τόπος,

1311 2451 1346 2495 ὃς
1365 2451 1387 2498 ἢ
1408 2451 1582 2504 πονηροὺς
1602 2451 1737 2495 πάντας
1753 2451 1775 2498 ἢ
1796 2451 1975 2504 χρηστοὺς
1994 2459 2099 2491 ποιεῖ.

1223 2564 1432 2597 manifestum
1459 2567 1507 2597 est
1537 2564 1732 2597 incolumem
1755 2565 1917 2597 neminem
1939 2574 2030 2605 esse,
2051 2565 2104 2597 cui
2122 2574 2186 2598 non
2204 2566 2289 2599 invi-

2147 2625 2286 2668 [deatur.

1228 2685 1360 2716 caecum
1378 2683 1494 2725 aliquis
1520 2683 1726 2726 conspicatus
1741 2683 1963 2717 misericordia
1981 2687 2218 2727 commovetur,
2238 2685 2287 2718 in-

1865 2742 1965 2786 [vidia
1981 2752 2076 2776 nemo
2088 2744 2282 2785 tangitur.-

1225 2800 1310 2833 Niml
1328 2800 1362 2833 in
1377 2800 1496 2842 inclyta
1514 2802 1599 2844 terta
1613 2801 1747 2835 muliere
1764 2802 1895 2844 gravius
1910 2803 1959 2835 est
1974 2815 1982 2835 ε

1225 2861 1312 2892 certo
1328 2859 1397 2893 scio
1411 2861 1577 2902 expertus,
1594 2861 1668 2894 felix
1681 2861 1736 2895 ille
1752 2862 1808 2903 qui
1826 2862 2013 2904 ignorat.—

1226 2922 1369 2953 Uxorem
1387 2919 1505 2953 ducere
1518 2919 1603 2954 idem
1621 2929 1719 2962 prope
1732 2922 1781 2955 est
1795 2920 1886 2963 quod
1899 2922 1948 2954 ter
1961 2929 2053 2954 senas
2069 2923 2127 2955 aut
2142 2923 2208 2955 tres
2221 2922 2283 2954 tes-

2184 2980 2284 3023 [seras

1226 3039 1360 3072 fortuito
1370 3039 1477 3080 iacere
1493 3051 1501 3072 ε
1518 3048 1593 3072 nam
1609 3040 1636 3072 si
1653 3039 1867 3082 compositam
1887 3040 2032 3073 moribus

1225 3098 1388 3140 acceperis
1405 3107 1444 3132 ac
1459 3100 1576 3132 caetera
1595 3107 1661 3132 nou
1679 3099 1848 3137 molestam
1859 3123 1868 3140 ‚
1889 3099 1966 3132 felix
1982 3099 2190 3132 matrimonio
2203 3098 2283 3132 inito

2185 3158 2261 3202 [eris
2271 3168 2283 3199 3

1224 3215 1258 3248 at
1273 3215 1300 3247 si
1316 3215 1501 3257 frequenter
1516 3216 1688 3250 exeuntem
1711 3215 1809 3249 domo
1819 3239 1829 3257 ,
1846 3216 2014 3258 loquacem
2031 3217 2063 3248 et
2077 3216 2279 3248 sumtuosam

2111 3274 2257 3316 [duxeris
2271 3298 2279 3311 ,

1224 3342 1289 3366 non
1300 3343 1433 3367 uxorem
1445 3334 1590 3377 habebis,
1602 3334 1657 3368 sed
1668 3336 1818 3368 ornatum
1831 3343 1887 3376 per
1900 3335 1997 3367 vitam
2012 3334 2278 3366 intortunium.-

1225 3394 1322 3426 Bonae
1339 3394 1449 3427 uxoris
1466 3395 1569 3428 virtus
1583 3397 1634 3428 est
1649 3397 1897 3428 conversantem
1916 3394 2066 3426 maritum
2087 3402 2150 3425 non
2175 3391 2280 3424 offen·

1223 3453 1336 3486 Nullus
1349 3455 1399 3487 est
1418 3454 1508 3488 locus
1525 3463 1662 3496 usquam
1679 3454 1849 3495 delinitus,
2136 3451 2282 3493 [dere-—

1224 3512 1278 3555 qui
1295 3516 1350 3546 aut
1364 3514 1526 3556 improbos
1540 3523 1653 3547 omnes
1665 3514 1778 3548 reddat
1793 3514 1852 3547 aut
1866 3512 1993 3555 probos.

2142 3569 2174 3594 ιο
