2612 3814
282 298 360 332 440

1020 287 1299 328 HIEROCLlS
1327 285 1746 327 COMMENTARIUS

281 379 402 420 ἑαυτὸν
420 380 466 423 εἷς
486 378 547 426 τὴν
567 382 629 418 τοῦ
650 378 779 433 φονέως
796 377 974 431 ἐναρμόσῃ
992 377 1103 424 τάξιν.
1165 377 1237 418 Καὶ
1253 376 1344 429 γίνε-
1405 376 1464 415 τὸν
1489 375 1607 429 ἀγαθὰ
1626 374 1689 426 μὲν
1711 367 1798 414 εἶναι
1819 374 1935 414 πάντα
1965 374 2058 414 κατὰ
2079 374 2243 426 δύναμιν,
2275 378 2406 431 φαῦλον
2429 376 2467 417 δὲ

282 455 340 478 ται
356 438 605 492 προηγουμένη
628 438 691 490 μὲν
709 443 732 488 ἡ
750 437 843 477 κατὰ
862 441 922 477 τοῦ
943 437 1075 492 φονέως
1093 440 1190 492 αὐτῷ
1211 440 1338 493 ψῆφος·

281 498 376 538 κατὰ
397 497 625 550 συμὲεὸηκὸς
660 498 720 550 δέ,
754 500 776 545 ἡ
809 497 902 537 κατὰ
924 499 1024 537 τοῦδε
1052 502 1113 537 τοῦ
1145 498 1342 551 ἀνθρώπου,

283 558 340 597 ὅτι
360 557 450 597 ἑκὼν
469 558 578 598 ὑπέδυ
597 558 637 597 τὸ
653 562 714 598 τοῦ
734 557 864 612 φονέως
884 557 1086 609 πρόσωπον.
1126 558 1198 597 Καὶ
1219 557 1341 603 πάλιν,

286 619 304 656 6
325 616 475 670 πονηρὸς
495 616 675 670 ἄνθρωπος
690 621 852 671 φονεῦσαι
874 616 938 667 μὲν
954 616 1147 665 ἦὸούλετο,
1166 617 1283 656 δοῦναι
1309 616 1344 654 δὲ

288 677 347 715 ἐπὶ
366 677 481 727 τούτῳ
498 676 596 721 δίκας
615 680 678 716 οὐκ
706 676 844 724 ἤθελεν.
902 675 1019 715 “stete
1043 676 1104 714 καὶ
1134 676 1192 714 ἐπὶ
1222 673 1344 714 τούτου

282 736 461 788 γίγνεσθαι
481 736 751 789 προηγουμένην
768 735 831 786 μὲν
852 734 918 783 τὴν
940 735 1085 789 φονικὴν
1106 735 1260 774 διάθεσιν
1275 766 1285 785 ,
1299 738 1346 779 ὡς

284 796 356 836 ἀπὸ
373 799 435 835 τοῦ
456 795 678 841 αὖτεξουσίου
699 798 759 842 τῆς
776 797 894 848 ψυχῆς
911 794 1128 847 ἠρτημένην·
1142 795 1234 833 κατὰ
1253 810 1344 844 συμ-

284 854 434 903 ὅεόηκὸς
455 854 490 892 δὲ
505 855 751 894 ἐπακολουθεῖν
775 853 838 898 τὰς
851 854 909 893 ἐπὶ
923 853 1033 906 ταύτῃ
1055 853 1289 908 στρεὸλώσεις
1309 870 1346 893 τε

283 913 344 952 καὶ
362 913 490 958 αἰκίας.
510 912 654 953 Τούτων
675 913 710 951 δὲ
725 912 866 951 πάντων
885 911 993 957 αἴτιος
1011 915 1029 952 6
1045 911 1164 964 νόμος,
1183 915 1201 951 6
1215 913 1277 951 καὶ
1297 915 1347 966 τῷ

287 975 433 1026 δικαστῇ
445 972 508 1020 τὴν
523 973 726 1026 προαίρεσιν
742 976 803 1012 τοῦ
817 972 977 1018 κολάζειν
997 971 1077 1018 τοὺς
1090 973 1241 1026 φαύλους
1258 975 1347 1012 ἐντι-

285 1032 375 1081 θείς,
393 1030 452 1069 καὶ
466 1034 515 1084 τῷ
539 1034 636 1085 φονεῖ
655 1031 719 1079 τὴν
737 1031 890 1084 τιμωρὸν
911 1033 1027 1086 ψῆφον
1048 1031 1208 1084 ἐπάγων.
1226 1032 1348 1071 Ταῦτὸ

287 1090 328 1138 δή
362 1106 421 1142 μοι
451 1094 553 1129 τοῦτο
578 1092 639 1129 καὶ
668 1090 728 1130 ἐπὶ
757 1093 819 1138 τῆς
844 1090 940 1135 θείας
963 1091 1172 1134 ἐπιστασίας
1195 1090 1347 1142 λογίζου·

287 1148 523 1203 προαιρέσεως
556 1149 779 1203 ἀνθρωπίνης
810 1152 939 1204 δρᾶσαι
972 1150 1066 1189 κακὰ
1097 1150 1348 1203 βουληθείσης,

289 1209 345 1250 καὶ
371 1209 610 1262 προαιρέσεως
637 1210 893 1263 νομοφυλάκων
923 1210 1100 1248 δικαστῶν
1138 1210 1349 1262 ἐπανορθοῦ-

292 1272 366 1309 εθαι
386 1267 430 1306 τὰ
447 1267 540 1308 κακὰ
560 1268 659 1321 πάσῃ
677 1273 822 1322 μηχανῇ
843 1269 1091 1322 πειρωμένης,
1114 1268 1178 1316 τὴν
1204 1269 1349 1321 συνδρο-

287 1327 358 1380 μὴν
387 1327 571 1378 δαιμονίαν
594 1327 705 1380 τύχην
727 1329 931 1377 ἀποτελεῖν,
959 1329 1038 1368 καθ’
1058 1327 1101 1376 ἢν
1124 1329 1143 1367 ὅ
1161 1326 1207 1366 τὰ
1231 1327 1350 1366 τοιάδε

287 1387 514 1442 εἰργασμένος
534 1390 602 1427 τῶν
624 1391 767 1428 τοιῶνδε
787 1390 924 1441 γίνεται
955 1389 1049 1435 ἄξιος
1068 1387 1350 1441 τιμωρημάτων·

287 1451 349 1487 τοῦ
383 1447 447 1500 μὲν
467 1451 692 1501 προῃρῆσθαι
713 1448 757 1488 τὰ
774 1450 891 1503 φαῦλα
919 1450 966 1494 εἷς
982 1448 1023 1488 τὸ
1047 1447 1268 1494 αὐτεξούσιον
1288 1450 1350 1488 τοῦ

288 1508 492 1561 κρινομένου
514 1507 577 1556 τὴν
607 1507 722 1547 αἰτίαν
744 1508 996 1562 ἀναφέροντος,
1018 1513 1082 1548 τοῦ
1115 1509 1151 1548 δὲ
1180 1508 1351 1559 ἑπομένου

287 1569 332 1620 τῇ
350 1565 430 1619 ἀξία
450 1567 701 1620 τιμωρήματος
715 1569 763 1612 εἷς
781 1568 846 1615 τὴν
859 1570 929 1607 τῶν
945 1567 1135 1621 κρινόντων
1149 1569 1353 1622 νομοφυλα-

288 1626 392 1674 κικὴν
405 1625 534 1673 ε’πιστή
539 1639 622 1676 μην·
638 1626 770 1665 τούτων
789 1626 825 1665 δὲ
834 1627 1042 1679 συναγωγέα
1056 1620 1145 1666 εἶναι
1162 1627 1220 1665 τὸν
1231 1627 1352 1679 νόμον,

1409 435 1518 487 μηδὲν
1535 428 1636 482 εἶναι,
1656 433 1944 486 διατεταγμένον.
1961 428 2075 478 Οὗτος
2100 432 2169 486 γὰρ
2188 435 2415 488 προῦφεστὼς
2430 437 2468 475 ἰν

1406 497 1449 547 τῇ
1470 497 1531 532 τοῦ
1551 496 1629 532 θεοῦ
1663 492 1858 545 ἀγαθότητι
1886 494 1949 533 οὔκ
1982 495 2022 544 ἐᾷ
2043 493 2247 539 ἀνευθύνους
2266 488 2356 534 εἶναι
2385 495 2466 541 τοὺς

1406 553 1560 603 κακούς,
1594 552 1652 593 ἵνα
1680 554 1730 606 μὴ
1760 553 1911 605 ἐμμένον
1935 553 1983 592 ’τὸ
2012 555 2121 595 κακὸν
2150 556 2198 599 εἷς
2237 556 2470 605 ἀναισθησίαν

1407 614 1564 659 παντελῆ
1598 614 1668 651 τῶν
1690 614 1831 664 ἀγαθῶν
1862 612 1992 666 ἐλάσῃ,
2017 607 2150 662 ‹iiior-hv
2171 614 2367 668 ἀναγκαίαν
2386 614 2476 655 67:6-

1408 687 1537 724 μνησιν
1556 675 1578 720 ἠ
1599 670 1698 725 παρὰ
1717 674 1786 711 τῶν
1800 672 2054 726 νομοφυλάκων
2076 672 2155 721 δίκη
2167 678 2329 727 χορηγεῖ.
2353 674 2473 714 Συνά-

1407 747 1462 784 γει
1482 725 1542 770 οἷν
1562 733 1580 769 6
1598 730 1726 782 νόμος,
1749 732 1797 775 ὡς
1815 730 1973 784 εἴρηται,
1993 731 2074 776 τοὺς
2097 733 2297 786 πεφυκότας
2311 732 2442 788 κρίνειν
2457 763 2469 784 ,

1408 791 1468 830 καὶ
1484 789 1563 834 τοὺς
1579 790 1779 844 πεφυκότας
1798 789 2013 830 κακύνεσθαι
2027 822 2037 842 ,
2056 792 2100 830 δι’
2123 791 2334 846 ἀμφοτέρων
2354 793 2394 833 τὸ
2415 794 2476 832 οἰ-

1409 857 1503 891 κεῖον
1537 850 1820 904 ἀπεργαζόμενος
1851 852 1997 904 ἀγαθόν.
2094 853 2139 892 Εἰ
2170 852 2240 907 γὰρ
2275 853 2316 894 τὸ
2341 854 2475 893 διδόναι

1411 911 1512 958 δίκην
1543 914 1605 950 τοῦ
1633 910 1683 963 μὴ
1705 910 1839 951 διδόναι
1870 912 1943 950 ἐστὶ
1967 911 2269 966 λυσιτελέστερον,
2298 914 2361 953 καὶ
2387 912 2474 968 πρὸς

1411 971 1655 1024 σωφρονισμὸν
1674 974 1735 1019 τῆς
1764 970 1935 1024 ἀμετρίας
1954 973 2024 1010 τῶν
2045 974 2164 1011 κακῶν
2185 975 2208 1021 ἠ
2225 972 2306 1022 δίκη
2325 972 2472 1026 βλέπει,

1409 1031 1514 1078 δῆλον
1530 1030 1584 1070 ὅτι
1598 1030 1685 1083 πρὸς
1701 1030 1742 1069 τὸ
1759 1031 1906 1083 ὠφελεῖν
1930 1030 1990 1070 καὶ
2015 1031 2227 1084 ὠφελεῖσθαι
2252 1031 2473 1086 συνήρμοσεν

1409 1092 1427 1129 6
1444 1089 1550 1141 νόμος
1565 1088 1612 1129 τὰ
1631 1088 1692 1129 δύο
1714 1093 1829 1129 ταῦτα
1849 1089 1946 1143 γένη·
1967 1090 2006 1129 τὸ
2027 1094 2091 1142 μὲν
2113 1090 2284 1145 κριτικόν,
2302 1094 2351 1138 ὡς
2369 1107 2476 1144 νομο-

1410 1149 1606 1203 φυλακικόν
1619 1180 1630 1198 ,
1662 1154 1722 1189 τοῦ
1743 1151 1862 1204 ἑτέρου
1898 1149 2085 1204 προτάξας·
2119 1151 2160 1190 τὸ
2189 1151 2226 1191 δὲ
2258 1151 2476 1205 ἁμαρτάνειν

1411 1210 1471 1250 καὶ
1492 1210 1671 1263 κρίνεσθαι
1690 1210 1864 1263 πεφυκός,
1894 1213 1941 1255 ὣς
1960 1210 2273 1264 παρανομητικόν,
2293 1213 2344 1266 τῷ
2365 1211 2479 1263 ἀμεί-

1409 1286 1483 1309 νονι
1502 1269 1681 1324 παραδοὺς
1694 1269 1811 1322 γένει,
1833 1270 1927 1310 κατὰ
1945 1269 2008 1318 τὴν
2030 1271 2130 1316 ἀξίαν
2147 1271 2235 1311 αὐτὸ
2267 1271 2477 1328 μεταχειρί-

1410 1331 1551 1376 ζεσθαι,
1568 1327 1663 1373 ὅπως
1683 1328 1724 1368 ἂν
1746 1331 1794 1374 εἰς
1822 1330 2022 1380 ἀνάμνησιν
2050 1330 2111 1369 καὶ
2131 1329 2265 1370 ἔννοιαν
2287 1330 2371 1383 ἔλθῃ
2390 1330 2476 1371 ποτὶ

1411 1392 1473 1428 τοῦ
1506 1388 1612 1440 νόμου
1625 1418 1636 1437 ,
1671 1390 1715 1428 δι’
1737 1383 1777 1428 οὗ
1814 1390 1948 1443 πάσχει
1980 1392 2113 1433 κακῶς.
2172 1388 2242 1429 *ov
2260 1387 2330 1442 γὰρ
2363 1390 2399 1428 ἕν
2427 1391 2481 1442 τῷ

1411 1448 1580 1502 πράττειν
1601 1450 1720 1493 κακῶς
1753 1450 1995 1501 ἀπηρνοῦντο,
2033 1452 2154 1488 τοῦτον
2182 1449 2218 1487 ἐν
2244 1451 2296 1502 τῷ
2325 1447 2479 1502 πάσχειν

1412 1510 1530 1552 κακῶς
1551 1509 1777 1548 ἐπιποθοῦσιν
1804 1511 1836 1548 οἳ
1863 1509 2053 1562 ἄνθρωποι.
2109 1500 2213 1555 Οἶον,
2246 1510 2265 1547 6
2286 1508 2417 1548 ἀδικῶν
2438 1509 2478 1547 οὗ

1414 1567 1578 1621 βούλεται
1596 1561 1686 1606 εἶναι
1702 1568 1778 1608 θεόν
1793 1599 1804 1619 ,
1824 1566 1883 1606 ἵνα
1906 1568 1956 1619 μὴ
1978 1568 2017 1607 τὸ
2038 1566 2171 1606 διδόναι
2195 1566 2316 1615 δίκην,
2333 1568 2483 1621 ὧσπερ-

1414 1626 1444 1666 εί
1479 1642 1557 1665 τινα
1589 1627 1777 1667 Ταντάλου
1811 1627 1933 1676 λίθον,
1962 1625 2249 1679 ἐπικρεμάμενον
2285 1624 2367 1679 ἔχῃ·
2396 1627 2415 1664 6
2445 1625 2483 1665 δὲ

291 1761 404 1797 ctiam
427 1759 477 1795 ad
496 1766 671 1796 nostrum
698 1759 898 1795 arbitrium
921 1767 1000 1796 tota
1021 1760 1098 1796 vita
1118 1773 1139 1796 a
1159 1760 1272 1796 nobis
1296 1761 1356 1796 in-

291 1821 471 1856 stituatur
497 1832 505 1854 :
545 1819 612 1855 sed
639 1831 879 1868 quaecunque
905 1831 1110 1869 peccamus
1135 1822 1174 1855 in
1195 1820 1240 1856 iis
1275 1832 1358 1868 quae

291 1880 413 1916 nostri
435 1886 524 1915 sunt
557 1878 733 1925 arbitrii,
757 1891 801 1915 ea
837 1879 887 1916 ad
921 1878 1159 1916 voluntatem
1185 1887 1356 1916 nostram

293 1938 524 1982 reserantur,
548 1944 585 1973 et
615 1950 856 1987 quaecunque
887 1945 1102 1988 sequuntur
1119 1946 1278 1988 peccata
1298 1951 1355 1976 se-

293 1997 465 2034 cundum
483 1996 642 2044 justitiae
663 1998 785 2046 leges,
811 2010 854 2035 ea
874 1998 955 2035 fato
975 1998 1237 2048 ascribantur;
1253 1998 1356 2035 bona

294 2063 422 2093 autem
443 2058 507 2094 illa
521 2085 531 2102 ,
556 2069 639 2106 quae
655 2070 676 2093 a
698 2059 780 2094 Deo
800 2071 847 2095 ex
866 2058 1040 2107 professo
1060 2058 1212 2106 dantur,
1224 2060 1358 2108 provi·

295 2116 434 2153 dentiae
467 2116 704 2162 debeantur3
726 2117 823 2153 nihil
855 2130 949 2154 vero
966 2144 977 2164 ,
1013 2118 1120 2167 quod
1154 2120 1193 2154 in
1229 2131 1358 2156 rerum

295 2183 431 2213 natura
452 2177 661 2225 reperitur,
696 2177 745 2213 ad
768 2189 897 2214 casum
932 2185 970 2215 et
1002 2179 1197 2215 fortunam
1231 2187 1358 2215 ortum

294 2249 405 2272 suum
432 2235 597 2282 referat,
621 2237 700 2272 imo
734 2249 807 2274 nec
839 2250 974 2274 eorum
1006 2238 1215 2287 quidquam
1231 2267 1245 2287 ,
1265 2251 1359 2288 -quae

296 2295 413 2343 fiunt,
435 2297 507 2332 nisi
541 2295 642 2332 forte
675 2309 721 2332 ex
759 2305 899 2334 eventu
931 2305 970 2334 et
1007 2310 1053 2334 ex
1094 2297 1360 2348 implicatione

297 2367 430 2392 eorum
441 2384 451 2401 ,
470 2367 554 2404 quae
573 2355 824 2404 providentia
840 2363 878 2392 et
893 2356 1015 2392 fatum
1031 2364 1069 2393 et
1089 2358 1264 2394 voluntas
1281 2359 1359 2406 pri-

297 2415 411 2451 mitus
432 2421 570 2462 agunt,
589 2414 789 2450 fortuitum
813 2414 910 2451 illud
929 2416 1075 2464 primas
1094 2416 1177 2452 illas
1193 2415 1362 2453 efficien-

299 2481 352 2510 tes
372 2486 499 2510 causas
519 2474 773 2522 subsequitur.
796 2475 969 2524 Exempli
984 2476 1128 2524 gratia3
1148 2476 1232 2512 vult
1240 2475 1361 2523 judex

299 2533 534 2570 homicidam
554 2534 711 2582 punire,
756 2534 823 2570 sed
849 2546 929 2571 non
958 2535 1110 2572 huncce
1136 2535 1357 2581 bominem,

299 2593 410 2641 punit
431 2604 523 2628 vero
556 2599 594 2628 et
624 2592 729 2629 hunc
745 2621 756 2640 ,
779 2605 894 2641 quem
915 2594 1095 2639 nolebat,
1129 2607 1247 2643 quum
1282 2596 1361 2644 ipse

299 2651 503 2687 homicidae
523 2652 651 2688 locum
673 2659 710 2688 et
730 2653 992 2690 conditionem
1010 2655 1195 2691 assumsit.
1214 2655 1271 2691 Ac
1287 2656 1362 2704 pri-

301 2711 423 2747 maria
443 2711 602 2759 quidem
631 2709 712 2758 ejus
742 2713 931 2748 sententia
954 2719 1009 2749 est
1038 2720 1174 2750 contra
1193 2714 1362 2750 homici-

303 2770 390 2806 dam
406 2799 416 2816 ,
435 2782 481 2806 ex
500 2776 638 2806 eventu
658 2777 783 2807 autem
805 2779 940 2808 contra
968 2772 1117 2809 huncce
1142 2772 1360 2819 hominem,

303 2829 394 2878 quia
426 2836 563 2878 sponte
614 2841 680 2865 sua
708 2830 912 2867 homicidae
948 2843 1154 2881 personam
1185 2834 1362 2882 suscepit.

302 2888 446 2926 Contra
466 2886 608 2923 caedem
624 2887 782 2935 quidem
795 2895 951 2938 patrare
972 2889 1175 2926 sceleratus
1193 2890 1362 2936 volebat,

302 2947 370 2985 sed
389 2947 503 2995 hujus
530 2959 663 2997 poenas
684 2947 776 2984 dare
802 2948 961 2984 nolebat
984 2961 992 2984 :
1031 2948 1129 2985 adeo
1158 2950 1260 2985 utin
1288 2950 1363 2986 hoc

303 3007 418 3045 etiam
435 3007 670 3056 praecesserit
690 3008 904 3043 truculenta
926 3007 1081 3043 affectio
1098 3008 1301 3045 homicidae
1318 3021 1363 3045 ex

305 3068 421 3104 animi
436 3067 614 3104 libertate
633 3066 823 3115 pendens,
840 3078 886 3102 ex
903 3074 1042 3103 eventu
1061 3079 1155 3104 vero
1174 3075 1364 3105 tormenta

305 3135 343 3164 et
362 3127 545 3173 verbera,
569 3139 653 3175 quae
686 3126 725 3162 in
749 3126 822 3162 hac
849 3125 1024 3163 accidere
1058 3127 1203 3172 solent,
1232 3127 1364 3165 subse-

307 3194 398 3224 cuta
417 3188 503 3224 sint.
536 3189 689 3224 Horum
718 3191 842 3223 autem
865 3186 1036 3222 omnium
1061 3198 1173 3223 causa
1199 3194 1253 3223 est
1274 3188 1334 3224 lex
1350 3216 1361 3235 ‚

307 3258 391 3294 quae
410 3253 447 3283 et
463 3246 587 3294 judici
614 3246 852 3282 voluntatem
870 3245 1070 3295 improbos
1097 3247 1284 3295 puniendi
1305 3249 1364 3283 in-

307 3305 383 3352 dit,
400 3313 438 3342 et
450 3305 652 3342 homicidae
669 3305 899 3354 supplicium
921 3305 1109 3343 decernit.
1126 3305 1235 3342 Idem
1251 3305 1365 3355 plane

308 3365 356 3402 de
378 3366 542 3415 imperio
571 3366 686 3402 etiam
706 3364 838 3400 divino
862 3365 1026 3408 sentias,
1052 3376 1170 3412 quum
1190 3365 1367 3402 voluntas

308 3424 476 3461 humana
494 3424 700 3461 sceleribus
729 3423 976 3460 admittendis
995 3423 1139 3459 intenta
1167 3424 1232 3469 sit‘,
1255 3423 1365 3471 judi-

309 3497 397 3520 cum
417 3492 545 3522 autem
564 3485 657 3534 legis
677 3483 880 3522 custodum
902 3484 1078 3520 voluntas
1096 3484 1238 3521 scelera
1257 3485 1364 3521 omni

307 3543 427 3581 modo
454 3546 649 3595 corrigere
681 3550 859 3590 conetur,
898 3556 944 3581 ex
965 3555 1095 3581 earum
1120 3555 1250 3581 rerum
1272 3556 1365 3581 con-

1419 1772 1537 1797 cursu
1571 1758 1671 1796 effici
1702 1760 1867 1796 divinam
1889 1760 1994 1796 illam
2014 1757 2236 1805 sor-tunam,
2269 1757 2482 1796 secundum

1419 1832 1532 1867 quam
1551 1820 1580 1855 is
1612 1819 1679 1868 qui
1702 1820 1791 1856 talia
1819 1819 1993 1865 admisit,
2015 1819 2154 1856 talibus
2178 1818 2304 1868 poenis
2340 1817 2480 1868 dignus

1418 1878 1461 1915 fit
1484 1892 1493 1915 :
1518 1878 1733 1929 (malorum
1759 1880 2009 1916 consiliorum
2031 1890 2181 1915 causam
2212 1890 2280 1915 reo
2309 1877 2358 1915 ad
2382 1877 2479 1915 libe·
2537 1890 2544 1902 ‘

1419 1952 1506 1975 rum
1541 1938 1746 1975 arbitrium
1778 1938 1983 1984 referente,
2019 1938 2157 1975 debitae
2199 1944 2329 1974 autem
2361 1949 2485 1988 poenae

1417 2000 1538 2036 scelus
1553 2006 1691 2036 secutae
1711 1999 1760 2036 ad
1773 1997 1951 2046 judicum
1964 1999 2004 2034 in
2025 1998 2173 2047 legibus
2194 1997 2346 2034 tuendis
2361 1998 2485 2034 scien·

1418 2059 1556 2108 tia1n;)
1587 2059 1730 2095 horum
1760 2071 1855 2095 vero
1891 2058 2193 2095 conciliatricem
2224 2069 2303 2094 esse
2334 2057 2482 2108 legem,

1420 2131 1504 2167 quae
1517 2118 1666 2163 statuit,
1686 2125 1730 2154 ut
1747 2118 1874 2154 omnia
1885 2145 1895 2163 ,
1912 2124 2101 2166 quantum
2121 2115 2205 2153 fieri
2218 2123 2362 2166 potest,
2380 2116 2485 2153 bona

1390 2209 1397 2222 ,
1419 2179 1513 2223 sint,
1542 2177 1684 2214 malum
1706 2183 1834 2213 autem
1855 2177 1966 2214 nihil.
1993 2177 2084 2213 Haee
2106 2176 2207 2211 enim
2229 2187 2351 2224 quum
2374 2174 2486 2212 antea

1419 2238 1456 2272 in
1476 2237 1546 2273 Dei
1566 2237 1738 2272 bonitate
1758 2235 1875 2272 fuerit
1890 2263 1900 2281 ‚
1920 2247 2002 2271 non
2029 2235 2117 2271 sinit
2138 2234 2284 2270 inultos
2307 2245 2385 2271 esse
2403 2246 2485 2271 ma-

1419 2297 1497 2342 los,
1530 2308 1578 2332 ne
1597 2296 1740 2332 malum
1771 2307 2001 2344 permanens
2033 2294 2083 2331 ad
2113 2306 2268 2331 omnem
2286 2293 2486 2331 bonorum

1419 2367 1568 2392 sensum
1583 2353 1901 2404 exstinguendum
1920 2353 2211 2403 progrediatur,
2236 2365 2405 2402 quorum
2420 2365 2485 2390 re-

1421 2414 1686 2451 cordationem
1705 2426 1829 2463 poenae
1860 2425 1933 2463 per
1952 2413 2083 2462 legum
2117 2413 2290 2449 vindices
2311 2412 2487 2449 sontibus

1420 2475 1595 2524 irrogatae
1603 2474 1852 2511 necessariam
1867 2472 2052 2510 reddunt.
2068 2474 2149 2509 Lex
2166 2473 2299 2522 igitur,
2314 2472 2372 2508 uti
2388 2471 2487 2508 dixi-

1421 2547 1524 2581 mus,
1538 2533 1689 2581 judices
1710 2533 1824 2569 simul
1841 2546 1929 2569 cum
1950 2532 2203 2582 peccantibus
2223 2531 2373 2568 inducit
2386 2559 2399 2580 ‚
2415 2542 2487 2581 pcr

1420 2600 1606 2642 utrosque
1627 2593 1773 2629 bonum
1791 2592 1865 2628 sibi
1889 2592 2095 2641 proprium
2116 2590 2298 2630 efficiens.
2313 2589 2355 2628 Si
2384 2590 2487 2627 enim

1421 2666 1553 2702 poenas
1575 2653 1667 2690 dare
1687 2665 1817 2702 quam·
1834 2665 1916 2689 non
1938 2652 2031 2688 dare
2058 2651 2189 2687 utilius
2221 2657 2276 2688 est
2312 2657 2350 2688 et
2372 2662 2488 2700 poena

1422 2714 1472 2750 ad
1492 2713 1760 2763 corrigendam
1785 2713 1976 2749 malorum
2013 2712 2283 2748 enormitatem
2315 2716 2486 2760 spectat,

1421 2772 1663 2810 manifestum
1699 2780 1773 2819 est,
1794 2773 1919 2822 legem
1952 2772 2031 2808 duo
2052 2772 2122 2808 ista
2145 2782 2285 2820 genera
2298 2798 2309 2817 ‚
2325 2770 2487 2807 alterum

1422 2840 1466 2869 ut
1489 2831 1600 2883 juvet
1615 2861 1627 2882 ‚
1658 2833 1821 2869 alterum
1848 2840 1892 2869 ut
1914 2831 2086 2880 juvetur,
2109 2829 2368 2880 conjungere,
2387 2841 2487 2878 quo-

1422 2893 1523 2929 niam
1545 2891 1641 2928 illud
1672 2891 1829 2940 quidem
1859 2891 1966 2940 quod
1990 2890 2161 2938 judicat,
2193 2896 2375 2937 tanquam
2391 2888 2489 2939 legis

1425 2952 1646 2998 custodem,
1676 2951 1785 2987 alteri
1817 2950 2007 2999 praefecit,
2041 2949 2083 2985 id
2107 2960 2200 2985 vero
2221 2945 2329 2996 quod
2348 2953 2486 2984 natura

1425 3018 1689 3060 comparatum
1715 3016 1771 3045 est
1795 3011 1839 3045 ut'
1857 3015 1993 3058 peccet
2009 3015 2123 3055 atque
2147 3005 2362 3055 judicetur,
2380 3017 2487 3055 prae-

1425 3068 1600 3107 stantiori
1618 3068 1798 3113 tradidit,
1817 3075 1862 3104 ut
1882 3069 2005 3116 ipsum
2019 3094 2029 3112 ‚
2052 3073 2236 3114 tanquam
2251 3065 2343 3114 legis
2360 3064 2487 3102 viola-

1426 3136 1547 3166 torem
1562 3156 1572 3174 ,
1593 3140 1669 3177 pro
1690 3127 1829 3163 merito
1846 3132 2002 3170 tractet,
2022 3137 2067 3161 co
2090 3121 2250 3162 consilio
2283 3131 2327 3160 ut
2348 3123 2486 3174 legem,

1426 3201 1495 3238 per
1511 3199 1627 3237 quam
1646 3186 1755 3222 malis
1766 3184 1948 3230 afficitur,
1971 3185 2011 3220 in
2030 3183 2258 3219 memoriam
2276 3181 2487 3232 aliquando

1425 3255 1670 3295 mentemque
1691 3252 1856 3282 revocet.
1874 3244 1996 3292 Quam
2011 3245 2108 3280 enim
2119 3274 2130 3292 ,
2148 3255 2267 3292 quum
2282 3242 2383 3279 male
2396 3253 2488 3292 age-

1426 3307 1539 3353 bant,
1570 3306 1747 3343 homines
1775 3304 2052 3353 repudiabant,
2090 3315 2172 3340 eam
2187 3331 2199 3352 ,
2229 3314 2350 3351 quum
2383 3300 2487 3338 mala

1425 3368 1637 3416 patiuntur,
1656 3371 1854 3415 expetunt.
1873 3364 2048 3413 Exempli
2066 3363 2187 3413 gratia
2200 3390 2210 3409 ,
2228 3362 2295 3412 qui
2307 3359 2486 3409 injuriam

1426 3426 1518 3463 facit
1546 3438 1628 3462 non
1655 3425 1738 3461 vult
1766 3425 1889 3461 Deum
1920 3435 2024 3471 esse,
2056 3435 2105 3459 ne
2124 3422 2356 3467 vindictam,
2381 3420 2487 3457 velut

1427 3485 1577 3521 Tantali
1592 3496 1724 3520 saxum
1734 3511 1745 3530 ,
1763 3495 1914 3532 semper
1929 3482 2000 3518 sibi
2021 3480 2305 3530 impendentem
2318 3478 2484 3522 babeat;

1428 3551 1468 3580 at
1486 3544 1516 3580 is
1537 3544 1605 3593 qui
1624 3543 1764 3592 injuria
1787 3541 1953 3579 afficitur
1971 3543 2094 3578 Deum
2118 3541 2202 3576 vult
2217 3552 2315 3585 esse,
2343 3546 2386 3575 ut
2406 3537 2486 3586 ejus
