2612 3814
292 290 366 325 858

367 380 480 419 κριτος
497 363 721 414 κεκομικέναι
740 360 802 406 τὰς
830 361 1055 414 παραμυθίας
1068 377 1076 386 ·
1095 360 1187 406 ἔδοξε
1209 361 1244 400 δὲ
1277 361 1335 400 καὶ

368 424 521 462 Πλάτων
548 424 655 469 αὐτῆς
675 423 709 459 ἐν
731 420 875 473 Τιμαίῳ
905 421 1186 473 παρεψαυκέναι·
1216 420 1292 459 ἀλλ’
1319 422 1337 458 ὁ

367 481 430 532 μὲν
446 482 665 534 Δημόκριτος
685 480 742 518 ἐπί
763 496 802 519 τε
822 482 890 518 τῶν
911 479 1079 532 ἐμψύχων
1101 479 1159 517 καὶ
1190 479 1336 532 ἀψύχων

366 540 484 588 ἵστησι
500 540 556 579 τὸν
570 539 686 591 λόγον.
708 537 795 578 Καὶ
815 538 893 589 γὰρ
916 541 1022 587 ζῶα,
1043 537 1165 591 φησίν,
1181 540 1335 589 ὁμογε-

364 601 457 640 νέσι
482 599 632 646 ζώοισι
658 599 1030 649 ξυναγελάζεται,
1061 601 1112 641 ὡς
1136 613 1336 649 περιστε-

367 660 774 713 ραὶπεριστερῇσι,
794 657 1334 710 καὶγέρανοιγεράνοισι,

365 719 435 758 καὶ
457 719 529 759 ἐπὶ
548 721 631 757 τῶν
648 718 797 757 ἄλλων
820 716 1006 767 ἀλόγων.
1031 714 1239 754 Ὡσαύτω
1255 731 1269 758 ς
1290 715 1333 753 δὲ

363 778 559 830 καὶπερὶ
581 779 665 815 τῶν
687 775 860 828 ἀψύχων
878 790 886 798 ·
904 773 1107 826 κατάπερ
1127 775 1236 826 ὁρῇν
1254 772 1335 811 πά-

365 851 484 888 ρεστι
511 835 582 875 ἐπί
602 850 647 873 τε
666 836 751 873 τῶν
774 831 1173 882 κοσκινευομένων
1204 847 1334 884 σπερ-

302 917 307 922 ·
363 895 532 946 μάτων,
550 893 626 932 καὶ
645 892 720 932 ἐπὶ
739 895 821 930 τῶν
849 890 971 943 παρὰ
990 894 1094 942 τῇσι
1127 907 1332 943 κυματω-

361 957 464 1005 γῇσι
493 952 704 1005 ψηφίδων·
741 950 847 989 ὅκου
888 949 962 1001 μὲν
1000 949 1082 1002 γὰρ
1116 949 1228 988 κατὰ
1259 951 1332 988 τὸν

359 1016 437 1051 τοῦ
467 1011 677 1050 κοσκίνου
713 1011 828 1048 δῖνον
857 1010 1159 1062 διακριτικῶς
1191 1011 1332 1062 φακοὶ

359 1071 472 1122 μετὰ
492 1073 641 1123 φακῶν
673 1069 923 1110 τάσσονται
950 1069 1026 1108 καὶ
1054 1070 1202 1122 κριθαὶ
1224 1069 1332 1121 μετὰ

357 1129 544 1184 κριθέων
575 1127 927 1182 καὶπυροὶμετὰ
956 1131 1126 1181 πυρῶν·
1155 1127 1262 1168 ὅκου
1290 1129 1332 1167 δὲ

356 1188 473 1228 κατὰ
494 1188 575 1236 τὴν
598 1192 674 1227 τοῦ
707 1188 915 1239 κύματος
950 1187 1131 1235 κίνησιν
1162 1189 1208 1226 αἱ
1247 1186 1329 1239 μὲν

358 1248 606 1299 ἐπιμήκεες
636 1249 825 1301 ψηφῖδες
846 1248 904 1290 εἷς
923 1247 997 1286 τὸν
1030 1247 1163 1286 αὐτὸν
1194 1247 1328 1286 τόπον

356 1311 464 1360 τ’ᾔσι
483 1308 731 1359 ἐπιμήκεσι
763 1306 1006 1356 ὠθέονται,
1030 1308 1071 1345 αἱ
1094 1306 1135 1345 δὲ
1157 1322 1329 1361 περιφε-

358 1366 453 1418 ρὲες
484 1371 584 1420 τῇσι
609 1382 660 1405 πε
675 1366 903 1420 ριφερέσι·
923 1369 981 1410 ὡς
1004 1365 1052 1404 ἂν
1069 1366 1328 1420 ξυναγωγόν

355 1441 397 1464 τι
420 1427 614 1479 ἐχούσης
634 1429 720 1466 τῶν
751 1424 1031 1478 πρηγμάτων
1060 1429 1139 1474 τῆς
1160 1427 1204 1464 ἐν
1228 1425 1330 1464 τού-

357 1500 472 1524 τοισι
506 1485 784 1536 ὁμοιότητος.
843 1483 935 1523 Ἀλλ’
962 1486 981 1522 ὁ
1016 1484 1079 1535 μὲν
1109 1484 1330 1538 Δημόκριτος

357 1543 478 1588 οὕτως.

411 1604 540 1653 (Sext.
582 1604 772 1655 Empiric.
809 1603 899 1642 adv.
934 1603 1116 1643 Mathem.
1149 1603 1219 1642 lib.
1254 1603 1326 1641 Vll

356 1663 378 1712 §
405 1664 475 1700 116
491 1672 530 1701 et
550 1678 635 1711 117,
654 1676 743 1715 pag.
765 1662 839 1712 395
862 1662 923 1701 ed.
946 1662 1126 1712 Fabi-ic.)

300 1734 330 1761 ³.
355 1721 574 1774 Δημόκριτος
593 1722 629 1761 δὲ
655 1721 783 1760 εἴδωλά
803 1720 881 1759 τινά
906 1736 1011 1776 φησιν
1030 1721 1239 1773 ἐμπελάζειν
1257 1722 1327 1766 τοῖς

353 1780 571 1834 ἀνθρώποις,
594 1780 654 1820 καὶ
674 1780 806 1820 τούτων
835 1780 880 1820 τὰ
907 1781 970 1831 μὲν
991 1774 1078 1819 εἶναι
1106 1780 1326 1832 ἀγαθοποιά,

353 1839 396 1877 τὰ
415 1840 451 1879 δὲ
474 1840 669 1880 κακοποιά·
695 1841 788 1879 ἔνθεν
818 1839 878 1879 καὶ
899 1839 1040 1892 εὔχεται
1066 1840 1242 1893 εὐλόγχων
1268 1857 1326 1879 τυ·

352 1904 427 1950 χεῑν
455 1899 631 1947 εἰδώλων.
690 1894 793 1939 Εἶναι
829 1898 864 1938 δὲ
896 1903 1007 1938 ταῦτα
1030 1899 1168 1950 μεγάλα
1195 1916 1233 1939 τε
1265 1899 1323 1938 καὶ

354 1959 514 2010 ὑπερφυῆ
549 1957 610 1996 καὶ
645 1957 845 2011 δύσφθαρτα
881 1957 964 2010 μέν,
997 1960 1058 1996 οὐκ
1095 1957 1254 2012 ἄφθαρτα
1278 1958 1325 1997 δέ.

355 2017 618 2070 Προσημαίνειν
639 2033 676 2056 τε
694 2017 739 2056 τὰ
757 2017 929 2069 μέλλοντα
947 2018 1016 2061 τοῖς
1033 2017 1227 2069 ἀνθρώποις
1243 2020 1326 2056 θεω-

357 2077 508 2130 ρούμενα
532 2077 592 2116 καὶ
619 2076 735 2130 φωνὰς
765 2076 933 2131 ἀφιέντα·
964 2077 1040 2116 ὅθεν
1059 2077 1189 2116 τούτων
1211 2078 1327 2116 αὐτῶν

350 2137 545 2188 φαντασίαν
574 2137 795 2181 λαὸόντες-οἷ
818 2137 964 2176 παλαιοὶ
1004 2136 1202 2186 ὑπενόησαν
1238 2130 1326 2175 εἶναι

271 2343 395 2384 aliquas
413 2344 592 2385 probabiles
606 2345 722 2378 afferre
741 2346 892 2379 rationes.
922 2346 1020 2379 Visus
1031 2347 1081 2379 est
1095 2340 1235 2380 et'Ptato
1251 2357 1321 2380 eam

273 2402 411 2443 tetigisse
428 2403 460 2435 in
475 2403 608 2436 Timaeo.
630 2403 693 2436 Sed
713 2405 918 2438 Democritus
944 2405 985 2438 de
1009 2406 1158 2439 animatis
1173 2408 1205 2439 et
1222 2407 1323 2439 inani·

273 2462 333 2497 inis
351 2470 388 2493 ea
403 2470 477 2503 quae
492 2461 567 2495 dicit
587 2463 712 2495 statuit.
731 2465 940 2498 Animantia
957 2467 1070 2506 enim,
1087 2466 1203 2507 inquit,
1216 2467 1325 2499 simul

271 2522 528 2560 conqreqantur
556 2529 636 2554 cum
659 2522 816 2563 ejusdem
843 2525 980 2565 yeneris
1007 2525 1266 2566 animantibus,
1283 2528 1324 2559 ut

273 2580 439 2613 columbae
460 2590 539 2614 cum
557 2583 725 2616 columbis
744 2585 779 2617 et
800 2593 902 2625 qrues
927 2594 1007 2618 cum
1032 2586 1194 2627 qruibus,
1219 2589 1325 2629 atque

270 2639 362 2672 idem
378 2641 413 2674 in
439 2641 522 2673 aliis
545 2641 655 2675 brutis
679 2643 785 2676 valet.
805 2645 904 2678 Idem
932 2653 1072 2687 quoque
1095 2646 1138 2679 de
1154 2648 1324 2679 inanimis

271 2697 476 2736 dicendum
491 2700 531 2730 ut
543 2699 624 2732 licet
641 2701 756 2734 videre
769 2703 803 2733 in
821 2704 1012 2737 seminibus
1025 2713 1102 2746 quae
1117 2705 1324 2738 cribrantur

272 2758 307 2789 et
323 2758 360 2788 in
379 2756 512 2798 lapillis
528 2766 593 2798 per
610 2759 735 2792 littora
751 2764 904 2803 sparsis,
924 2771 1035 2804 quum
1047 2772 1111 2805 pro
1131 2765 1240 2797 cribri
1256 2768 1322 2798 cir-

275 2817 497 2848 cumactione
514 2820 710 2858 separatim
731 2819 805 2852 lens
820 2829 898 2853 cum
926 2822 1018 2855 lente
1031 2823 1227 2865 collocetur,
1245 2825 1322 2857 hor·

272 2873 374 2907 deum
391 2883 470 2907 cum
485 2874 613 2908 hordeo
623 2879 656 2909 et
670 2879 829 2911 triticum
843 2888 921 2911 cum
937 2883 1068 2922 tritico,
1084 2891 1129 2915 ex
1142 2883 1323 2917 undarum

271 2936 392 2966 autem
412 2935 562 2966 motione
593 2935 729 2977 oblonyi
750 2938 891 2979 quidem
923 2940 1050 2973 calculi
1070 2943 1253 2982 pellantur
1276 2945 1325 2977 ad

273 2992 422 3025 eundem
439 2993 551 3026 locum
569 2994 618 3026 ad
631 3003 732 3036 quem
750 2996 886 3037 oblonyi
899 3022 908 3038 ,
922 3000 1044 3031 teretes
1055 3008 1135 3032 vero
1147 3001 1195 3034 ad
1220 3011 1321 3044 quem

274 3053 398 3084 teretes
411 3076 420 3092 ‚
434 3054 555 3092 utpote
577 3061 697 3086 rerum
714 3055 749 3086 in
768 3054 822 3087 liis
839 3056 1070 3091 similitudine
1091 3058 1240 3094 habente
1251 3064 1323 3095 vim

274 3108 455 3150 quandam
469 3110 713 3151 conyreqandi.
731 3111 792 3144 Sed
809 3113 855 3144 sic
868 3114 997 3154 quidem
1015 3117 1233 3152 Democritus.

311 3168 342 3198 3.
361 3167 566 3201 Democritus
594 3172 701 3201 autem
719 3170 766 3203 ait
791 3171 942 3212 quaedam
965 3174 1136 3208 simulacra
1155 3179 1322 3219 appropin-

268 3232 370 3264 quare
390 3225 593 3268 hominibus,
606 3228 639 3260 et
655 3236 692 3260 ex
716 3228 754 3261 iis
775 3229 836 3261 alia
853 3230 982 3271 quidem
997 3232 1141 3266 benefica
1155 3244 1242 3275 esse,
1259 3238 1322 3270 alia

270 3290 348 3315 vero
375 3284 542 3326 malefica3
561 3285 636 3318 hinc
664 3287 758 3319 etiam
775 3290 888 3329 optat,
916 3293 952 3322 ut
967 3288 1051 3323 hona
1075 3292 1135 3325 sibi
1151 3294 1321 3329 simulacra

268 3345 450 3375 occurrant.
495 3345 541 3376 Ea
568 3347 676 3377 autem
690 3354 760 3379 esse
776 3356 891 3389 magna
911 3352 943 3382 et
959 3349 1118 3393 ingentia,
1134 3354 1166 3385 et
1182 3353 1321 3388 difficul-

267 3401 319 3432 ter
343 3402 474 3442 quidem
498 3402 650 3446 interire,
670 3414 734 3437 non
767 3415 836 3439 esse
865 3409 973 3440 tamen
1006 3409 1149 3443 interitui
1176 3421 1240 3445 non
1262 3414 1321 3446 ob-

271 3459 378 3493 noxia.
421 3461 606 3503 significare
650 3466 804 3506 praeterea
836 3465 1020 3500 hominibus
1057 3469 1184 3511 sutura,
1220 3482 1321 3513 quum

271 3519 474 3561 :spectabilia
490 3522 553 3554 sint
569 3525 602 3555 et
622 3531 733 3557 vocem
765 3525 923 3559 eminant.
947 3527 1039 3560 Unde
1066 3531 1248 3572 perceptam
1266 3532 1319 3566 ho-

1041 281 1329 320 DEMOCRITI
1359 280 1494 319 FRAG
1504 280 1695 319 MENTA.

1477 360 1572 404 θεόν,
1599 359 1747 411 μηδενὸς
1767 361 1876 400 ἄλλου
1904 361 2002 414 παρὰ
2021 365 2133 402 ταῦτα
2153 362 2250 410 ὄντος
2280 367 2358 405 θεοῦ
2389 370 2450 406 τοῦ

1477 419 1651 472 ἄφθαρτον
1663 419 1763 472 φύσιν
1784 418 1936 472 ἔχοντος.

1532 478 1694 530 (Sextus
1717 478 1940 531 Empiricus
1961 480 2048 519 adv.
2079 481 2261 522 Mathem.
2288 474 2360 525 lib.
2397 484 2450 524 lx

1475 539 1496 587 §
1524 551 1584 586 19,
1605 550 1695 589 pag.
1720 537 1794 576 552
1817 551 1924 590 seqq.
1941 539 2002 580 ed.
2025 539 2198 591 Fabric.)

1421 610 1451 635 ι.
1479 596 1558 635 litet
1579 594 1616 634 δὲ
1644 598 1675 634 οἱ
1696 596 1768 636 ἀπὸ
1790 599 1858 636 τῶν
1878 598 2091 649 γιγνομένων
2112 599 2204 638 κατὰ
2230 600 2288 640 τὸν
2315 601 2450 653 κόσμον

1475 654 1684 707 παραδόξων
1705 656 1962 703 ὑπονοήσαντες
1980 658 2027 702 εἷς
2047 657 2180 697 ἔννοιαν
2201 662 2297 708 ἡμᾶς
2323 662 2451 708 ἐληλυ-

1476 713 1570 752 θέναι
1607 716 1709 754 θεῶν.
1768 714 1841 766 Ἀφ’
1861 709 1901 762 ’ἧς
1923 715 2081 768 φαίνεται
2107 711 2197 756 εἶναι
2222 718 2321 766 δόξης
2342 719 2402 758 καὶ
2433 721 2454 758 ὁ

1476 772 1708 826 Δημόκριτος.
1766 772 2000 827 εΟρεόντες
2034 775 2139 828 γάρ,
2171 779 2284 831 φησί,
2315 776 2372 817 τὰ
2409 779 2450 816 ἐν

1473 834 1594 871 τοῖσι
1616 832 1894 885 μετεώροισι
1918 834 2177 886 παθήματα
2202 838 2240 876 οἱ
2263 837 2452 877 παλαιοὶ

1474 894 1560 930 τῶν
1586 892 1853 946 ἀνθρώπων,
1888 893 2098 947 κατάπερ
2131 895 2340 948 βροντὰς
2377 898 2452 936 καὶ

1473 952 1728 1006 ἀστραπάς,
1746 967 1791 990 κε
1804 967 1904 1004 ραυν
1920 952 1990 997 ούς
2008 969 2054 991 τε
2074 954 2342 1008 καὶᾶστρων
2359 970 2454 995 συν-

1474 1011 1770 1060 όδου;,ἡλίου
1800 1027 1847 1051 τε
1875 1012 1950 1050 καὶ
1983 1012 2164 1061 σελήνης
2195 1013 2449 1069 ἐκλείψιας,

1474 1071 1815 1122 ἐδειματέοντο,
1857 1070 1982 1115 θεοὺς
2021 1071 2228 1122 οἰόμενοι
2273 1073 2452 1113 τούτων

1477 1130 1654 1174 αἰτίους
1673 1123 1804 1169 εἶναι.

1530 1189 1694 1240 (Sextus
1720 1190 1871 1242 Empir.
1894 1189 1983 1230 adv.
2016 1189 2135 1230 Math.
2175 1189 2246 1231 lib.
2269 1190 2322 1230 lx
2343 1192 2365 1243 S
2401 1199 2448 1238 αἱ,

1474 1262 1507 1301 p.
1539 1241 1612 1294 5'54
1632 1249 1692 1289 ed.
1711 1249 1824 1289 Fabr.
1841 1248 1850 1300 )

1421 1321 1452 1347 5.
1476 1307 1697 1361 Δημόκριτος
1714 1306 1750 1345 δὲ
1774 1306 1836 1350 τὰς
1855 1306 2045 1355 ποιότητας
2065 1306 2318 1360 ἒκὸαλών,-ἵνα
2338 1308 2451 1359 φησί·
2492 1355 2497 1358 .

1475 1366 1611 1418 Νόμῳ
1661 1365 1852 1419 ψυχρόν,
1883 1365 2000 1418 νόμῳ
2041 1366 2226 1419 θερμόν,
2264 1367 2367 1420 ἐτεῇ
2406 1366 2450 1407 δὲ

1474 1425 1625 1477 ἄτομα
1662 1426 1742 1463 καὶ
1775 1425 1923 1465 κενόν.
1984 1425 2058 1465 Καὶ
2094 1427 2219 1464 πάλιν·
2240 1425 2368 1480 Ἐτεῇ
2402 1417 2450 1466 δὲ
2497 1434 2499 1436 ’

1473 1484 1600 1523 οὐδὲν
1620 1483 1766 1536 ἴδμεν·
1788 1486 1828 1522 ἐν
1854 1486 1970 1538 βυθῷ
1984 1484 2068 1537 γὰρ
2091 1488 2113 1532 ἡ
2132 1486 2215 1532 ἄλη
2230 1485 2338 1534 θείη.

1529 1544 1661 1595 (Diog.
1679 1544 1807 1582 Laert.
1826 1545 1866 1582 in
1882 1545 1952 1584 vit.
1964 1545 2156 1595 Pyrrhon.
2172 1544 2244 1585 lib.
2262 1544 2444 1597 1X572.)

1419 1616 1450 1644 6.
1474 1602 1581 1643 Ἀλλὰ
1594 1603 1654 1642 καὶ
1669 1603 1891 1655 Δημόκριτος
1905 1604 1940 1641 ἐν
1954 1597 2003 1647 οἷς
2016 1619 2101 1657 φησι
2117 1604 2136 1642 δ
2149 1603 2160 1642 ί
2174 1619 2223 1655 νῃ
2239 1605 2327 1644 ἀπὸ
2343 1620 2402 1644 πα
2413 1621 2450 1644 ν·

1471 1662 1543 1707 τὸς
1568 1662 1903 1716 ἀποκρίνεσθαι
1930 1662 2150 1701 παντοίων
2169 1662 2326 1702 εἰδέων
2356 1665 2451 1716 (πῶς

1470 1722 1506 1761 δὲ
1523 1722 1582 1761 καὶ
1596 1722 1664 1761 ὑπὸ
1676 1721 1768 1768 τίνος
1781 1721 1894 1767 αἰτίας
1912 1722 1962 1772 μὴ
1977 1722 2098 1775 λέγει),
2115 1722 2225 1763 ἔοικεν
2240 1722 2310 1762 ἀπὸ
2323 1725 2448 1764 ‘cubib-

1474 1781 1586 1832 μάτου
1603 1780 1664 1820 καὶ
1684 1780 1793 1833 τύχης
1808 1786 1930 1834 γεννᾷν
1948 1781 2053 1822 αὐτά.

1528 1839 1780 1893 (Simplicius
1806 1841 1852 1879 ad
1881 1842 2045 1880 Aristot.
2067 1841 2189 1893 Phys.
2210 1842 2278 1882 fot.
2303 1842 2351 1891 73
2373 1841 2447 1895 b.)

1419 1913 1449 1939 7.
1478 1900 1549 1939 Καὶ
1569 1902 1614 1944 ὡς
1635 1899 1855 1952 Δημόκριτός
1868 1916 1995 1953 φησιν,
2013 1894 2065 1948 ἦν
2082 1903 2192 1951 ὁμοῦ
2209 1916 2237 1959 π
2250 1895 2329 1940 aivi:
2342 1917 2364 1939 α
2381 1901 2448 1940 δυ-

1471 1959 1600 2010 νάμι,
1617 1959 1824 2012 ἐνεργείῃ
1846 1959 1954 1998 δὀὔ.

1527 2019 1710 2070 (Aristot.
1727 2019 1895 2071 Metaph.
1916 2019 1987 2060 lib.
2001 2019 2075 2057 Xll
2095 2032 2178 2071 cap.
2199 2033 2221 2057 2
2237 2033 2324 2071 pag.
2346 2020 2449 2070 1069

1469 2077 1530 2117 ed.
1545 2078 1728 2129 Bekker.)

1413 2150 1446 2177 8.
1468 2131 1534 2181 Οἷς
1555 2138 1624 2176 οὐδ’
1645 2132 1730 2191 ὄναρ
1751 2136 1904 2190 ἐντυχὼν
1935 2139 1952 2175 ὁ
1982 2137 2174 2185 Κολώτης,
2204 2137 2340 2191 ἐσφάλη
2367 2138 2448 2190 περὶ

1390 2358 1462 2381 rum
1492 2349 1648 2382 visionem
1683 2349 1807 2391 antiqui
1843 2349 1922 2382 deos
1964 2358 2032 2382 esse
2073 2349 2319 2389 existimarunt,
2342 2357 2448 2390 quum

1391 2409 1510 2449 praeter
1529 2408 1600 2441 haec
1615 2417 1681 2441 non
1697 2409 1738 2441 sit
1759 2408 1843 2440 alius
1862 2408 1942 2441 deus
1962 2407 2018 2449 qui
2036 2406 2152 2440 habeat
2164 2410 2316 2440 naturam
2334 2406 2449 2440 interi-

1388 2471 1442 2500 tus
1462 2469 1642 2509 expertem.

1428 2527 1459 2558 4.
1478 2526 1561 2558 Sunt
1590 2526 1698 2558 autem
1728 2525 1783 2566 qui
1809 2534 1851 2558 ex
1878 2525 1975 2558 rebus
2007 2524 2273 2564 admirabilibus.
2304 2533 2386 2567 'quae
2412 2525 2445 2558 in

1386 2584 1510 2618 mundo
1530 2585 1635 2626 fiunt,
1660 2585 1813 2626 suspicati
1837 2585 1902 2617 sint
1923 2594 1983 2617 nos
2012 2585 2196 2625 pervenisse
2218 2583 2259 2616 ad
2279 2584 2447 2616 notionem

1387 2643 1536 2677 deorum.
1580 2646 1619 2678 In
1636 2653 1701 2685 qua
1718 2644 1868 2686 opinione
1884 2644 2012 2677 videtur
2029 2644 2208 2677 etiamesse
2226 2643 2446 2677 Democritus.

1390 2703 1551 2736 Videntes
1565 2705 1670 2744 enim,
1685 2703 1802 2745 inquit,
1819 2706 1948 2737 veteres
1963 2713 2039 2745 quoe
2054 2706 2092 2736 in
2106 2703 2248 2736 sublimi
2262 2702 2445 2743 accidunt,

1385 2765 1427 2796 ut
1443 2764 1599 2795 tonitrua
1615 2764 1649 2796 et
1655 2762 1824 2803 fulgura,
1841 2764 1875 2796 et
1883 2758 2104 2803 ,fulmina‚'et
2119 2764 2300 2795 asti-omem
2313 2763 2440 2800 coitus,

1385 2823 1538 2864 solisque
1552 2824 1586 2855 et
1603 2822 1698 2855 lunae
1716 2822 1928 2863 dejectiones
1938 2846 1948 2862 ‚
1959 2821 2264 2863 perterrebantur,
2276 2821 2350 2854 rati
2362 2820 2446 2853 deos

1385 2890 1455 2914 esse
1467 2890 1586 2915 eorum
1602 2883 1772 2914 auctores.

1429 2945 1459 2974 5.
1483 2941 1687 2974 Democritus
1699 2941 1839 2973 exclusis
1855 2940 2082 2982 qualitatibus,
2100 2938 2156 2971 ubi
2177 2938 2223 2970 ait
2243 2949 2252 2970 z
2279 2939 2439 2979 opinione

1382 2998 1555 3041 sriyidum
1568 3022 1578 3038 ‚
1597 2999 1758 3040 opinione
1779 2998 1953 3037 calidum,
1967 3005 2006 3029 re
2023 3005 2106 3029 vera
2120 2998 2240 3028 autem
2253 2995 2439 3028 individua

1388 3060 1420 3092 et
1436 3060 1553 3091 inane.
1565 3059 1607 3091 Et
1619 3057 1696 3090 aiibi
1713 3066 1721 3086 ε
1745 3060 1791 3091 Re
1816 3065 1898 3090 vera
1917 3055 2008 3088 nihil
2027 3057 2181 3091 scimus,·
2209 3055 2246 3086 in
2260 3052 2445 3095 profundo

1385 3120 1477 3152 enim
1493 3120 1625 3152 veritas
1640 3118 1742 3151 latet.

1426 3182 1458 3211 6.
1477 3177 1538 3211 Sed
1554 3177 1758 3212 Democritus
1777 3170 1907 3218 quotque
1923 3176 2031 3207 dicens
2049 3174 2220 3214 vertiqine
2243 3172 2287 3205 ab
2305 3174 2445 3206 atomo·

1384 3246 1467 3270 rum
1480 3238 1664 3270 variarum
1679 3237 1912 3269 universitate
1931 3233 2127 3276 (quasdam)
2141 3232 2317 3273 sequ-eqari
2333 3230 2444 3272 (quo.-

1384 3297 1482 3330 modo
1496 3304 1573 3330 vero
1593 3297 1626 3329 et
1643 3303 1708 3338 qua
1724 3303 1832 3335 causa,
1852 3303 1917 3327 non
1936 3292 2058 3334 dicit),
2080 3291 2207 3324 videtur
2220 3290 2302 3324 sorte
2315 3292 2348 3323 et
2363 3298 2439 3323 casu

1384 3364 1434 3389 res
1458 3364 1636 3398 procreare.

1426 3419 1458 3449 7.
1485 3417 1594 3457 Atque
1625 3416 1662 3448 ut
1690 3413 1896 3447 Democritus
1924 3412 1986 3452 ait,
2017 3411 2125 3444 simul
2144 3411 2261 3443 onznia
2278 3409 2438 3450 potentia

1385 3478 1512 3517 erant,
1528 3477 1612 3509 actu
1627 3483 1706 3508 vero
1718 3475 1871 3507 minime.

1428 3539 1458 3567 8.
1478 3537 1562 3573 Quae
1585 3543 1686 3577 quum
1704 3542 1744 3566 ne
1764 3541 1819 3574 per
1833 3540 1983 3564 somnum
2006 3529 2137 3572 quidem
2154 3527 2285 3560 vidisset
2298 3524 2442 3565 colotes,
