2612 3814
279 289 357 325 1⁷8

735 362 884 404 XXIV.

357 443 386 483 Γ
387 438 532 494 λυκερὸν
553 437 590 477 δὲ
604 435 702 480 τέκος
715 433 796 479 Διὸς
820 433 1033 479 ἐξεκαλεῖτο.

417 518 603 570 (Proclus
618 518 659 553 in
689 515 786 552 Tim.
819 513 886 552 lib.
905 511 944 551 11
960 524 1001 561 p.
1034 513 1106 554 124
1131 510 1188 556 D,
1204 520 1244 558 p.
1263 506 1339 556 293

360 580 423 618 ed.
447 577 658 616 Schneider
678 587 687 614 ε
707 572 776 617 Ὡς
791 571 858 625 γὰρ
876 569 1015 622 εἴρηται
1044 566 1228 621 πρότερον,
1262 568 1341 603 νοῦν

362 639 444 679 ἄνευ
472 639 587 692 ψυχῆς
616 634 784 673 ἀδύνατον
805 627 1068 684 παραγενέσθαι
1085 644 1147 681 τῳ.
1167 629 1286 667 Τοῦτο
1306 623 1342 663 δὲ

353 697 471 749 ὅμοιον
485 699 536 750 τῷ
553 696 639 748 παρ’
657 694 794 746 Ὀρφεῖ·
810 687 980 743 γλυκερὸν
1002 687 1038 728 δὲ
1062 689 1143 727 κτλ.
1165 688 1282 727 Τοῦτο
1307 683 1343 724 δὲ

365 752 408 807 ἦν
429 759 447 796 ὃ
467 754 636 808 κοσμικὸς
651 757 729 797 νοῦς
745 751 840 796 Δίιος
865 748 931 799 ὤν,
956 746 1050 788 κατὰ
1075 746 1135 786 τὸν
1166 747 1200 786 ἐν
1217 747 1267 800 τῷ
1287 742 1345 785 Διὶ

373 815 544 870 μείναντα
563 811 773 867 προελθών.)

665 881 770 924 Μετὰ
790 879 833 929 δὴ
857 877 1033 933 πατρικὰς
1052 876 1206 921 διανοίας

365 948 464 1004 ψυχὴ
487 946 556 1000 ἐγὼ
575 944 662 985 ναίω
673 974 683 993 ,
707 942 821 996 θέρμῃ
837 942 1002 996 ψυχοῧσα
1018 938 1063 978 τὰ
1076 937 1209 977 πάντα.

420 1021 603 1070 (Proclus
618 1019 646 1055 1.
671 1030 706 1054 c.
727 1029 737 1053 z
759 1012 867 1054 Οὕτω
893 1010 929 1051 δὲ
955 1010 1015 1051 καὶ
1034 1013 1057 1059 ἡ
1090 1006 1348 1061 θεοπαράδοτος

367 1078 524 1130 θεολογία
559 1075 644 1131 φησὶ
685 1074 1016 1127 συμπεπληρῶσθαι
1053 1069 1112 1110 τὸν
1142 1069 1292 1125 κόσμονκ
1310 1068 1349 1106 ἐκ

366 1138 476 1177 τῶνδε
512 1138 581 1175 τῶν
603 1136 728 1188 τριῶν.
760 1132 868 1184 Λέγει
900 1134 984 1184 γοῦν
1004 1132 1027 1178 ἡ
1055 1127 1154 1184 ψυχὴ
1177 1126 1259 1181 περὶ
1287 1129 1349 1165 τοῦ

367 1197 448 1242 Διὸς
470 1196 631 1236 ἐπέκεινα
653 1197 714 1233 τοῦ
737 1191 1064 1245 δημιουργήσαντος
1083 1189 1123 1229 τὸ
1144 1194 1228 1227 πᾶν·
1257 1185 1348 1238 μετὰ

368 1256 411 1304 δὴ
439 1254 616 1308 πατρικὰς
637 1253 719 1292 κτλ.
750 1253 808 1293 Cf.
836 1251 1008 1290 Lobeck.
1028 1250 1117 1300 Agl.
1134 1262 1177 1299 p.
1205 1247 1320 1298 953).

369 1330 466 1369 Νοῦν
496 1326 559 1378 μὲν
581 1325 630 1364 ἐνὶ
648 1327 765 1379 ψυχῇ,
785 1323 904 1379 ψυχὴν
918 1324 950 1362 δ’
972 1321 1021 1361 ἐνὶ
1039 1320 1180 1372 σώματι
1206 1321 1306 1374 ἀργῷ

369 1391 455 1439 ἡμῖν
473 1384 686 1439 ἐγκατέθηκε
705 1382 826 1437 πατὴρ
844 1383 981 1436 ἀνδρῶν
1001 1396 1040 1420 τε
1060 1382 1148 1419 θεῶν
1166 1394 1218 1418 τε.

427 1467 612 1515 (Proclus
627 1465 652 1503 l.
670 1478 704 1502 c.
723 1460 893 1501 κατέθετο
912 1461 979 1513 γὰρ
996 1477 1010 1494 a
1023 1462 1103 1498 νοῦν
1129 1456 1193 1509 μὲν
1217 1455 1267 1495 ἐνὶ
1287 1457 1355 1509 ψυ-

373 1527 422 1579 χῇ
440 1525 518 1564 κτλ.
530 1542 546 1558 ω
562 1524 779 1574 Legebatur
797 1518 907 1571 ἡμέας
921 1517 1138 1572 ἐγκατέθηκε
1158 1517 1266 1567 quod
1276 1530 1364 1566 mu·-

366 1587 440 1624 .avi
459 1586 501 1622 in
523 1585 612 1633 ἡμῖν
634 1583 712 1634 ἐγκ.
728 1583 827 1619 Nam
844 1580 894 1618 ad
909 1577 1023 1630 ἡμέας
1047 1577 1354 1623 defendendum,

372 1646 517 1683 animas
526 1644 589 1681 hic
602 1642 805 1692 pluraliter
814 1641 939 1690 loqui,
958 1652 1046 1676 cum
1055 1639 1224 1677 Gesnero
1238 1649 1354 1674 nemo

372 1703 513 1755 dicet.)

374 1841 510 1886 Νώτοις
532 1841 561 1880 δ’
580 1840 672 1895 ἀμφὶ
686 1843 766 1884 θεᾶς
786 1837 888 1893 φύσις
905 1837 1055 1882 ἄπλετος
1075 1835 1253 1891 ᾐώρηται.

431 1919 609 1971 (Proclus
627 1920 669 1955 in
684 1920 784 1956 Tim.
805 1919 836 1963 1,
849 1930 888 1967 p.
909 1921 929 1960 4
944 1918 979 1954 D
993 1943 1003 1962 ‚
1023 1929 1066 1966 p.
1081 1915 1104 1953 8
1121 1915 1182 1953 ed.
1201 1915 1358 1953 Schnei-

377 1979 460 2019 der.
486 1991 495 2018 :
520 1975 681 2024 Τοιαύτη
716 1975 753 2015 δὲ
799 1970 888 2015 οῧσα
929 1973 1166 2028 προελήλυθεν
1199 1972 1270 2012 ἀπὸ
1295 1975 1359 2020 τῆς

375 2036 548 2091 ζωογόνου
568 2040 659 2081 θεᾶς·
681 2035 802 2080 νώτοις
831 2037 860 2074 δ’
885 2035 977 2088 ἀμφὶ
997 2035 1075 2073 κτλ.
1101 2032 1177 2087 Ἀφ’
1193 2027 1241 2081 ἧς
1256 2039 1356 2072 πᾶσα

376 2097 450 2145 ζωὴ
472 2096 648 2150 πρόεισιν,
675 2095 697 2144 ἥ
724 2111 763 2135 τε
792 2093 898 2148 νοερὰ
927 2092 990 2132 καὶ
1010 2095 1033 2141 ἡ
1055 2091 1254 2146 ἀχώριστος
1285 2093 1356 2131 τῶν

377 2155 642 2208 διοικουμένων,
663 2152 886 2207 ἐξηρτημένη
907 2152 936 2192 δ’
954 2153 1084 2191 ἐκεῖθεν
1104 2151 1166 2191 καὶ
1184 2153 1358 2205 ἀπῃωρη-

379 2214 468 2268 μένη
489 2221 594 2269 φοιτᾷ
608 2213 666 2254 διὰ
687 2213 830 2252 πάντων
854 2210 1046 2255 ἀκωλύτως
1065 2210 1127 2250 καὶ
1149 2210 1268 2250 πάντα
1294 2212 1360 2262 ἐμ-

378 2282 480 2324 πνεῖ,
501 2276 544 2313 δι’
571 2274 614 2323 ἣν
638 2273 683 2312 τὰ
704 2271 915 2327 ἄψυχότατα
932 2273 1050 2326 ψυχῆς
1072 2268 1158 2322 μετέ
1158 2286 1217 2324 χει
1244 2270 1358 2320 τινός,

379 2334 440 2374 καὶ
458 2334 504 2374 τὰ
519 2334 730 2388 φθειρόμενα
752 2333 848 2384 μένει
868 2330 1052 2375 διαιωνίως
1070 2331 1106 2369 ἐν
1135 2333 1187 2384 τῷ
1204 2329 1333 2385 κόσμῳ
1345 2359 1356 2379 ,

380 2392 458 2436 ταῖς
475 2393 510 2430 ἐν
529 2393 619 2445 αὐτῇ
637 2394 706 2431 τῶν
722 2392 822 2430 εἰδῶν
841 2390 970 2435 αἰτίαις
989 2389 1252 2442 συνεχόμενα.)

377 2461 503 2516 Ἀρχει
521 2462 548 2501 δ’
563 2455 607 2501 αῧ
627 2460 728 2516 φύσις
746 2460 916 2512 ἀκαμάτη
932 2459 1076 2512 κόσμων
1093 2475 1132 2499 τε
1151 2458 1213 2499 καὶ
1231 2458 1358 2513 ἔργων.

439 2539 617 2589 (proclus
635 2540 663 2577 l.
697 2553 733 2578 c.
761 2537 864 2592 ἄρχει
885 2538 914 2578 δ’
937 2531 983 2577 αῧ
1014 2538 1094 2576 κτλ,
1117 2536 1206 2592 φησὶ
1227 2536 1268 2576 τὸ
1294 2536 1359 2576 λό-

382 2612 472 2649 γιον.
490 2596 501 2651 )

382 2673 542 2726 Οὐρανὸς
557 2673 649 2728 ὄφρα
666 2672 727 2727 θέῃ
747 2673 875 2727 δρόμον
896 2672 1006 2714 ἀΐδιον
1021 2672 1253 2728 κατασύρων.

442 2751 658 2803 (Proclusl.
680 2766 715 2790 c.
732 2750 877 2805 οὖρανὸς
892 2750 983 2805 ὄφρα
1000 2753 1077 2791 κτλ.
1089 2751 1150 2791 καὶ
1167 2751 1214 2791 τὰ
1230 2751 1321 2801 ἑξῆς.
1336 2752 1347 2804 )

446 2821 455 2837 ι
503 2822 512 2835 r
588 2823 598 2840 5
638 2823 649 2837 9
678 2822 687 2835 ι
730 2822 744 2837 91
986 2823 996 2838 t
1190 2825 1202 2838 s
1239 2823 1250 2839 1

387 2824 459 2863 Και
470 2824 587 2876 φυλακ
611 2838 714 2862 αυτον
727 2822 841 2868 ετευξε
850 2823 993 2863 κέλευσε
1008 2839 1046 2863 τε
1055 2829 1165 2863 πᾶσιν
1182 2840 1364 2864 ανασσειν.

1258 266 1504 309 ORPHICA.

1541 355 1726 408 (Procius
1746 357 1787 393 in
1807 356 1906 393 Tim.
1932 357 1961 393 V
1980 367 2023 405 p.
2054 353 2131 393 308
2150 354 2203 404 F,
2228 367 2271 404 p.
2302 357 2379 404 749
2397 352 2465 395 ed.

1485 415 1724 454 Schneider.:
1745 412 1817 453 Καὶ
1839 411 2073 467 διαφερόντως
2093 414 2111 450 ὁ
2133 411 2304 464 βασιλεὺς
2317 410 2471 458 Ἥλιος

1484 477 1605 515 τοῦτον
1622 472 1691 526 γὰρ
1713 471 1886 521 ἐπέστησε
1902 473 1972 517 τοῖς
1991 472 2085 517 ὅλοις
2105 474 2123 511 ὁ
2141 473 2354 526 δημιοιργὸς
2366 503 2377 524 ‚
2405 472 2472 513 καὶ

1484 533 1612 588 φύλακ’
1633 533 1714 573 κτλ.
1732 531 1779 577 ὥς
1794 547 1900 587 φησιν
1916 534 1935 571 ὁ
1952 532 2141 587 Ὀρφεύς.)

1865 623 2012 663 XXVI.

1487 711 1622 766 Κραῖνε
1655 708 1719 763 μὲν
1739 702 1799 750 οὗν
1825 709 1914 756 Ζεὺς
1946 711 2063 751 πάντα
2089 711 2256 827 πατήρ,[
2269 711 2412 766 Βάκχος
2437 712 2472 752 δ’

2265 770 2471 826 ἐπέκραινε.

1543 861 1726 915 (Proclus
1742 862 1783 899 in
1810 862 1913 901 Tim.
1936 864 1969 901 V
1985 875 2026 912 p.
2051 861 2127 900 336
2151 864 2209 900 A:
2231 859 2283 902 ⁶0
2308 859 2377 916 γὰρ
2394 855 2475 901 εἶπε

1489 922 1571 975 περὶ
1586 923 1649 969 τῆς
1665 920 1817 972 μονάδος
1831 922 1900 959 τῶν
1914 921 2003 960 νέων
2019 922 2105 959 θεῶν
2123 922 2141 959 ὁ
2160 919 2312 975 Ὀρφεύς
2323 949 2334 969 ,
2351 926 2476 975 κραῖνε

1491 981 1555 1034 μὲν
1573 976 1632 1022 οὗν
1651 983 1749 1031 κτλ.,
1768 984 1874 1020 τοῦτο
1893 980 1955 1020 καὶ
1987 979 2069 1034 περὶ
2089 983 2160 1020 τῶν
2193 981 2279 1021 νέων
2301 983 2388 1021 θεῶν
2407 983 2473 1036 ρη-

1489 1042 1589 1094 τέον,
1609 1042 1662 1082 ὅτι
1691 1041 1733 1089 δὴ
1748 1040 1812 1090 τὴν
1835 1040 2069 1094 δημιουργίαν
2091 1041 2296 1080 ἐπιτελοῦσι
2313 1044 2374 1080 τοῦ
2396 1056 2470 1081 πα·

1426 1144 1428 1147 ,
1494 1099 1597 1154 τρός,
1618 1100 1661 1149 ἣν
1686 1102 1815 1145 ἐκεῖνος
1841 1102 1938 1156 αὐτῷ
1959 1103 2011 1154 τῷ
2032 1103 2123 1140 νοεῖν
2148 1098 2388 1154 ὑπέστησεν.)

1493 1186 1621 1225 Ταῦτα
1642 1185 1762 1240 πατὴρ
1779 1185 1900 1235 ἐνόησε
1914 1215 1925 1237 ‚
1950 1184 2071 1240 βροτὸς
2089 1185 2126 1224 δέ
2142 1186 2173 1224 οἱ
2187 1184 2365 1240 ἐψύχωτο.

1550 1263 1734 1316 (Proclus
1760 1266 1788 1305 l.
1811 1278 1846 1302 c.
1867 1262 1989 1319 ὥσπερ
2016 1263 2059 1312 δή
2083 1279 2170 1319 φησι
2188 1264 2249 1303 καὶ
2281 1262 2322 1303 τὸ
2346 1263 2479 1318 λόγιον·

1492 1324 1617 1364 Ταῦτα
1638 1323 1757 1377 πατὴρ
1784 1325 1863 1363 κτλ.
1886 1323 1949 1363 καὶ
1968 1322 2174 1363 πέπλασται
2194 1318 2254 1363 οὖν
2270 1324 2316 1364 τὰ
2341 1324 2482 1379 θνητά,

1495 1383 1557 1423 καὶ
1586 1383 1769 1438 ἐψύχωται
1793 1383 1872 1422 κατ’
1889 1382 2000 1432 αὐτὴν
2028 1384 2140 1436 μόνην
2167 1383 2233 1432 τὴν
2265 1385 2479 1439 δημιουργι-

1495 1446 1562 1491 κὴν
1578 1443 1710 1493 νόησιν·
1722 1445 1753 1483 οἳ
1783 1443 1819 1482 δὲ
1835 1443 1907 1483 νέοι
1928 1444 1999 1483 θεοὶ
2020 1443 2084 1491 τὴν
2105 1445 2226 1492 ὁλικὴν
2247 1444 2380 1485 ἐκείνου
2397 1445 2480 1485 ποί·

1494 1519 1576 1553 ησιν
1595 1502 1799 1557 ἐκφαίνουσι
1814 1503 1872 1542 διὰ
1892 1506 1953 1550 τῆς
1974 1505 2108 1543 ἑαυτῶν
2124 1505 2293 1558 ἐκφανοῦς
2307 1505 2481 1560 δημιουρ·

1496 1563 1575 1617 γίας
1587 1594 1598 1612 ,
1614 1563 1853 1615 πληρούμενοι
1872 1566 1934 1613 τῆς
1948 1563 2203 1617 δημιουργικῆς
2229 1564 2396 1616 μονάδος.
2411 1566 2423 1617 )

1497 1643 1561 1696 Τῷ
1580 1641 1665 1695 πυρὶ
1683 1641 1751 1695 γὰρ
1774 1641 1896 1696 βροτὸς
1922 1640 2127 1694 ἐμπελάσας
2147 1642 2262 1682 θεόθεν
2283 1642 2369 1697 φάος
2394 1643 2482 1690 ἔξει.

1555 1723 1736 1777 (Procius
1754 1727 1796 1763 in
1823 1727 1917 1764 Tim.
1937 1729 1992 1766 II.
2025 1740 2067 1778 p.
2088 1726 2138 1765 65
2161 1729 2216 1775 B,
2241 1741 2282 1779 p.
2311 1727 2382 1767 151
2415 1729 2480 1770 ed.

1500 1783 1728 1824 Schneider.
1750 1799 1759 1823 :
1784 1784 1871 1825 Ἐπὶ
1892 1785 1928 1824 δὲ
1948 1785 2095 1831 ταύταις
2113 1789 2137 1835 ἡ
2151 1788 2348 1838 ἐμπέλασις
2370 1786 2486 1844 [οὕτω

1489 1842 1559 1896 γὰρ
1593 1843 1703 1891 αὐτὴν
1737 1845 1841 1883 καλεῖ
1868 1844 1909 1884 τὸ
1940 1845 2072 1898 λόγιον·
2101 1848 2152 1901 τῷ
2172 1847 2259 1900 πυρὶ
2277 1847 2347 1901 γὰρ
2371 1849 2486 1903 κτλ.]

1502 1903 1610 1955 μείζω
1627 1902 1690 1951 τὴν
1710 1904 1893 1945 κοινωνίαν
1919 1908 2005 1957 ἡμῖν
2024 1907 2256 1960 παρεχομένη
2275 1908 2336 1948 καὶ
2358 1923 2485 1962 τρανε·

1492 1962 1621 2017 στέραν
1641 1963 1704 2012 τὴν
1726 1964 1916 2016 μετουσίαν
1935 1969 1996 2005 τοῦ
2016 1967 2084 2005 τῶν
2102 1969 2190 2006 θεῶν
2209 1967 2365 2020 φωτός.)

1501 2045 1692 2095 Δηθύνοντι
1713 2050 1828 2104 βροτῷ
1846 2049 2012 2103 κραιπνοὶ
2030 2051 2189 2106 μάκαρες
2207 2051 2401 2092 τελέθουσι.

1559 2131 1744 2183 (Px-oclus
1781 2135 1822 2171 in
1854 2136 1954 2172 Tim.
1998 2137 2037 2173 ΙΙ
2066 2149 2110 2186 p.
2137 2136 2194 2174 65
2230 2139 2284 2185 D,
2318 2137 2392 2176 152
2421 2138 2487 2180 ed.

1503 2190 1684 2234 Schneid.
1705 2204 1715 2232 ι
1737 2192 1798 2232 καὶ
1814 2192 1885 2246 χρὴ
1903 2194 2139 2240 ἀδιαλείπτως
2159 2194 2306 2248 ἔχεσθαι
2319 2200 2382 2245 τῆς
2398 2197 2483 2252 περὶ

1502 2250 1543 2291 τὸ
1558 2254 1648 2291 θεῖον
1665 2252 1865 2306 θρησκείας·
1887 2253 2071 2301 δηθύνοντι
2089 2253 2160 2309 γὰρ
2179 2257 2295 2310 βροτῷ
2316 2257 2424 2310 κτλ.)

1864 2342 2028 2383 XXVII.

1504 2417 1596 2466 Εἴδη
1613 2416 1644 2456 τ’
1666 2416 1802 2467 εὐειδὴς
1823 2418 1885 2458 καὶ
1904 2420 2103 2474 ὁμόσπορος
2122 2420 2348 2475 Ἀδράστεια.

1559 2503 1796 2554 (Hermiasin
1807 2504 1979 2543 Platonis
1995 2505 2144 2546 Phaedr.
2156 2521 2198 2557 p.
2220 2507 2364 2552 148ed.
2375 2510 2456 2547 Ast.
2473 2516 2488 2541 t

1504 2559 1551 2601 Ἥ
1592 2560 1629 2601 δὲ
1661 2562 1869 2615 Ἀδράστεια
1895 2564 1961 2615 μία
1997 2565 2072 2604 ἐστὶ
2102 2566 2165 2606 καὶ
2191 2567 2283 2616 αὕτη
2317 2567 2391 2612 θεὸς
2416 2570 2491 2608 τῶν

1507 2623 1687 2672 μενουσῶν
1703 2623 1737 2661 ἐν
1756 2625 1799 2676 τῇ
1821 2622 1956 2669 Νυκτί,
1973 2625 2144 2677 γενομένη
2167 2627 2207 2665 ἐκ
2221 2626 2406 2668 Μελίσσου
2425 2627 2489 2666 καὶ

1506 2678 1718 2792 Ἀμαζθείας
1732 2711 1743 2723 .
1765 2711 1776 2723 .
1801 2714 1811 2723 .
1826 2683 1960 2738 ἀδελφὴ
1975 2687 2038 2733 τῆς
2057 2684 2178 2734 Εἴδης·
2195 2685 2286 2736 Εἴδη
2305 2688 2336 2726 τ’
2351 2685 2491 2736 εὐειδὴς

1506 2755 1551 2778 κτ
1577 2771 1586 2781 .

1510 2857 1521 2868 .
1545 2857 1556 2868 .
1581 2857 1592 2868 .
1610 2828 1812 2883 Παλάμῃσι
1831 2829 1868 2869 δὲ
1885 2831 2024 2885 χάλκεα
2046 2830 2182 2886 ῥόπτρα

305 2936 2487 2963 -—-—————-————-——-————————--———-—-.

774 3008 891 3040 xxm,
1430 2976 1622 3037 —numque
1644 2998 1812 3031 custodem
1829 3000 1978 3041 apposuit
1995 3001 2027 3034 et
2043 3002 2195 3036 omnibus
2209 3003 2369 3046 imperare
2380 3004 2492 3047 jussit.

304 3071 415 3106 Dulcis
431 3074 539 3105 autem
557 3071 650 3105 Jovis
666 3071 833 3114 progenies
849 3072 1058 3106 evocabatur.
1899 3069 2013 3101 XXVI.

473 3131 552 3164 Post
566 3134 716 3173 paternas
728 3131 795 3172 jam
808 3131 1018 3173 cogitaflones
1428 3123 1597 3158 Efficiebat
1613 3125 1710 3167 igitur
1726 3126 1837 3159 omnia
1859 3128 1988 3169 Jupiter
2004 3129 2113 3172 pater,
2130 3130 2316 3171 perficiebat
2334 3131 2491 3166 Bacchus.

304 3190 412 3223 anima
432 3198 490 3232 ego
509 3189 618 3223 habito
627 3214 637 3231 ‚
654 3190 764 3223 omnia
781 3190 888 3223 calore
900 3191 1060 3225 animans,
1079 3212 1112 3220 -
1428 3185 1550 3218 -Haec
1566 3186 1657 3227 pater
1669 3188 1778 3220 mente
1794 3187 1948 3229 agitavit,
1963 3189 2112 3223 mortalis
2128 3192 2239 3225 autem
2253 3191 2293 3224 ab
2307 3201 2346 3225 eo
2362 3192 2490 3226 anima-

305 3250 448 3283 Mentem
465 3249 601 3289 animae‚
619 3249 762 3282 animam
782 3251 892 3283 autem
905 3251 1034 3292 corpori
1049 3251 1141 3293 pigro
2318 3251 2392 3295 [tus
2405 3254 2488 3286 erat.

303 3308 415 3342 nostra
433 3309 530 3342 causa
547 3308 662 3342 indidit
677 3308 846 3342 hominum
865 3309 964 3350 atque
980 3308 1116 3342 deorum
1129 3309 1228 3351 pater.
1428 3304 1540 3346 —lgni
1561 3304 1648 3338 enim
1671 3306 1815 3339 mortalis
1833 3308 2094 3350 appropinquans
2117 3310 2274 3344 divinitus
2294 3311 2402 3344 tumen
2429 3311 2491 3344 ha-

783 3369 885 3401 xxv.
1428 3367 1535 3400 -Diu
1551 3367 1690 3401 moranti
1706 3368 1835 3401 mortali
1849 3369 1967 3402 celeres
1989 3370 2033 3403 dii
2049 3372 2137 3405 sunt.
2371 3370 2491 3414 [babit.

304 3434 329 3466 E
345 3431 418 3466 -deae
433 3433 524 3474 tergo
541 3433 655 3466 natura
671 3432 831 3466 immensa
851 3432 978 3475 pendet.
993 3451 1032 3460 -
1897 3430 2029 3464 XXVII.

303 3492 397 3534 Regit
422 3495 530 3525 autem
548 3494 666 3535 natura
681 3492 839 3526 indefessa
853 3492 992 3525 mundos
1009 3499 1166 3534 agrosque
1182 3491 1299 3526 cultos.
1322 3510 1365 3517 —
1428 3488 1485 3523 lda
1501 3488 1642 3523 formosa
1658 3492 1690 3522 et
1706 3498 1798 3523 soror
1813 3488 1980 3522 Adrastea.
1996 3507 2038 3513 -

304 3551 347 3584 Ut
364 3550 483 3583 coelum
505 3551 700 3593 sempiterno
715 3559 811 3585 cursu
831 3551 954 3585 seratur
968 3551 1137 3594 superiora
1153 3551 1342 3586 detrahens.
1431 3571 1441 3581 .
1457 3574 1467 3583 .
1512 3550 1664 3585 Manibus
1683 3558 1770 3583 ,vero
1794 3557 1885 3583 aenea
1899 3547 2048 3591 cymbala
