2612 3814
285 272 332 305 9⁴
1014 248 1020 254 '
1132 257 1353 298 TtMoms
1381 255 1611 297 PnuAsu

363 351 488 405 γαστρὶ
506 349 733 405 χαριζόμενος
751 380 762 403 ,
780 352 841 398 τῆς
857 350 895 388 οὗ
912 346 1163 401 λαμυρώτερον
1190 346 1302 387 οὐδέν.

366 526 445 567 οὔτε
467 542 527 576 μοι
547 530 569 574 ἠ
590 525 686 575 Τηΐη
713 528 796 578 μᾶζ’
817 525 979 573 ἁνδάνει,
994 523 1073 563 οὔτε
1094 522 1231 577 καρύκη

364 590 385 634 ἡ
404 587 540 627 Λυδῶν·
557 588 638 638 λιτῇ
661 585 696 625 δὲ
715 586 776 624 καὶ
798 584 933 636 αὐαλέῃ
947 585 996 622 ἐνὶ
1013 583 1133 635 κόγχῳ

364 646 548 695 Ἑλλήνων
570 649 591 694 ἡ
612 651 710 686 πᾶσα
727 644 1047 697 περισσοτρύφητος
1068 642 1173 688 ὀϊζύς.

287 843 336 869 ιιο
366 827 511 871 ὕστατος
532 820 576 864 αὖ
592 827 746 879 φυσικῶν
761 824 819 863 καὶ
835 823 1001 866 κύντατος
1016 823 1055 861 ἔκ
1071 821 1197 872 Σάμου
1218 820 1340 869 ἐλθών,

363 885 763 941 γραμμοδιδασκαλίδης
774 914 784 932 ,
803 882 1069 934 ἀναγωγότατος
1084 880 1257 926 ζωόντων.

552 992 572 1013 4
843 991 863 1012 4
1103 989 1123 1009 4

365 1062 622 1117 γραμματική,
645 1064 707 1110 τῆς
727 1061 819 1107 οὔτις
846 1059 1031 1108 ἀνασκοπὴ
1058 1060 1128 1099 οὐδ’
1150 1059 1341 1112 ἀνάθρησις

365 1123 465 1177 ἀνδρὶ
482 1121 723 1176 διδασκομένῳ
744 1119 934 1162 Φοινικικὰ
956 1119 1101 1170 σήματα
1124 1119 1289 1171 Κάδμου.

911 1297 945 1334 ἐν
963 1295 998 1333 δὲ
1017 1293 1222 1345 πλατυσμὸς

287 1369 339 1396 120
367 1354 736 1406 πουλυμαθημοσύνης
749 1384 759 1402 ,
780 1357 843 1402 τῆς
857 1355 894 1394 οὗ
914 1354 1122 1407 κενεώτερον
1140 1354 1243 1393 ἄλλο.

1400 350 1512 385 Ventri
1531 349 1701 391 lndulgens
1719 358 1783 391 quo
1798 349 1876 382 nihil
1890 349 2129 392 impudentius.

1691 448 1709 464 ἡ
1918 447 1936 464 1

1400 525 1510 564 Neque
1522 523 1598 555 Teia
1614 522 1692 554 milii
1710 530 1801 554 maza
1815 522 1932 564 placet,
1946 530 2050 564 neque
2066 522 2216 555 intritum

1400 575 1582 623 Lydorum,
1602 581 1658 614 sed
1677 581 1708 613 in
1727 582 1815 614 tenui
1831 582 1979 623 siccaque
1992 582 2117 614 conche

1401 644 1589 675 Graecorum
1610 641 1676 673 tota
1694 640 1820 673 miseria
1838 641 1933 674 nimis
1949 640 2087 674 delicata
2105 640 2264 673 consistit.

1672 743 1688 761 ἡ

1403 815 1654 863 Ultimus'porro
1672 819 1881 862 physicorum
1898 820 1929 851 et
1944 818 2240 859 impudentissimus
2262 821 2359 852 Samo
2380 827 2458 860 pro·

1402 882 1637 923 ludimagister,
1660 878 1899 913 indoctissimus
1919 878 2119 911 mortalium.
2319 877 2461 921 flectus,

1682 981 1700 999 fi
1931 982 1948 997 Ι
2161 979 2179 998 ί

1402 1060 1632 1100 Grammatica,
1643 1059 1735 1099 quus
1744 1058 1833 1091 nulla
1845 1066 1952 1099 neque
1966 1057 2182 1091 consideratio
2195 1065 2299 1099 neque
2313 1059 2462 1090 contem·

1403 1120 1525 1154 homini
1542 1119 1677 1152 discenti
1695 1117 1876 1152 Pltoenieias
1892 1117 2006 1150 Cadmi
2029 1119 2134 1151 notas.
2275 1115 2394 1159 [platio
2408 1119 2457 1150 est

1907 1218 1925 1235 t
2160 1218 2179 1235 ἡ

1816 1296 1901 1328 luter
1914 1293 1974 1327 alia
1990 1297 2099 1327 autem
2114 1295 2294 1327 ostentatio

1403 1354 1610 1394 eruditionis,
1629 1362 1693 1395 qua
1708 1353 1786 1386 nihil
1807 1353 1920 1386 vanius
1941 1352 2040 1385 aliud.

340 1606 404 1646 Vs.
427 1621 440 1644 1
454 1621 512 1646 11.
535 1605 659 1658 γαστρὶ
677 1603 905 1658 χαριζόμενος
925 1602 1019 1658 κτλ.]
1047 1603 1253 1642 Athenaeus
1269 1602 1341 1641 lib.

286 1665 411 1711 vl1,1
425 1680 439 1703 1
473 1679 513 1717 p.
538 1679 585 1703 α’·
571 1678 645 1715 9:
666 1664 753 1717 Περὶ
775 1663 810 1703 δὲ
839 1667 900 1702 τοῦ
921 1661 1134 1715 Ἐπικούρου
1163 1662 1323 1714 Τιμων’
1309 1678 1344 1700 εν

286 1724 387 1777 τρίτῃ
409 1724 547 1764 Σίλλων
571 1722 686 1775 φησίν·
709 1722 835 1775 γαστρὶ
850 1721 1079 1775 χαριζόμενος
1097 1724 1176 1761 κτλ.
1196 1722 1345 1760 Simili-

287 1791 345 1821 ter
358 1783 459 1822 idem
472 1782 543 1820 lib.
559 1781 609 1820 lv
624 1795 708 1834 cap.
727 1782 775 1821 56
786 1795 824 1834 p.
847 1782 936 1828 163,
948 1782 982 1820 D
997 1796 1005 1820 z
1021 1781 1079 1820 διὰ
1092 1782 1155 1828 τὴν
1171 1781 1342 1833 γαστέρα,

288 1859 304 1877 «ι
315 1836 357 1890 ἧς
366 1843 403 1881 οὐ
412 1841 659 1894 λαμυρώτερον
670 1841 768 1880 οὐδὲν
780 1859 794 1874 ι·
807 1842 955 1892 ὁΤίμων
967 1857 1043 1881 σου.
1058 1841 1171 1881 Conf.
1186 1841 1343 1882 Homer.

287 1902 428 1954 Odyss.
449 1901 519 1941 lib.
541 1900 623 1947 vu,
643 1902 719 1938 216
738 1916 746 1939 :
766 1901 804 1939 οὗ
822 1901 889 1954 γάρ
909 1916 942 1940 τι
959 1904 1110 1955 στυγερῇ
1128 1900 1185 1940 ἐπὶ
1199 1901 1346 1954 γαστέρι

288 1960 451 2014 κύντερον
466 1959 565 2000 ἄλλο.

341 2019 427 2059 Vss.
455 2033 572 2058 xxa-1
585 2025 645 2065 14.
671 2017 748 2058 οὔτε
772 2034 833 2070 μοι
848 2023 870 2068 ἡ
888 2018 984 2067 Τηΐη
1002 2015 1110 2073 ὀϊζύς]
1139 2019 1347 2058 Athenaeus

293 2078 362 2118 lib.
386 2078 435 2117 lv
457 2092 542 2131 cap.
566 2078 614 2116 50
642 2091 730 2131 pag.
766 2080 839 2117 160
859 2092 868 2117 ε
888 2078 1109 2119 Ἀπαίδευτοί
1130 2080 1209 2118 ἐστε
1223 2107 1234 2127 ,
1254 2078 1318 2132 ἔφη
1332 2108 1344 2128 ,

291 2138 412 2191 ἄνδρες
432 2137 655 2189 δαιτυμόνες,
675 2139 739 2177 οὐκ
758 2139 1053 2189 ἀναγινώσκοντες
1074 2138 1196 2191 βιὸλία
1217 2138 1238 2177 ἃ
1256 2139 1346 2188 μόνα

290 2197 449 2239 παιδεύει
469 2197 550 2242 τούς
568 2213 608 2248 γε
628 2199 882 2248 ἐπιθυμοῦντας
902 2200 971 2237 τῶν
992 2197 1123 2237 καλῶν·
1139 2197 1232 2249 λέγω
1250 2196 1287 2236 δὲ
1303 2197 1347 2236 τὰ

289 2259 323 2298 Τ
328 2258 453 2309 ίμωνος
473 2260 533 2296 τοῦ
555 2256 761 2311 [Ιυῤῥωνίου
780 2259 847 2296 τῶν
869 2257 1020 2297 Σίλλων.
1041 2250 1140 2301 οὗτος
1159 2256 1228 2309 γάρ
1252 2258 1346 2296 ἐστιν

292 2315 326 2360 ὃς
356 2316 417 2355 καὶ
445 2319 508 2356 τοῦ
537 2315 668 2369 κόγχου
704 2317 915 2369 μνημονεύει
946 2318 982 2356 ἐν
1011 2317 1061 2370 τῷ
1094 2315 1246 2370 δευτέρῳ
1278 2318 1346 2355 τῶν

293 2375 431 2416 Σίλλων
448 2375 559 2428 λέγων
577 2375 684 2421 οὕτως
704 2391 713 2401 ·
730 2374 810 2415 οὔτε
830 2391 888 2428 μοι
908 2379 930 2425 ἡ
951 2375 1047 2424 Τηΐη
1068 2377 1148 2416 κτλ.
1170 2375 1346 2431 διαφόρων

291 2435 360 2488 γὲρ
379 2436 492 2474 οὐσῶν
512 2435 572 2474 καὶ
592 2437 659 2473 τῶν
689 2437 728 2475 ἐκ
744 2435 825 2475 Τέω
843 2437 1011 2486 μαζῶν...
1033 2434 1092 2473 καὶ
1112 2436 1180 2473 τῶν
1210 2434 1348 2474 Λυδίων

292 2497 471 2547 καρυκῶν,
487 2496 665 2547 προκρίνει
683 2494 889 2548 ἀμφοτέρων
909 2497 928 2533 ὁ
941 2494 1065 2546 Τίμων
1078 2493 1138 2534 τὸν
1153 2493 1348 2547 κόγχον.-

290 2553 356 2593 Vs.
387 2567 459 2591 112
480 2556 503 2601 ἡ
522 2551 618 2601 Τηΐη
646 2554 708 2592 vel
741 2556 763 2600 ἡ
783 2552 873 2602 Τεΐη
900 2555 1123 2594 emendavit
1151 2554 1348 2594 Casaubo-

293 2625 390 2660 nus;
412 2612 564 2651 codices
580 2614 602 2659 ἡ
622 2627 681 2660 τηι
702 2613 763 2651 vel
782 2612 846 2660 ἥτε
861 2614 923 2652 vel
944 2616 966 2660 ἡ
986 2616 1053 2663 τῆ;
1074 2614 1194 2664 vulgo
1211 2612 1347 2662 ἑκταίη.

294 2671 351 2709 De
365 2671 511 2710 conche
535 2671 679 2725 (κόγχῳ)
698 2671 780 2710 vid.
802 2672 984 2712 Juvenal.
1003 2675 1043 2721 3,
1063 2675 1157 2724 2933
1176 2673 1345 2714 Martial.

299 2731 360 2780 13,
383 2745 420 2779 7.

347 2789 432 2829 Vss.
470 2790 658 2828 115·116.
679 2789 829 2835 ὕστατος
867 2785 912 2829 023
951 2791 1347 2846 φυσικῶν-ζωόντων]

294 2851 490 2901 Diogenes
519 2849 697 2889 Laertius
720 2849 788 2889 lib.
816 2853 870 2900 X,
894 2853 914 2889 3
933 2866 941 2890 :
962 2851 1024 2891 Διὸ
1042 2851 1102 2891 καὶ
1122 2851 1180 2890 τὸν
1198 2851 1349 2903 Τίμωνα

295 2909 441 2962 φάσκειν
459 2908 541 2962 περὶ
561 2908 666 2947 αὗτοῧ
688 2907 763 2963 [τοῦ
780 2907 1020 2965 Ἐπικούρου]·
1041 2908 1187 2955 ὕστατος
1207 2905 1253 2950 αῧ
1267 2914 1346 2953 κτλ.

295 2968 502 3008 Athenaeus
517 2966 588 3008 lib.
597 2967 706 3016 xnl,
719 2968 766 3006 53
789 2969 962 3020 pag.588
987 2983 996 3007 z
1013 2968 1120 3010 Ὅθεν
1135 2971 1238 3011 αὐτὸν
1255 2973 1316 3011 καὶ
1332 2975 1351 3012 ὃ

294 3027 420 3078 Τίμων
458 3027 545 3081 φησὶ
582 3045 599 3064 ιι
633 3028 1039 3081 γραμμαδιδασκαλίδην
1083 3030 1350 3082 ἀναγωγότατον

295 3085 469 3134 ζωόντων.
492 3105 508 3123 1·
531 3089 657 3140 Atque
679 3088 760 3127 haec
787 3090 944 3141 quidem
973 3092 1146 3129 omnium
1176 3091 1350 3131 Athenaei

298 3146 475 3186 codicum
491 3147 684 3199 scriptura
698 3156 770 3196 est,
780 3148 847 3187 sed
861 3149 1004 3188 rectius
1020 3149 1136 3188 etiam
1154 3149 1351 3190 Lobeckio

293 3205 428 3257 judice
447 3205 496 3245 ad
511 3205 660 3257 Pliryn.
679 3221 721 3258 p.
738 3208 816 3258 669
836 3207 979 3258 legitur
999 3208 1350 3260 γραμμοδιδασκαλί·

298 3265 361 3312 δης
382 3265 489 3317 quod
507 3273 631 3304 exstat
649 3266 753 3318 apud
773 3266 987 3317 Diogenem
1006 3268 1032 3307 l.
1052 3281 1085 3307 c.
1102 3267 1212 3306 Valet
1224 3278 1350 3307 autem

298 3323 695 3377 γραμμοδιδασκαλίδης
708 3325 810 3364 idem
821 3326 925 3377 quod
934 3326 1350 3380 γραμματοδιδάσκαλος,

300 3383 429 3434 qualis
449 3383 521 3422 suit
539 3383 731 3436 Epicurus
747 3393 951 3437 antequam
971 3385 1233 3438 philosophiae
1259 3400 1351 3439 ope·

300 3454 382 3481 ram
400 3443 521 3483 daret.
541 3443 629 3483 vid.
650 3444 763 3495 Diog.
783 3444 810 3485 l.
828 3459 862 3483 c.

351 3500 438 3541 Vss.
467 3516 480 3540 1
493 3515 580 3551 ¹7·1
593 3503 655 3542 18.
677 3503 932 3556 γραμματική,
949 3506 1011 3552 τῆς
1039 3503 1351 3559 οὔτις-Κάδμου]

1405 1602 1544 1640 Sextus
1561 1600 1784 1653 Empiticus
1801 1598 1891 1638 adv.
1906 1597 2025 1636 Math.
2038 1597 2072 1646 Ι,
2087 1598 2167 1636 53:
2194 1597 2461 1644 Καίτοιδόξειεν

1405 1660 1447 1699 ἄν
1467 1676 1558 1700 τισιν
1578 1659 1635 1699 ἐπὶ
1655 1662 1718 1707 τῆς
1739 1656 1896 1701 ἐναντίας
1917 1651 2006 1696 εἶναι
2024 1673 2052 1695 π
2076 1656 2234 1710 ολήψεως
2250 1659 2268 1696 ὁ
2282 1658 2466 1712 προφήτης

1404 1722 1474 1758 τῶν
1493 1718 1682 1774 Πύρρωνος
1699 1717 1812 1770 λόγων
1834 1717 1975 1767 Τίμων,
1990 1718 2024 1756 ἐν
2039 1673 2088 1762 oi<
2102 1731 2200 1770 φησι·
2217 1717 2465 1770 γραμματική,

1404 1782 1466 1827 τῆς
1485 1779 1579 1824 οὔτις
1605 1780 1686 1818 κτλ.
1707 1778 1761 1818 Οὔ
1792 1775 1862 1828 μὴν
1879 1775 1988 1821 οὕτως
2007 1775 2102 1830 ἔχειν
2122 1774 2297 1830 φαίνεται.
2328 1776 2369 1816 τὸ
2396 1776 2466 1831 γὰρ

1406 1842 1465 1880 ὑπ’
1484 1841 1590 1880 αὐτοῦ
1608 1838 1796 1892 λεγόμενον
1814 1838 1878 1876 οὐκ
1895 1835 1970 1876 ἔστι
1990 1839 2146 1875 τοιοῦτον
2163 1836 2243 1876 κατ’
2268 1837 2376 1884 αὐτῆς
2402 1840 2467 1886 τῆς

1405 1901 1656 1953 γραμματικῆς
1675 1899 1754 1938 καθ’
1774 1896 1817 1945 ἣν
1835 1896 2039 1936 διδάσκεται
2051 1895 2096 1935 τὰ
2114 1895 2304 1936 Φοινικικὰ
2318 1897 2466 1948 σήματα

1409 1959 1576 2010 Κάδμου·
1596 1957 1658 2005 τὸ,
1679 1955 1825 2006 οὐδεμία
1842 1954 1936 1995 ἐστὶν
1954 1953 2140 2003 ἀνασκοπὴ
2161 1955 2234 1994 οὐδ’
2256 1955 2464 2009 ἀνάθρησις.

1409 2019 1493 2061 Πῶς
1511 2015 1601 2070 γὰρ,
1624 2016 1653 2055 εἰ
1673 2015 1816 2054 διδάσκε
1803 2015 1878 2053 εταί
1898 2029 1950 2058 τις
1972 2013 2095 2063 αὐτην,
2121 2012 2288 2087 οὐδεμίαν
2313 2013 2466 2068 ἔσχηκεν

1407 2075 1619 2130 ἐπιστροφὴν
1638 2076 1815 2123 αυτῆςςα
1793 2072 1886 2113 ἀλλὰ
1917 2074 2052 2124 μᾶλλον
2077 2073 2217 2114 τοιοῦτό
2236 2089 2346 2127 φησι,
2365 2076 2466 2116 διδα-

1406 2134 1524 2188 χθέντι
1543 2134 1588 2173 τὰ
1602 2133 1793 2174 Φοινικικὰ
1816 2131 1962 2183 σήματα
1985 2128 2151 2184 Κάδμου,
2170 2133 2335 2186 οὐδεμιᾶς
2355 2135 2467 2184 ἄλλης

1407 2195 1507 2249 παρὰ
1524 2194 1628 2235 τοῦτό
1650 2195 1726 2233 ἐστι
1747 2195 2001 2246 γραμματικῆς
2024 2193 2231 2246 ἐπιστροφή

1459 2255 1544 2295 Vss.
1570 2270 1584 2293 1
1597 2269 1660 2305 19·
1671 2268 1759 2294 120.
1777 2254 1811 2292 ἐν
1827 2251 1862 2291 δὲ
1879 2251 2086 2304 πλατυσμὸς
2099 2254 2353 2306 πουλυμαθημ.
2368 2255 2465 2310 κτλ.]

1408 2317 1616 2355 Athenaeus
1637 2314 1705 2354 lib.
1717 2312 1827 2358 XIII,
1848 2326 1896 2362 91
1920 2325 2008 2364 pag.
2025 2313 2118 2361 610,
2134 2313 2192 2351 Β.
2217 2315 2388 2354 Τοσαῦτα
2403 2318 2465 2355 τοῦ

1409 2375 1590 2429 Μυρτίλου
1611 2373 1689 2422 ἑξῆς
1704 2371 1960 2417 καταλέξαντος
1979 2386 2041 2410 και
2061 2372 2202 2412 πάντων
2221 2372 2325 2412 αὗτον
2346 2372 2406 2414 ἐπὶ
2420 2377 2467 2428 τῇ

1408 2435 1533 2489 μνήμῃ
1554 2432 1810 2485 θαυμασάντων
1830 2433 1848 2470 ὁ
1867 2431 2066 2475 Κύνουλκος
2090 2431 2177 2485 ἔφη·
2193 2450 2210 2468 α
2230 2434 2467 2484 πουλυμαθη-

1409 2495 1584 2547 μοσύνης,
1606 2496 1670 2541 τῆς
1700 2493 1740 2531 οὗ
1770 2490 1979 2545 κενεώτερον
1998 2490 2111 2543 οὐδέν,
2143 2509 2160 2527 n
2184 2489 2326 2533 Ἵππων
2350 2491 2418 2547 ἔφη
2447 2495 2468 2534 ὁ

1409 2555 1518 2598 ἄθεος.
1537 2553 1646 2594 Ἀλλὰ
1676 2552 1738 2593 καὶ
1758 2550 1989 2606 Ἡράκλειτος
2008 2552 2027 2589 ὁ
2045 2550 2134 2596 θεῖός
2165 2567 2251 2605 φησι
2281 2570 2298 2587 ι
2325 2553 2466 2593 Πουλυ-

1409 2614 1519 2665 μαθίη
1550 2613 1626 2653 νόον
1656 2612 1749 2666 ἔχειν
1782 2614 1820 2651 οὗ
1861 2610 2034 2651 διδάσκει.
2067 2628 2084 2646 ι»
2116 2611 2188 2651 Καὶ
2218 2613 2237 2650 ὁ
2266 2609 2394 2664 Τίμων
2428 2611 2468 2652 δὲ

1408 2675 1495 2728 ἔφη·

2116 2757 2180 2798 Ἐν
2201 2757 2237 2797 δὲ
2258 2758 2467 2811 πλατυσμὸς

1463 2818 1849 2873 πουλυμαθημοσύνης,
1864 2821 1926 2866 τῆς
1943 2818 1981 2857 οὗ
1999 2816 2206 2870 κενεώτερον
2225 2816 2329 2858 ἄλλο.

1411 2910 1599 2961 Bergkius
1615 2909 1663 2948 de
1682 2906 1859 2946 Comoed.
1872 2905 1986 2945 Attio.
2000 2903 2128 2956 Reliq.
2147 2918 2188 2957 p.
2212 2905 2286 2943 180
2300 2904 2468 2956 conjecit

1409 2971 1490 3010 haec
1509 2984 1531 3009 a
1555 2968 1590 3007 Τ
1593 2969 1725 3008 imone
1752 2974 1819 3005 aut
1846 2965 1888 3004 in
1918 2965 2139 3017 Hipponem
2171 2964 2319 3016 ipsum,
2354 2963 2469 3016 cnjus

1410 3043 1567 3069 versum
1597 3026 1800 3080 paululum
1829 3025 2073 3063 immutatum
2104 3024 2146 3062 in
2166 3036 2281 3062 suum
2311 3036 2468 3063 carmen

1411 3088 1629 3135 tvanstulit,
1650 3099 1734 3125 esse
1750 3085 1854 3123 dicta
1871 3082 1998 3122 autad
2020 3082 2223 3122 Platonem
2243 3082 2403 3130 referri,
2424 3082 2468 3122 in

1411 3149 1521 3201 cujus
1552 3147 1711 3187 nomine
1731 3145 1873 3197 saepius
1892 3143 1987 3182 lusit
2012 3142 2290 3194 sillographus.
2313 3141 2374 3182 Cf.
2403 3154 2467 3184 vs.

1411 3209 1461 3247 65
1483 3217 1521 3247 et
1542 3221 1605 3256 7¹·
1630 3209 1689 3244 De
1709 3204 1891 3256 Hippone
1916 3202 2028 3240 atheo
2049 3201 2141 3240 vide
2162 3199 2468 3253 disputationem

1410 3268 1516 3307 Guil.
1544 3265 1699 3316 Uhrigii
1717 3264 1856 3314 (Gissae
1880 3262 1993 3313 1848)
2021 3274 2111 3313 pag.
2136 3276 2176 3312 9,
2191 3269 2229 3299 et
2246 3259 2469 3299 Bakhuizen

1411 3341 1486 3366 van
1497 3327 1572 3366 den
1591 3325 1725 3366 Brink.
1739 3323 1829 3363 Var.
1844 3323 1966 3362 Lectt.
1987 3335 2037 3360 ex
2054 3321 2146 3361 hist.
2166 3320 2264 3373 phil.
2280 3328 2360 3360 ant.
2376 3332 2467 3372 pag.

1413 3388 1480 3437 57,
1504 3396 1542 3426 et
1562 3400 1650 3439 quae
1675 3397 1793 3437 supra
1823 3382 2004 3434 exposita
2037 3388 2129 3420 sunt
2161 3393 2250 3432 pag.
2281 3380 2348 3419 81.
2387 3377 2468 3428 Ego

1412 3460 1527 3498 quem
1574 3443 1853 3498 philosophum
1883 3442 1946 3480 his
1975 3439 2155 3480 vet-sibus
2190 3437 2467 3492 perstrinxerit

1412 3506 1609 3545 Phliasius
1641 3513 1779 3558 poeta,
1809 3504 2095 3556 incompertum
2121 3500 2261 3540 habeb.
2286 3496 2469 3538 Timonis
