2612 3814
298 244 344 276 ³2
1173 229 1602 271 COMMENTARIUS.

294 329 389 373 σθαι,
406 324 444 363 τό
461 340 497 363 τε
515 323 551 363 ὃν
574 324 778 369 ἑξολλυσθαι
795 322 986 370 ἀνήνυστον
1003 322 1064 361 καὶ
1074 321 1254 375 ἄπρηκτον
1266 351 1276 368 ,
1288 320 1344 360 ἀεὶ

294 385 362 438 γὰρ
381 384 601 438 περιέσεσθαι
618 382 688 436 ὅπῃ
707 382 748 422 κε’
769 398 821 427 τις
838 383 912 421 αἰὲν
932 381 1048 434 ἕρείδῃ
1062 410 1071 428 ,
1088 380 1182 431 ὅμως
1199 382 1268 418 τῶν
1290 378 1347 418 ὄν·

292 459 361 481 των
379 442 422 481 τὰ
440 443 502 493 μὲν
523 440 617 482 ἀΐδια
639 436 728 481 εἶναί
745 457 844 495 φησι,
863 444 934 493 πῦρ
947 439 1007 479 καὶ
1025 438 1118 492 ὕδωρ
1133 438 1192 477 καὶ
1207 441 1272 489 γῆν
1287 437 1348 477 καὶ

295 501 395 556 ἀέρα,
411 502 454 541 τὰ
470 502 500 541 δ’
515 503 605 542 ἄλλα
624 501 801 553 γίγνεσθαί
818 516 855 539 τε
873 500 933 539 καὶ
947 500 1127 552 γεγονέναι
1146 500 1185 537 ἐκ
1203 498 1347 537 τούτων.

294 562 486 602 Similiter
499 562 614 600 Philo
628 562 675 600 de
690 560 825 599 mundi
841 569 970 598 aetern.
988 558 1048 609 (cf.
1060 558 1198 596 Galeni
1214 571 1346 608 opusc.

294 636 335 675 p.
355 622 458 674 510)
480 622 621 674 λέγεται
651 620 769 672 μέντοι
794 619 855 659 καὶ
887 617 997 672 φθορὰ
1001 647 1094 657 ......
1120 621 1142 664 ἡ
1165 621 1226 656 τοῦ
1252 618 1348 661 ὄντος

297 681 481 736 ἀφαίρεσις
511 680 705 728 παντελής,
735 679 779 727 ἣν
809 678 869 717 καὶ
900 676 1123 730 ἀνύπαρκτον
1157 676 1347 727 ἀναγκαῖον

296 742 424 793 λέγειν.
441 742 560 793 ὥσπερ
578 743 617 780 ἐκ
636 744 695 779 τοῦ
721 738 771 790 μὴ
788 738 882 782 ὄντος
894 736 990 776 οὐδὲν
1009 736 1182 788 γίγνεται,
1197 735 1275 774 οὐδὲ
1298 737 1345 780 εἷς

296 800 336 840 τὸ
357 800 406 852 μὴ
426 799 462 840 ὂν
481 800 677 853 φθείρεται·
696 800 735 837 ἐκ
751 801 809 836 τοῦ
831 797 898 849 γὰρ
913 798 1067 845 οὐδαμοῦ
1085 795 1181 839 ὄντος
1201 794 1348 847 ἀμήχα-

296 859 353 898 νόν
375 860 449 898 ἔστι
478 858 637 911 γενέσθαι
657 874 705 905 τι,
726 858 766 895 τό
781 872 818 895 τε
847 856 884 894 ὂν
904 854 1134 900 ἐξαπολέσθαι
1156 854 1347 902 ἀνήνυστον

296 919 356 958 καὶ
395 918 574 957 ἅπαυστόν
614 920 624 963 (
640 918 714 966 leg.
749 915 929 967 ἄπρηκτον
950 914 973 967 ).
1000 914 1098 953 Fuse
1136 914 1184 952 de
1216 913 1348 952 verbis

296 978 516 1016 Aristotelis
531 990 574 1015 ac
588 976 635 1015 de
653 975 897 1026 Empedoclis
915 975 1002 1013 loco
1020 974 1219 1026 disputavi
1235 988 1272 1026 p.
1301 974 1346 1011 18

297 1049 390 1075 meae
416 1035 600 1074 editionis
614 1063 624 1082 ,
661 1033 907 1072 Aristotelem
944 1046 1039 1072 vero
1071 1041 1111 1071 etv
1135 1033 1345 1071 Philonem

297 1096 414 1133 duces
435 1103 587 1133 secutus
608 1094 664 1132 sic
683 1093 783 1131 vatis
807 1092 1054 1143 Agrigentini
1078 1105 1216 1131 versus
1233 1093 1345 1131 resti-

296 1163 405 1192 tuere
419 1162 579 1192 conatus
599 1166 683 1192 sum
701 1167 710 1190 :

351 1243 390 1280 ἐκ
407 1245 468 1280 τοῦ
486 1240 557 1294 γὰρ
577 1240 627 1291 μὴ
646 1239 758 1284 ἐόντος
776 1238 959 1293 ἀμήχανόν
977 1241 1051 1278 ἐστι
1074 1238 1234 1291 γενέσθαι

352 1299 391 1339 τό
412 1302 443 1338 τ’
466 1300 519 1339 ε’ὸν
542 1299 746 1345 ἐξόλλυσθαι
765 1299 955 1346 ἀνήνυστον
975 1299 1035 1338 καὶ
1058 1298 1239 1350 ἄπρηκτον
1253 1315 1261 1324 ·

351 1358 418 1397 αἰεὶ
437 1358 504 1413 γὰρ
526 1357 704 1412 περιέσται
724 1357 792 1412 ὅπῃ
810 1355 851 1397 κε’
865 1374 915 1403 τις
933 1358 1005 1396 αἰὲν
1025 1358 1152 1411 ἐρείδῃ.

298 1454 368 1492 His
388 1454 593 1492 versiculis
614 1454 837 1492 continetur
861 1454 1070 1505 perspicua
1089 1454 1235 1493 decreti
1254 1468 1323 1493 sex
1337 1478 1347 1484 -

297 1512 442 1552 centies
468 1512 659 1551 decantati
692 1513 901 1554 exnositio.
931 1512 1173 1565 Simpliciter
1203 1513 1346 1552 Lucre-

297 1581 375 1611 tius
399 1584 408 1610 :

377 1656 404 1687 E
419 1654 518 1686 nihilo
537 1654 615 1687 nillil
628 1680 636 1695 ‚
654 1654 686 1686 in
704 1654 839 1687 nihilum
858 1654 901 1687 nil
923 1664 1019 1697 posse
1035 1656 1165 1689 reverti.

349 1741 412 1781 Vs.
445 1755 530 1780 102.
559 1742 715 1794 Scripsi
743 1744 783 1781 ἐκ
803 1745 862 1780 τοῦ
891 1739 959 1794 γὰρ
981 1740 1031 1793 μὴ
1053 1741 1191 1790 ἐόντος,
1224 1757 1346 1795 quum

297 1801 399 1852 apud
420 1801 666 1840 Aristotelem
688 1815 760 1853 pro
788 1801 945 1851 vulgato
963 1800 1002 1839 ἔκ
1016 1817 1054 1840 τε
1072 1800 1121 1852 μὴ
1142 1800 1238 1847 ὄντος
1261 1803 1346 1842 Co-

297 1861 372 1899 dex
389 1860 604 1916 Lipsiensis
622 1860 795 1913 praebeat
811 1862 850 1899 ἐκ
871 1863 932 1899 τοῦ
960 1859 1009 1911 μὴ
1035 1860 1143 1906 ὄντος.
1169 1861 1347 1902 Sturzius

298 1928 504 1972 proposuit
520 1922 558 1959 ἐκ
577 1923 637 1959 τοῦ
665 1919 714 1968 μὴ
734 1919 830 1964 ὄντος
852 1935 910 1969 τι,
932 1919 1162 1960 Karstenius
1182 1920 1221 1959 ἔκ
1238 1937 1276 1960 τε
1295 1922 1344 1972 μὴ

298 1977 412 2026 ὄντος,
427 1978 677 2031 Spaldingius
693 1981 732 2018 ἐκ
753 1978 803 2029 μὴ
822 1977 918 2024 ὄντος
931 2010 940 2028 ,
963 1979 1290 2021 Panzerbieterus
1308 1985 1347 2022 ἐκ

299 2036 362 2088 μὲν
382 2036 449 2089 γὰρ
481 2037 531 2088 μὴ
560 2037 702 2087 ἐόντος,
735 2038 926 2088 Bergkius
953 2039 994 2077 ἔκ
1013 2054 1051 2077 τε
1079 2043 1139 2079 τοῦ
1160 2038 1211 2091 μὴ
1235 2040 1344 2085 ὄντος.

298 2097 420 2135 Meam
443 2097 751 2137 emendationem
769 2097 951 2150 probavit
970 2098 1155 2140 Steinius.

349 2155 413 2195 Vs.
435 2157 521 2197 103.
541 2157 656 2209 posui
676 2156 714 2196 τό
730 2158 760 2195 τ’
780 2156 835 2195 ἐὸν
862 2171 950 2195 cum
983 2157 1193 2197 Karstenio
1219 2173 1340 2211 quum

299 2215 403 2267 apud
435 2216 680 2254 Aristotelem
702 2216 850 2269 pariter
868 2224 983 2267 atque
1012 2217 1116 2268 apud
1139 2217 1345 2258 Philonem

299 2276 350 2313 sit
370 2273 409 2313 τό
428 2289 466 2313 τε
481 2273 518 2313 ὄν
538 2288 664 2326 neque
684 2275 857 2314 offendat
868 2273 908 2314 τό
924 2277 1021 2313 arsis
1038 2275 1079 2313 vi
1098 2276 1346 2328 productum.

300 2333 355 2372 Cf.
371 2333 474 2372 infra
501 2347 605 2374 vers.
630 2349 720 2374 212.
740 2334 784 2373 τὰ
807 2333 867 2373 δύο
886 2337 955 2373 τῶν
971 2332 1063 2373 ὀκτὼ
1088 2335 1167 2373 κτλ.
1195 2345 1233 2374 et
1252 2336 1348 2375 Par-

301 2405 401 2431 men.
413 2406 470 2432 vs.
483 2394 531 2431 63
549 2408 557 2431 :
574 2394 738 2441 πῆπόθεν
756 2392 1004 2442 αὖξηθέν;οὔτ’
1021 2396 1060 2433 ἐκ
1077 2394 1126 2446 μὴ
1141 2394 1237 2441 ὄντος
1254 2396 1349 2436 ἐάσω

301 2459 338 2489 et
358 2452 409 2502 69
426 2452 604 2503 γίγνεσθαί
623 2469 657 2491 τι
673 2454 758 2505 παρ’
780 2453 877 2494 αὐτό.
894 2453 1067 2493 Τοῦνεκεν
1083 2453 1163 2494 οὔτε
1176 2455 1347 2506 γενέσθαι.

303 2509 477 2554 Quorum
499 2512 610 2562 prior
628 2521 836 2564 propterea
855 2513 1024 2563 insignis
1045 2522 1126 2562 est,
1153 2515 1261 2566 quod
1281 2517 1351 2555 ul-

305 2569 436 2608 timam
455 2569 637 2610 vocabuli
654 2570 799 2618 αὐξηθέν
820 2572 1007 2623 syllabam
1026 2574 1105 2612 arsi
1120 2574 1349 2626 productam

304 2628 501 2675 continet,
528 2629 723 2680 posterior
747 2630 853 2681 quod
874 2640 1070 2682 postrema
1100 2634 1350 2684 pronominis

306 2686 391 2724 αὐτό
409 2686 562 2738 syllaba
596 2688 682 2726 solo
710 2698 869 2728 accentu
890 2690 1004 2741 longa
1030 2692 1085 2729 fit.
1105 2692 1203 2732 Sunt
1222 2703 1348 2733 autem

307 2745 347 2783 hi
368 2746 446 2784 loci
464 2747 690 2785 testimonio
705 2747 811 2786 haud
833 2750 960 2788 rarius
985 2750 1198 2792 didacticos
1217 2763 1351 2806 poetas

304 2803 354 2842 ab
387 2805 600 2844 artificiosa
625 2806 786 2858 poeticae
809 2820 948 2846 norma
974 2812 1204 2860 recessisse,
1234 2827 1350 2864 quam

302 2863 460 2914 epicos,
485 2864 533 2903 de
547 2878 712 2916 quorum
734 2866 912 2906 versibus
932 2868 1119 2920 ἀκεφάλοις
1137 2881 1352 2924 caeteraque

307 2921 462 2960 licentia
489 2936 536 2960 ex
570 2922 768 2962 veteribus
803 2927 880 2975 egit
914 2927 1121 2967 Athenaeus
1153 2930 1223 2969 lib.
1264 2931 1350 2970 xlv

307 2993 345 3031 p.
368 2981 446 3018 632
462 3010 472 3028 ,
489 2994 537 3019 ex
565 2981 850 3021 recentioribus
871 2984 1114 3026 Hermaunus
1137 2987 1257 3030 Elem.
1281 2990 1350 3031 do-

307 3047 375 3077 ctr.
397 3048 509 3079 metr.
530 3054 567 3091 p.
602 3041 695 3088 346,
723 3041 978 3082 Buttmannus
999 3044 1173 3087 Gramm.
1195 3050 1311 3101 ampl.
1333 3050 1350 3088 1

306 3097 329 3147 5
347 3111 367 3145 7
387 3110 474 3148 pag.
491 3104 541 3143 40
562 3111 669 3150 seqq.
684 3098 889 3141 Thiersch.
909 3101 1085 3142 Gramm.
1103 3106 1218 3146 Hom.
1236 3109 1257 3157 §
1278 3114 1348 3159 147

307 3167 393 3205 pag.
419 3169 433 3192 ι
444 3157 492 3203 76
509 3169 616 3207 seqq.
641 3156 909 3209 Empedocleis
926 3161 1078 3201 duobus
1091 3164 1269 3206 versibus
1284 3170 1351 3219 qui

307 3211 356 3249 ab
377 3213 543 3251 articulo
575 3214 653 3252 arsi
682 3215 873 3266 producto
906 3220 1101 3271 incipiunt
1120 3223 1262 3263 similis
1294 3236 1352 3265 est

307 3270 536 3310 Homericus
561 3271 672 3310 Iliad.
691 3272 796 3322 XXI,
817 3276 892 3314 352
915 3289 925 3316 z

411 3352 456 3392 τὰ
475 3355 556 3407 περὶ
579 3356 672 3396 καλὰ
695 3359 817 3413 ῥέεθρα
839 3361 916 3407 ἅλις
939 3366 1112 3416 ποταμοῖο
1132 3367 1296 3421 πεφύκει.

305 3440 498 3487 Quocirca
519 3459 599 3486 non
619 3447 835 3488 audiendus
852 3451 1023 3492 Steinius
1040 3456 1109 3506 qui
1128 3470 1188 3494 me
1203 3456 1350 3497 Karste-

1415 320 1471 358 nii
1493 319 1541 358 de
1559 319 1658 357 arsis
1683 318 1722 357 vi
1745 317 1913 357 somniis
1941 318 2056 358 fisum
2084 318 2140 357 ita
2159 319 2366 372 scripsisse
2385 322 2470 374 opi-

1414 386 1541 417 natur.
1564 377 1653 429 Ipse
1678 376 1904 428 Empedocli
1931 376 2104 417 obtrusit
2127 391 2136 417 :
2167 376 2230 417 καί
2249 377 2279 416 τ’
2299 377 2354 418 ἐὸν
2374 378 2472 425 ἐξόλ-

1414 438 1540 476 λυσθαι
1564 452 1597 475 κ.
1606 452 1637 475 τ.
1655 436 1708 484 λ.,
1724 435 2048 477 Panzerbieterus
2067 437 2128 476 καὶ
2148 437 2177 476 δ’
2194 437 2250 477 ἐὸν
2264 467 2277 489 ,
2293 437 2471 480 Sturzius

1410 495 1470 535 καὶ
1494 495 1534 535 τὸ
1550 494 1608 546 ὂν,
1629 495 1954 547 wyttenbachius
1974 496 2035 535 καὶ
2055 496 2096 535 τό
2111 495 2144 547 γ’
2171 495 2208 536 ὄν
2230 497 2414 549 conjecit.

1464 554 1530 593 Vs.
1558 560 1646 601 104.
1666 555 1795 601 Quum
1826 555 1930 608 apud
1949 555 2198 595 Aristotelem
2225 557 2346 608 vulgo
2362 557 2468 610 lege-

1411 623 1519 653 retur
1540 613 1594 653 ἀεὶ
1614 613 1683 667 γὰρ
1700 614 1892 663 θήσεσθαι,
1919 614 1991 668 δ’πῃ
2019 614 2061 655 κέ
2080 631 2131 660 τις
2152 614 2227 655 αἰὲν
2255 617 2371 672 ἐρείδῃ
2386 647 2398 670 ,
2419 617 2469 657 ab

1412 674 1502 713 aliis
1522 674 1637 712 aliter
1671 674 1892 712 Aristotelis
1922 673 2032 713 locus
2056 683 2243 714 tractatus
2267 684 2306 715 et
2333 689 2471 717 versus

1414 733 1697 786 Empedocleus
1721 733 1879 771 relictus
1898 742 1970 775 est.
1987 733 2091 772 Illud
2108 747 2203 773 vero
2225 735 2389 774 minime
2402 735 2472 775 du-

1411 790 1538 840 bium,
1556 792 1653 843 quin
1671 791 1924 843 Empedocles
1938 791 2224 831 elementorum
2239 802 2356 845 atque
2372 794 2469 834 adeo

1412 850 1538 903 ipsius
1577 851 1678 889 entis
1720 851 1974 889 aeternitatem
2007 859 2237 891 ostensurus
2287 866 2363 904 pro
2406 852 2471 902 θή-

1412 914 1533 950 σεσθαι
1548 910 1610 949 vel
1630 910 1777 958 θήσεται
1795 909 1903 949 aliud
1918 910 2145 950 adhibuerit
2160 911 2343 961 verbum,
2362 915 2470 966 quod

1411 969 1684 1021 perpetuitatis
1702 970 1902 1008 notionem
1923 970 2133 1022 exprimat.
2150 970 2330 1023 Namque
2346 973 2389 1012 in
2404 972 2469 1013 his

1412 1028 1697 1067 mutationibus
1711 1060 1721 1077 ,
1744 1043 1832 1081 quae
1852 1030 2101 1069 continenter
2116 1031 2237 1081 fiunt,
2267 1045 2469 1084 nunquam

1412 1088 1590 1127 accidere
1615 1097 1745 1128 censet
1761 1089 2039 1141 Empedocles,
2058 1099 2102 1129 ut
2120 1090 2335 1143 quidquam
2360 1104 2383 1130 e
2406 1091 2471 1132 ni-

1412 1147 1494 1186 hilo
1521 1147 1686 1196 oriatur,
1714 1148 1778 1187 vel
1810 1162 2048 1200 quocunque
2073 1162 2214 1200 urgeas
2246 1150 2464 1202 quidquam

1410 1215 1554 1259 pereat.
1573 1207 1763 1258 Bergkius
1779 1208 1902 1258 igitur
1918 1209 2023 1261 apud
2039 1209 2288 1248 Aristotelem
2311 1223 2387 1262 pro
2406 1209 2468 1259 θή·

1412 1268 1537 1303 σεσθαι
1554 1266 1732 1317 reposuit
1752 1265 1938 1306 θεύσεσθαι
1958 1281 2004 1306 eo
2026 1281 2144 1308 sensu
2168 1277 2368 1321 acceptum
2390 1283 2469 1322 quo

1411 1323 1668 1376 Empedocles
1700 1339 1896 1378 usurpare
1929 1327 2043 1366 solet.
2075 1326 2273 1366 Nimirum
2301 1327 2467 1368 verbum

1411 1383 1480 1421 θεῖν
1500 1383 1548 1421 ad
1575 1384 1858 1424 elementorum
1887 1387 2123 1426 mutationes
2142 1387 2351 1440 variasque
2372 1402 2469 1441 quas

1410 1444 1580 1483 induunt
1616 1446 1759 1484 formas
1785 1446 1929 1498 saepius
1958 1447 2158 1485 transtulit
2186 1445 2467 1499 Empedocles,

1412 1514 1454 1542 ut
1474 1518 1533 1544 vs.
1552 1506 1621 1556 96,
1656 1511 1754 1555 149,
1779 1514 1818 1544 et
1838 1505 1950 1546 alibi.
1980 1507 2030 1544 At
2046 1506 2124 1545 hoc'
2141 1505 2266 1546 verbo
2284 1521 2365 1546 non
2390 1516 2467 1546 tam

1411 1564 1498 1615 ipsa
1517 1564 1744 1616 perennitas
1773 1574 1812 1603 et
1840 1566 1982 1605 mortis
2015 1566 2193 1605 vacuitas
2224 1566 2468 1617 designatur,

1410 1635 1527 1672 quam
1557 1631 1747 1674 perpetua
1768 1624 1942 1662 mutatio.
1972 1624 2203 1664 Karstenius
2233 1634 2272 1664 et
2295 1625 2469 1666 Steinius

1409 1690 1606 1731 praeeunte
1639 1681 1793 1721 Sturzio
1833 1683 2001 1723 rescribi
2036 1684 2224 1723 volebant
2252 1699 2263 1724 ε
2301 1684 2372 1724 αἰεὶ
2401 1685 2470 1739 γὰρ

1409 1741 1598 1787 στήσονται
1631 1740 1700 1794 ὅπῃ
1737 1741 1778 1780 κε’
1807 1758 1859 1787 τις
1888 1741 1962 1781 αἰὲν
1995 1742 2110 1797 ἐρείδῃ
2143 1743 2217 1784 hac
2246 1745 2468 1784 sententia:

1413 1817 1429 1833 ι
1453 1814 1607 1853 semper
1626 1802 1731 1840 enim
1759 1801 1917 1841 stabunt
1936 1817 2171 1855 quacunque
2197 1804 2351 1843 ratione
2378 1805 2470 1857 quis

1408 1870 1555 1911 urgeat.
1571 1879 1587 1896 »
1603 1861 1678 1900 Sed
1691 1861 1776 1910 hoc,
1789 1871 1952 1914 propter
1963 1863 2264 1914 significationis
2275 1862 2469 1915 ambigui-

1411 1929 1543 1969 tatem,
1557 1934 1635 1972 qua
1658 1920 1849 1968 στήσονται
1875 1921 1992 1960 modo
2009 1927 2212 1960 consistent
2227 1922 2411 1974 vertitur,
2426 1931 2472 1962 ut

1411 1981 1515 2032 apud
1530 1981 1746 2019 Homerum
1761 1980 1876 2021 Iliad.
1888 1980 1960 2029 xl,
1977 1981 2195 2031 6083V111,
2215 1983 2309 2031 2343
2324 1981 2468 2032 XVIII,

1413 2041 1504 2089 278,
1527 2041 1618 2089 308,
1634 2039 1772 2092 Eurip.
1794 2040 1935 2081 Phoen.
1959 2054 2015 2080 vs.
2043 2042 2137 2090 630,
2162 2041 2278 2081 modo
2299 2046 2463 2092 erigent,

1411 2108 1453 2137 ut
1485 2100 1590 2152 apud
1622 2100 1788 2139 eundem
1824 2100 2057 2153 Euripidem
2087 2101 2278 2140 Androm.
2307 2115 2366 2143 vs.
2392 2103 2466 2152 761

1410 2164 1577 2210 τροπαῖον
1595 2161 1701 2198 αὐτοῦ
1723 2158 1919 2210 στήσομαι,
1942 2160 1983 2198 in
2004 2159 2233 2212 hujusmodi
2252 2161 2469 2211 fragmento

1412 2232 1491 2256 non
1513 2219 1605 2257 satis
1621 2218 1871 2257 commodum
1894 2227 2067 2271 apparet.
2092 2219 2178 2258 Huc
2194 2219 2344 2258 accedit
2363 2220 2471 2272 quod

1411 2277 1444 2315 si
1472 2285 1602 2316 teneas
1631 2277 1845 2326 στήσονται,
1874 2287 2022 2317 motum
2045 2287 2177 2317 secuta
2204 2278 2317 2330 quies
2336 2292 2468 2318 rerum

1413 2336 1530 2375 certis
1546 2337 1647 2375 locis
1674 2346 1904 2376 statutarum
1926 2338 2188 2388 significatur,
2212 2337 2256 2377 id
2284 2338 2391 2390 quod
2419 2337 2469 2378 ab

1411 2393 1661 2447 Empedoclis
1676 2405 1804 2435 mente
1820 2397 2106 2436 alienissimum
2124 2406 2193 2436 est.
2209 2396 2318 2436 Nihil
2338 2397 2381 2436 in
2396 2397 2470 2436 hac

1412 2467 1528 2492 causa
1575 2455 1676 2494 vidit
1711 2455 2037 2507 wyttenbachius
2054 2486 2065 2506 ,
2111 2465 2207 2496 teste
2263 2455 2470 2496 Karstenio

1411 2528 1451 2566 p.
1478 2528 1547 2564 191
1570 2514 1642 2553 αἰὲν
1661 2514 1730 2569 γὰρ
1745 2515 1878 2556 θεύσετ’
1894 2517 1958 2556 vel
1979 2515 2098 2564 θήσετ’
2115 2516 2200 2565 ὅπῃ,
2220 2516 2327 2568 quod
2348 2530 2469 2570 expo·

1411 2573 1469 2611 nit
1484 2573 1646 2613 θεύσεται
1666 2575 1728 2613 vel
1749 2573 1896 2622 θήσεταί
1915 2591 1987 2624 τις,
2009 2576 2216 2627 legendum
2237 2578 2469 2629 suspicatuS.

1412 2633 1545 2684 Longe
1573 2635 1714 2674 melius
1735 2636 1890 2687 antiqui
1919 2637 2020 2674 vatis
2041 2636 2189 2675 dictum
2206 2636 2250 2675 i'n
2272 2637 2467 2687 integrum

1412 2694 1617 2733 restituere
1632 2694 1792 2733 molitus
1807 2703 1865 2734 est
1881 2695 1942 2734 Fr.
1959 2694 2285 2734 Panzerbieterus
2301 2694 2375 2741 hac
2387 2707 2470 2734 ver-

1411 2752 1554 2792 borum
1574 2754 1885 2793 conformatione
1912 2768 1922 2792 2
1944 2754 2013 2793 αἷεὶ
2039 2753 2108 2807 γὰρ
2131 2756 2175 2807 τῇ
2195 2755 2229 2805 γ’
2250 2746 2376 2805 ἔσται,
2398 2751 2468 2807 ὅπῃ

1412 2813 1452 2851 κε’
1474 2829 1524 2858 τις
1554 2814 1627 2852 αἰὲν
1654 2813 1770 2866 ἐρείδῃ
1789 2844 1799 2862 ,
1822 2815 1939 2853 allato
1953 2814 2076 2853 simili
2104 2813 2192 2852 loco
2214 2812 2353 2851 Iliadis
2376 2811 2468 2862 XII,

1414 2873 1464 2918 48
1488 2887 1497 2911 ε
1521 2871 1620 2924 ὅππῃ
1641 2872 1671 2911 τ’
1696 2873 1820 2925 ἰθύσῃ,
1841 2875 1886 2925 τῇ
1906 2875 1937 2912 τ’
1954 2872 2088 2912 εἴκουσι
2106 2871 2225 2926 στίχες
2249 2872 2399 2924 ἀνδρῶν.
2420 2872 2471 2911 At

1411 2945 1529 2971 versu
1546 2933 1603 2971 sic
1619 2932 1823 2971 emendato
1838 2933 2033 2975 sententia
2049 2931 2341 2982 angustioribus
2352 2945 2470 2984 quam

1412 2992 1541 3044 ipsius
1563 3000 1702 3030 natura
1730 2991 1803 3029 sert
1836 2992 1984 3031 finibus
2011 2990 2365 3031 circumscribitur.
2394 2989 2471 3029 Ne·-

1412 3064 1488 3102 que
1511 3051 1615 3089 enim
1635 3050 1676 3088 id
1693 3050 1774 3100 agit
1790 3050 2064 3102 Empedocles,
2082 3060 2126 3090 ut
2146 3050 2283 3089 doceat
2299 3062 2472 3101 quocun·
2536 3068 2538 3070 ·

1413 3123 1489 3161 que
1520 3110 1711 3162 pellamus
1731 3122 1822 3159 ens,
1850 3110 1909 3148 ibi
1932 3111 2036 3159 sore,
2059 3110 2127 3150 sed
2155 3119 2199 3149 ut
2214 3109 2468 3156 demonstret,

1414 3169 1576 3206 omnino
1594 3167 1694 3206 illud
1716 3168 1890 3207 futurum
1906 3182 1990 3208 esse
2010 3181 2243 3221 semperque
2255 3168 2468 3216 victurum,

1414 3241 1650 3279 quocunque
1666 3228 1926 3279 propellatur.
1946 3228 2038 3267 Sola
2052 3230 2175 3279 igitur
2194 3227 2470 3267 immortalitas

1414 3284 1478 3323 hic
1497 3287 1721 3338 spectanda.
1741 3285 1872 3333 Quare
1889 3288 2144 3340 Spaldingius
2165 3287 2269 3340 apud
2287 3287 2467 3326 Aristote-

1414 3343 1487 3381 lem
1510 3345 1648 3396 reponi
1666 3344 1786 3396 jussit
1805 3359 1815 3383 ι
1833 3345 1886 3383 ἀεὶ
1911 3345 1994 3398 γάρ,
2013 3347 2141 3399 φησίν,
2167 3347 2328 3395 ἔσεσθαι,
2347 3344 2419 3398 ὅπῃ
2431 3347 2473 3384 κε’

1417 3417 1469 3446 τις
1491 3402 1564 3441 αἰὲν
1583 3404 1722 3458 ἐρείδῃ,
1749 3405 1813 3443 cui
1841 3406 2104 3445 emendationi
2137 3421 2216 3445 non
2245 3406 2475 3444 adversatus

1414 3474 1561 3511 essem,
1593 3464 1667 3502 nisi
1702 3463 1749 3502 ad
1770 3477 1925 3503 versum
1957 3479 2006 3503 ex
2031 3466 2093 3505 his
2114 3466 2282 3505 vocibus
2311 3477 2472 3518 compo·
