<?xml version="1.0" encoding="UTF-8"?>
<!DOCTYPE html PUBLIC "-//W3C//DTD XHTML 1.0 Transitional//EN"
    "http://www.w3.org/TR/xhtml1/DTD/xhtml1-transitional.dtd">
<html xmlns="http://www.w3.org/1999/xhtml" xml:lang="en" lang="en">
 <head>
  <title>
</title>
<meta http-equiv="Content-Type" content="text/html;charset=utf-8" />
  <meta name='ocr-system' content='tesseract 3.04.00' />
  <meta name='ocr-capabilities' content='ocr_page ocr_carea ocr_par ocr_line ocrx_word'/>
</head>
<body>
  <div class='ocr_page' id='page_1' title='image "./fragmentaphiloso01mulluoft_0389.png"; bbox 0 0 2612 3814; ppageno 0'>
   <div class='ocr_carea' id='block_1_1' title="bbox 0 0 110 3814">
    <p class='ocr_par' dir='ltr' id='par_1_1' title="bbox 0 0 110 3814">
     <span class='ocr_line' id='line_1_1' title="bbox 0 0 110 3814; baseline 0 0"><span class='ocrx_word' id='word_1_1' title='bbox 0 0 110 3814; x_wconf 95' lang='lat' dir='ltr'><strong> </strong></span> 
     </span>
    </p>
   </div>
   <div class='ocr_carea' id='block_1_2' title="bbox 1060 281 1399 322">
    <p class='ocr_par' dir='ltr' id='par_1_2' title="bbox 1060 281 1399 322">
     <span class='ocr_line' id='line_1_2' title="bbox 1060 281 1399 322; baseline -0.003 -2"><span class='ocrx_word' id='word_1_2' title='bbox 1060 281 1399 322; x_wconf 79' lang='lat' dir='ltr'>FRAGMENTA.</span> 
     </span>
    </p>
   </div>
   <div class='ocr_carea' id='block_1_3' title="bbox 149 365 1202 416">
    <p class='ocr_par' dir='ltr' id='par_1_3' title="bbox 149 365 1202 416">
     <span class='ocr_line' id='line_1_3' title="bbox 149 365 1202 416; baseline -0.004 -5"><span class='ocrx_word' id='word_1_3' title='bbox 149 382 217 410; x_wconf 72' lang='lat'><strong>18⁴.</strong></span> <span class='ocrx_word' id='word_1_4' title='bbox 237 368 389 409; x_wconf 84' lang='grc' dir='ltr'>Πάντων</span> <span class='ocrx_word' id='word_1_5' title='bbox 405 367 572 407; x_wconf 87' lang='grc' dir='ltr'>κάκιστον</span> <span class='ocrx_word' id='word_1_6' title='bbox 593 369 615 415; x_wconf 83' lang='grc' dir='ltr'>ἡ</span> <span class='ocrx_word' id='word_1_7' title='bbox 638 365 800 415; x_wconf 82' lang='grc' dir='ltr'>εὐπετείη</span> <span class='ocrx_word' id='word_1_8' title='bbox 830 367 1023 407; x_wconf 70' lang='grc' dir='ltr'>παιδεῦσαι</span> <span class='ocrx_word' id='word_1_9' title='bbox 1043 366 1109 416; x_wconf 79' lang='grc' dir='ltr'>τὴν</span> <span class='ocrx_word' id='word_1_10' title='bbox 1125 369 1202 408; x_wconf 84' lang='grc' dir='ltr'>νεό-</span> 
     </span>
    </p>
   </div>
   <div class='ocr_carea' id='block_1_4' title="bbox 1402 293 2314 424">
    <p class='ocr_par' dir='ltr' id='par_1_4' title="bbox 1402 293 2314 424">
     <span class='ocr_line' id='line_1_4' title="bbox 2240 293 2314 327; baseline 0.014 -1"><span class='ocrx_word' id='word_1_11' title='bbox 2240 293 2314 327; x_wconf 80' lang='grc'><strong>349</strong></span> 
     </span>
     <span class='ocr_line' id='line_1_5' title="bbox 1402 369 1966 424; baseline 0.007 -17"><span class='ocrx_word' id='word_1_12' title='bbox 1402 369 1527 421; x_wconf 86' lang='lat' dir='ltr'><strong>(Stob.</strong></span> <span class='ocrx_word' id='word_1_13' title='bbox 1554 370 1636 410; x_wconf 89' lang='lat' dir='ltr'><strong>Ecl.</strong></span> <span class='ocrx_word' id='word_1_14' title='bbox 1657 371 1736 409; x_wconf 89' lang='lat' dir='ltr'><strong>eth.</strong></span> <span class='ocrx_word' id='word_1_15' title='bbox 1757 371 1793 409; x_wconf 95' lang='lat' dir='ltr'><strong>ll</strong></span> <span class='ocrx_word' id='word_1_16' title='bbox 1815 386 1855 423; x_wconf 93' lang='lat' dir='ltr'><strong>p.</strong></span> <span class='ocrx_word' id='word_1_17' title='bbox 1888 372 1966 424; x_wconf 84' lang='lat'><strong>13.)</strong></span> 
     </span>
    </p>
   </div>
   <div class='ocr_carea' id='block_1_5' title="bbox 229 424 2316 486">
    <p class='ocr_par' dir='ltr' id='par_1_5' title="bbox 229 424 2316 486">
     <span class='ocr_line' id='line_1_6' title="bbox 229 424 2316 486; baseline 0.004 -20"><span class='ocrx_word' id='word_1_18' title='bbox 229 439 338 477; x_wconf 89' lang='grc' dir='ltr'>τητα·</span> <span class='ocrx_word' id='word_1_19' title='bbox 362 426 448 475; x_wconf 70' lang='grc' dir='ltr'>αὕτη</span> <span class='ocrx_word' id='word_1_20' title='bbox 467 426 536 479; x_wconf 86' lang='grc' dir='ltr'>γάρ</span> <span class='ocrx_word' id='word_1_21' title='bbox 551 425 676 478; x_wconf 78' lang='grc' dir='ltr'>ἐστι,ἣ</span> <span class='ocrx_word' id='word_1_22' title='bbox 696 424 880 471; x_wconf 78' lang='grc' dir='ltr'>τίκτειτὰς</span> <span class='ocrx_word' id='word_1_23' title='bbox 897 426 1023 475; x_wconf 78' lang='grc' dir='ltr'>ἡδονὰς</span> <span class='ocrx_word' id='word_1_24' title='bbox 1042 426 1176 473; x_wconf 79' lang='grc' dir='ltr'>ταύτας</span> <span class='ocrx_word' id='word_1_25' title='bbox 1189 459 1200 480; x_wconf 87' lang='lat'><strong>,</strong></span> <span class='ocrx_word' id='word_1_26' title='bbox 1266 442 1328 469; x_wconf 77' lang='lat'><strong>143.</strong></span> <span class='ocrx_word' id='word_1_27' title='bbox 1347 427 1394 469; x_wconf 83' lang='lat' dir='ltr'><strong>‘O</strong></span> <span class='ocrx_word' id='word_1_28' title='bbox 1432 430 1716 483; x_wconf 75' lang='grc' dir='ltr'>ἀντιλογεόμενος</span> <span class='ocrx_word' id='word_1_29' title='bbox 1754 431 1815 469; x_wconf 88' lang='grc' dir='ltr'>καὶ</span> <span class='ocrx_word' id='word_1_30' title='bbox 1857 433 1973 470; x_wconf 84' lang='grc' dir='ltr'>πολλὰ</span> <span class='ocrx_word' id='word_1_31' title='bbox 2015 433 2316 486; x_wconf 80' lang='grc' dir='ltr'>λεσχηνευόμενος</span> 
     </span>
    </p>
   </div>
   <div class='ocr_carea' id='block_1_6' title="bbox 231 484 736 537">
    <p class='ocr_par' dir='ltr' id='par_1_6' title="bbox 231 484 736 537">
     <span class='ocr_line' id='line_1_7' title="bbox 231 484 736 537; baseline -0.002 -11"><span class='ocrx_word' id='word_1_32' title='bbox 231 488 272 526; x_wconf 83' lang='grc' dir='ltr'><strong>ἐκ</strong></span> <span class='ocrx_word' id='word_1_33' title='bbox 289 489 358 526; x_wconf 82' lang='grc' dir='ltr'>τῶν</span> <span class='ocrx_word' id='word_1_34' title='bbox 379 488 399 533; x_wconf 88' lang='grc' dir='ltr'>ἠ</span> <span class='ocrx_word' id='word_1_35' title='bbox 417 485 571 532; x_wconf 84' lang='grc' dir='ltr'>κακότης</span> <span class='ocrx_word' id='word_1_36' title='bbox 586 484 736 537; x_wconf 84' lang='grc' dir='ltr'>γίνεται.</span> 
     </span>
    </p>
   </div>
   <div class='ocr_carea' id='block_1_7' title="bbox 282 543 1062 599">
    <p class='ocr_par' dir='ltr' id='par_1_7' title="bbox 282 543 1062 599">
     <span class='ocr_line' id='line_1_8' title="bbox 282 543 1062 599; baseline -0.009 -13"><span class='ocrx_word' id='word_1_37' title='bbox 282 544 392 597; x_wconf 88' lang='lat' dir='ltr'><strong>(Cod.</strong></span> <span class='ocrx_word' id='word_1_38' title='bbox 415 544 519 584; x_wconf 83' lang='lat' dir='ltr'><strong>Flor.</strong></span> <span class='ocrx_word' id='word_1_39' title='bbox 545 543 654 585; x_wconf 84' lang='lat' dir='ltr'><strong>Stob.</strong></span> <span class='ocrx_word' id='word_1_40' title='bbox 677 544 801 584; x_wconf 85' lang='lat' dir='ltr'><strong>Gaisf.</strong></span> <span class='ocrx_word' id='word_1_41' title='bbox 821 544 871 582; x_wconf 92' lang='lat' dir='ltr'><strong>lV</strong></span> <span class='ocrx_word' id='word_1_42' title='bbox 891 559 932 598; x_wconf 88' lang='lat' dir='ltr'><strong>p.</strong></span> <span class='ocrx_word' id='word_1_43' title='bbox 953 545 1062 599; x_wconf 70' lang='lat'><strong>405.)</strong></span> 
     </span>
    </p>
   </div>
   <div class='ocr_carea' id='block_1_8' title="bbox 72 602 1202 777">
    <p class='ocr_par' dir='ltr' id='par_1_8' title="bbox 72 602 1202 777">
     <span class='ocr_line' id='line_1_9' title="bbox 72 602 1199 658; baseline -0.005 -10"><span class='ocrx_word' id='word_1_44' title='bbox 72 614 79 624; x_wconf 67' lang='lat'><strong><em>¹</em></strong></span> <span class='ocrx_word' id='word_1_45' title='bbox 149 621 216 648; x_wconf 71' lang='lat'><strong>1³5.</strong></span> <span class='ocrx_word' id='word_1_46' title='bbox 234 603 405 657; x_wconf 81' lang='grc' dir='ltr'>Κρέσσων</span> <span class='ocrx_word' id='word_1_47' title='bbox 427 602 482 642; x_wconf 83' lang='grc' dir='ltr'><strong>ἐπ’</strong></span> <span class='ocrx_word' id='word_1_48' title='bbox 505 602 636 657; x_wconf 84' lang='grc' dir='ltr'>ἀρετὴν</span> <span class='ocrx_word' id='word_1_49' title='bbox 663 603 831 657; x_wconf 89' lang='grc' dir='ltr'>φανέεται</span> <span class='ocrx_word' id='word_1_50' title='bbox 850 608 1032 658; x_wconf 84' lang='grc' dir='ltr'>προτροπῇ</span> <span class='ocrx_word' id='word_1_51' title='bbox 1051 603 1199 658; x_wconf 75' lang='grc' dir='ltr'>χρώμε-</span> 
     </span>
     <span class='ocr_line' id='line_1_10' title="bbox 227 662 1200 717; baseline 0 -14"><span class='ocrx_word' id='word_1_52' title='bbox 227 679 283 708; x_wconf 90' lang='grc' dir='ltr'><strong>νος</strong></span> <span class='ocrx_word' id='word_1_53' title='bbox 297 662 358 702; x_wconf 77' lang='grc' dir='ltr'>καὶ</span> <span class='ocrx_word' id='word_1_54' title='bbox 378 662 482 714; x_wconf 86' lang='grc' dir='ltr'>λόγου</span> <span class='ocrx_word' id='word_1_55' title='bbox 502 667 616 702; x_wconf 84' lang='grc' dir='ltr'>πειθοῖ</span> <span class='ocrx_word' id='word_1_56' title='bbox 635 663 726 717; x_wconf 88' lang='grc' dir='ltr'>ἤπερ</span> <span class='ocrx_word' id='word_1_57' title='bbox 745 662 842 717; x_wconf 88' lang='grc' dir='ltr'>νόμῳ</span> <span class='ocrx_word' id='word_1_58' title='bbox 861 663 922 703; x_wconf 81' lang='grc' dir='ltr'>καὶ</span> <span class='ocrx_word' id='word_1_59' title='bbox 951 664 1101 717; x_wconf 78' lang='grc' dir='ltr'>ἀνάγκῃ.</span> <span class='ocrx_word' id='word_1_60' title='bbox 1121 663 1200 703; x_wconf 92' lang='grc' dir='ltr'><strong>Λά-</strong></span> 
     </span>
     <span class='ocr_line' id='line_1_11' title="bbox 219 721 1202 777; baseline 0 -16"><span class='ocrx_word' id='word_1_61' title='bbox 219 727 285 777; x_wconf 90' lang='grc' dir='ltr'>θρη</span> <span class='ocrx_word' id='word_1_62' title='bbox 305 721 370 774; x_wconf 79' lang='grc' dir='ltr'>μὲν</span> <span class='ocrx_word' id='word_1_63' title='bbox 391 721 458 775; x_wconf 87' lang='grc' dir='ltr'>γὰρ</span> <span class='ocrx_word' id='word_1_64' title='bbox 478 721 669 775; x_wconf 81' lang='grc' dir='ltr'>ἇμαρτέειν</span> <span class='ocrx_word' id='word_1_65' title='bbox 680 722 772 767; x_wconf 83' lang='grc' dir='ltr'>εἰκὸς</span> <span class='ocrx_word' id='word_1_66' title='bbox 783 723 841 762; x_wconf 82' lang='grc' dir='ltr'>τὸν</span> <span class='ocrx_word' id='word_1_67' title='bbox 862 722 1042 777; x_wconf 78' lang='grc' dir='ltr'>εἰργμένον</span> <span class='ocrx_word' id='word_1_68' title='bbox 1065 722 1202 770; x_wconf 81' lang='grc' dir='ltr'>ἀδικίης</span> 
     </span>
    </p>
   </div>
   <div class='ocr_carea' id='block_1_9' title="bbox 143 781 1199 2142">
    <p class='ocr_par' dir='ltr' id='par_1_9' title="bbox 143 781 1199 2142">
     <span class='ocr_line' id='line_1_12' title="bbox 226 781 1199 836; baseline 0 -15"><span class='ocrx_word' id='word_1_69' title='bbox 226 782 295 822; x_wconf 79' lang='grc' dir='ltr'><strong>ὑπὸ</strong></span> <span class='ocrx_word' id='word_1_70' title='bbox 314 781 444 832; x_wconf 90' lang='grc' dir='ltr'>νόμου,</span> <span class='ocrx_word' id='word_1_71' title='bbox 468 781 527 821; x_wconf 83' lang='grc' dir='ltr'>τὸν</span> <span class='ocrx_word' id='word_1_72' title='bbox 545 781 582 821; x_wconf 82' lang='grc' dir='ltr'><strong>δὲ</strong></span> <span class='ocrx_word' id='word_1_73' title='bbox 603 783 637 826; x_wconf 83' lang='grc' dir='ltr'>ἐς</span> <span class='ocrx_word' id='word_1_74' title='bbox 663 782 703 822; x_wconf 80' lang='grc' dir='ltr'><strong>τὸ</strong></span> <span class='ocrx_word' id='word_1_75' title='bbox 725 782 800 822; x_wconf 88' lang='grc' dir='ltr'>δέον</span> <span class='ocrx_word' id='word_1_76' title='bbox 824 783 976 836; x_wconf 81' lang='grc' dir='ltr'>ἠγμένον</span> <span class='ocrx_word' id='word_1_77' title='bbox 1003 785 1120 822; x_wconf 85' lang='grc' dir='ltr'>πειθοῖ</span> <span class='ocrx_word' id='word_1_78' title='bbox 1134 784 1199 822; x_wconf 75' lang='grc' dir='ltr'>οὐκ</span> 
     </span>
     <span class='ocr_line' id='line_1_13' title="bbox 199 840 1196 895; baseline -0.001 -14"><span class='ocrx_word' id='word_1_79' title='bbox 199 884 205 890; x_wconf 64' lang='grc'>,</span> <span class='ocrx_word' id='word_1_80' title='bbox 224 842 314 886; x_wconf 76' lang='grc' dir='ltr'>εἰκὸς</span> <span class='ocrx_word' id='word_1_81' title='bbox 332 840 411 881; x_wconf 82' lang='grc' dir='ltr'>οὔτε</span> <span class='ocrx_word' id='word_1_82' title='bbox 430 842 543 895; x_wconf 86' lang='grc' dir='ltr'>λάθρη</span> <span class='ocrx_word' id='word_1_83' title='bbox 565 841 644 882; x_wconf 88' lang='grc' dir='ltr'>οὔτε</span> <span class='ocrx_word' id='word_1_84' title='bbox 663 845 820 895; x_wconf 80' lang='grc' dir='ltr'>φανερῶς</span> <span class='ocrx_word' id='word_1_85' title='bbox 837 843 946 895; x_wconf 85' lang='grc' dir='ltr'>ἔρδειν</span> <span class='ocrx_word' id='word_1_86' title='bbox 963 858 996 881; x_wconf 87' lang='grc' dir='ltr'>τι</span> <span class='ocrx_word' id='word_1_87' title='bbox 1019 843 1196 894; x_wconf 86' lang='grc' dir='ltr'>πλημμε-</span> 
     </span>
     <span class='ocr_line' id='line_1_14' title="bbox 224 900 1199 955; baseline -0.001 -15"><span class='ocrx_word' id='word_1_88' title='bbox 224 900 282 947; x_wconf 83' lang='grc' dir='ltr'>λές</span> <span class='ocrx_word' id='word_1_89' title='bbox 295 914 305 924; x_wconf 86' lang='grc'><em>·</em></span> <span class='ocrx_word' id='word_1_90' title='bbox 327 901 446 955; x_wconf 84' lang='grc' dir='ltr'>διόπερ</span> <span class='ocrx_word' id='word_1_91' title='bbox 467 900 582 947; x_wconf 82' lang='grc' dir='ltr'>ξυνέσι</span> <span class='ocrx_word' id='word_1_92' title='bbox 610 917 648 940; x_wconf 89' lang='grc' dir='ltr'><strong>τε</strong></span> <span class='ocrx_word' id='word_1_93' title='bbox 667 901 728 941; x_wconf 83' lang='grc' dir='ltr'>καὶ</span> <span class='ocrx_word' id='word_1_94' title='bbox 756 902 935 955; x_wconf 80' lang='grc' dir='ltr'>ἐπιστήμῃ</span> <span class='ocrx_word' id='word_1_95' title='bbox 955 901 1199 955; x_wconf 83' lang='grc' dir='ltr'>ὃρθοπραγέων</span> 
     </span>
     <span class='ocr_line' id='line_1_15' title="bbox 224 959 1034 1014; baseline -0.001 -14"><span class='ocrx_word' id='word_1_96' title='bbox 224 977 275 1006; x_wconf 89' lang='grc' dir='ltr'><strong>τις</strong></span> <span class='ocrx_word' id='word_1_97' title='bbox 297 960 458 1014; x_wconf 77' lang='grc' dir='ltr'>ἀνδρήϊος</span> <span class='ocrx_word' id='word_1_98' title='bbox 477 960 554 1013; x_wconf 80' lang='grc' dir='ltr'>ἅμα</span> <span class='ocrx_word' id='word_1_99' title='bbox 573 959 633 1000; x_wconf 71' lang='grc' dir='ltr'>καὶ</span> <span class='ocrx_word' id='word_1_100' title='bbox 650 960 869 1014; x_wconf 81' lang='grc' dir='ltr'>εὖθύγνωμος</span> <span class='ocrx_word' id='word_1_101' title='bbox 885 961 1034 1013; x_wconf 84' lang='grc' dir='ltr'>γίνεται.</span> 
     </span>
     <span class='ocr_line' id='line_1_16' title="bbox 281 1020 1090 1074; baseline -0.004 -16"><span class='ocrx_word' id='word_1_102' title='bbox 281 1020 416 1074; x_wconf 86' lang='lat' dir='ltr'><strong>(lbid.)</strong></span> <span class='ocrx_word' id='word_1_103' title='bbox 1084 1049 1090 1055; x_wconf 92' lang='lat'><strong>.</strong></span> 
     </span>
     <span class='ocr_line' id='line_1_17' title="bbox 146 1077 1199 1133; baseline -0.005 -12"><span class='ocrx_word' id='word_1_104' title='bbox 146 1094 206 1121; x_wconf 79' lang='lat' dir='ltr'><strong>tao.</strong></span> <span class='ocrx_word' id='word_1_105' title='bbox 223 1079 419 1133; x_wconf 85' lang='grc' dir='ltr'>Κρέσσονές</span> <span class='ocrx_word' id='word_1_106' title='bbox 434 1082 501 1119; x_wconf 85' lang='grc' dir='ltr'>εἶσι</span> <span class='ocrx_word' id='word_1_107' title='bbox 516 1081 553 1119; x_wconf 84' lang='grc' dir='ltr'>αἱ</span> <span class='ocrx_word' id='word_1_108' title='bbox 580 1081 649 1118; x_wconf 82' lang='grc' dir='ltr'>τῶν</span> <span class='ocrx_word' id='word_1_109' title='bbox 675 1078 965 1130; x_wconf 85' lang='grc' dir='ltr'>πεπαιδευμένων</span> <span class='ocrx_word' id='word_1_110' title='bbox 985 1077 1123 1123; x_wconf 82' lang='grc' dir='ltr'>ἐλπίδες</span> <span class='ocrx_word' id='word_1_111' title='bbox 1142 1077 1164 1125; x_wconf 82' lang='grc' dir='ltr'>ἢ</span> <span class='ocrx_word' id='word_1_112' title='bbox 1181 1079 1199 1116; x_wconf 84' lang='grc' dir='ltr'>ὁ</span> 
     </span>
     <span class='ocr_line' id='line_1_18' title="bbox 223 1138 662 1191; baseline -0.002 -12"><span class='ocrx_word' id='word_1_113' title='bbox 223 1142 293 1179; x_wconf 86' lang='grc' dir='ltr'>τῶν</span> <span class='ocrx_word' id='word_1_114' title='bbox 314 1138 479 1191; x_wconf 81' lang='grc' dir='ltr'>ἀμαθέων</span> <span class='ocrx_word' id='word_1_115' title='bbox 498 1140 662 1182; x_wconf 75' lang='grc' dir='ltr'>πλοῦτος.</span> 
     </span>
     <span class='ocr_line' id='line_1_19' title="bbox 280 1197 590 1251; baseline -0.01 -13"><span class='ocrx_word' id='word_1_116' title='bbox 280 1199 397 1251; x_wconf 89' lang='lat' dir='ltr'><strong>(lbid.</strong></span> <span class='ocrx_word' id='word_1_117' title='bbox 421 1213 462 1251; x_wconf 86' lang='lat' dir='ltr'><strong>p.</strong></span> <span class='ocrx_word' id='word_1_118' title='bbox 487 1197 590 1250; x_wconf 78' lang='grc'><strong>408.)</strong></span> 
     </span>
     <span class='ocr_line' id='line_1_20' title="bbox 146 1248 983 1309; baseline -0.004 -11"><span class='ocrx_word' id='word_1_119' title='bbox 146 1271 212 1299; x_wconf 81' lang='grc'><strong>137.</strong></span> <span class='ocrx_word' id='word_1_120' title='bbox 230 1259 278 1299; x_wconf 80' lang='grc' dir='ltr'><strong>Οἱ</strong></span> <span class='ocrx_word' id='word_1_121' title='bbox 295 1256 450 1303; x_wconf 82' lang='grc' dir='ltr'>ἀξύνετοι</span> <span class='ocrx_word' id='word_1_122' title='bbox 466 1254 713 1309; x_wconf 71' lang='grc' dir='ltr'>δυστυχέοντες</span> <span class='ocrx_word' id='word_1_123' title='bbox 732 1248 983 1308; x_wconf 71' lang='grc' dir='ltr'>σωφρονέουσι.</span> 
     </span>
     <span class='ocr_line' id='line_1_21' title="bbox 279 1313 815 1370; baseline 0 -16"><span class='ocrx_word' id='word_1_124' title='bbox 279 1317 513 1370; x_wconf 85' lang='lat' dir='ltr'><strong>(Democrat.</strong></span> <span class='ocrx_word' id='word_1_125' title='bbox 537 1315 657 1354; x_wconf 84' lang='lat' dir='ltr'><strong>Orell.</strong></span> <span class='ocrx_word' id='word_1_126' title='bbox 679 1328 717 1353; x_wconf 89' lang='lat' dir='ltr'><strong>n.</strong></span> <span class='ocrx_word' id='word_1_127' title='bbox 736 1313 815 1367; x_wconf 83' lang='lat'><strong>20.)</strong></span> 
     </span>
     <span class='ocr_line' id='line_1_22' title="bbox 146 1371 1198 1427; baseline -0.007 -9"><span class='ocrx_word' id='word_1_128' title='bbox 146 1391 207 1418; x_wconf 72' lang='grc'><strong>133.</strong></span> <span class='ocrx_word' id='word_1_129' title='bbox 223 1374 394 1424; x_wconf 83' lang='grc' dir='ltr'>Νηπίοισι</span> <span class='ocrx_word' id='word_1_130' title='bbox 413 1376 452 1414; x_wconf 82' lang='grc' dir='ltr'>οὔ</span> <span class='ocrx_word' id='word_1_131' title='bbox 469 1374 569 1426; x_wconf 85' lang='grc' dir='ltr'>λόγος</span> <span class='ocrx_word' id='word_1_132' title='bbox 584 1372 676 1414; x_wconf 84' lang='grc' dir='ltr'>ἀλλὰ</span> <span class='ocrx_word' id='word_1_133' title='bbox 696 1372 852 1427; x_wconf 80' lang='grc' dir='ltr'>ξυμφορὴ</span> <span class='ocrx_word' id='word_1_134' title='bbox 870 1373 1004 1426; x_wconf 87' lang='grc' dir='ltr'>γίνεται</span> <span class='ocrx_word' id='word_1_135' title='bbox 1025 1371 1198 1412; x_wconf 83' lang='grc' dir='ltr'>διδάσκα-</span> 
     </span>
     <span class='ocr_line' id='line_1_23' title="bbox 215 1437 286 1480; baseline 0.014 -6"><span class='ocrx_word' id='word_1_136' title='bbox 215 1437 286 1480; x_wconf 84' lang='grc' dir='ltr'><strong>λος.</strong></span> 
     </span>
     <span class='ocr_line' id='line_1_24' title="bbox 278 1494 550 1547; baseline -0.007 -14"><span class='ocrx_word' id='word_1_137' title='bbox 278 1494 394 1547; x_wconf 85' lang='lat' dir='ltr'><strong>(Ibid.</strong></span> <span class='ocrx_word' id='word_1_138' title='bbox 410 1508 450 1534; x_wconf 93' lang='lat' dir='ltr'><strong>n.</strong></span> <span class='ocrx_word' id='word_1_139' title='bbox 474 1500 493 1539; x_wconf 79' lang='lat'><strong>4</strong></span> <span class='ocrx_word' id='word_1_140' title='bbox 505 1494 550 1545; x_wconf 91' lang='lat'><strong>1.)</strong></span> 
     </span>
     <span class='ocr_line' id='line_1_25' title="bbox 143 1550 1198 1606; baseline -0.006 -12"><span class='ocrx_word' id='word_1_141' title='bbox 143 1567 206 1594; x_wconf 80' lang='lat'><strong>1³9.</strong></span> <span class='ocrx_word' id='word_1_142' title='bbox 220 1551 329 1594; x_wconf 83' lang='grc' dir='ltr'>Ἔστι</span> <span class='ocrx_word' id='word_1_143' title='bbox 362 1570 429 1593; x_wconf 87' lang='grc' dir='ltr'>που</span> <span class='ocrx_word' id='word_1_144' title='bbox 461 1552 540 1592; x_wconf 84' lang='grc' dir='ltr'>νέου</span> <span class='ocrx_word' id='word_1_145' title='bbox 564 1552 696 1598; x_wconf 78' lang='grc' dir='ltr'>ξύνεσις</span> <span class='ocrx_word' id='word_1_146' title='bbox 725 1553 786 1592; x_wconf 83' lang='grc' dir='ltr'>καὶ</span> <span class='ocrx_word' id='word_1_147' title='bbox 813 1551 984 1606; x_wconf 88' lang='grc' dir='ltr'>γερόντων</span> <span class='ocrx_word' id='word_1_148' title='bbox 1020 1550 1198 1599; x_wconf 78' lang='grc' dir='ltr'>ἀξυνεσίη·</span> 
     </span>
     <span class='ocr_line' id='line_1_26' title="bbox 224 1609 1198 1667; baseline -0.004 -15"><span class='ocrx_word' id='word_1_149' title='bbox 224 1613 348 1667; x_wconf 80' lang='grc' dir='ltr'>χρόνος</span> <span class='ocrx_word' id='word_1_150' title='bbox 358 1612 425 1666; x_wconf 76' lang='grc' dir='ltr'>γὰρ</span> <span class='ocrx_word' id='word_1_151' title='bbox 441 1615 478 1652; x_wconf 78' lang='grc' dir='ltr'>οὐ</span> <span class='ocrx_word' id='word_1_152' title='bbox 499 1612 658 1652; x_wconf 78' lang='grc' dir='ltr'>διδάσκει</span> <span class='ocrx_word' id='word_1_153' title='bbox 678 1612 833 1667; x_wconf 79' lang='grc' dir='ltr'>φρονέειν</span> <span class='ocrx_word' id='word_1_154' title='bbox 855 1612 934 1650; x_wconf 82' lang='grc' dir='ltr'>ἀλλ’</span> <span class='ocrx_word' id='word_1_155' title='bbox 952 1610 1066 1665; x_wconf 83' lang='grc' dir='ltr'>ὧραίη</span> <span class='ocrx_word' id='word_1_156' title='bbox 1087 1609 1198 1663; x_wconf 86' lang='grc' dir='ltr'>τροφὴ</span> 
     </span>
     <span class='ocr_line' id='line_1_27' title="bbox 224 1671 416 1726; baseline 0.005 -14"><span class='ocrx_word' id='word_1_157' title='bbox 224 1673 284 1712; x_wconf 83' lang='grc' dir='ltr'>καὶ</span> <span class='ocrx_word' id='word_1_158' title='bbox 301 1671 416 1726; x_wconf 81' lang='grc' dir='ltr'>φύσις.</span> 
     </span>
     <span class='ocr_line' id='line_1_28' title="bbox 279 1727 900 1786; baseline -0.003 -14"><span class='ocrx_word' id='word_1_159' title='bbox 279 1732 389 1786; x_wconf 88' lang='lat' dir='ltr'><strong>(Cod.</strong></span> <span class='ocrx_word' id='word_1_160' title='bbox 411 1732 514 1771; x_wconf 83' lang='lat' dir='ltr'><strong>Flor.</strong></span> <span class='ocrx_word' id='word_1_161' title='bbox 539 1731 647 1770; x_wconf 88' lang='lat' dir='ltr'><strong>Stob.</strong></span> <span class='ocrx_word' id='word_1_162' title='bbox 669 1731 719 1769; x_wconf 92' lang='lat' dir='ltr'><strong>IV</strong></span> <span class='ocrx_word' id='word_1_163' title='bbox 735 1727 773 1784; x_wconf 69' lang='lat' dir='ltr'><strong>p.</strong></span> <span class='ocrx_word' id='word_1_164' title='bbox 793 1731 900 1781; x_wconf 76' lang='lat'><strong>407.)</strong></span> 
     </span>
     <span class='ocr_line' id='line_1_29' title="bbox 145 1790 935 1843; baseline -0.005 -11"><span class='ocrx_word' id='word_1_165' title='bbox 145 1806 213 1833; x_wconf 81' lang='grc'><strong>140.</strong></span> <span class='ocrx_word' id='word_1_166' title='bbox 230 1791 367 1831; x_wconf 75' lang='grc' dir='ltr'>Πολλοὶ</span> <span class='ocrx_word' id='word_1_167' title='bbox 386 1790 604 1842; x_wconf 82' lang='grc' dir='ltr'>πολυμαθέες</span> <span class='ocrx_word' id='word_1_168' title='bbox 623 1790 701 1830; x_wconf 84' lang='grc' dir='ltr'>νόον</span> <span class='ocrx_word' id='word_1_169' title='bbox 722 1793 785 1831; x_wconf 81' lang='grc' dir='ltr'>οὐκ</span> <span class='ocrx_word' id='word_1_170' title='bbox 801 1790 935 1843; x_wconf 82' lang='grc' dir='ltr'>ἔχουσι.</span> 
     </span>
     <span class='ocr_line' id='line_1_30' title="bbox 277 1849 714 1903; baseline 0 -14"><span class='ocrx_word' id='word_1_171' title='bbox 277 1850 399 1902; x_wconf 85' lang='lat' dir='ltr'><strong>(Stob.</strong></span> <span class='ocrx_word' id='word_1_172' title='bbox 421 1851 526 1890; x_wconf 86' lang='lat' dir='ltr'><strong>Flor.</strong></span> <span class='ocrx_word' id='word_1_173' title='bbox 546 1849 613 1898; x_wconf 90' lang='lat' dir='ltr'><strong>lV,</strong></span> <span class='ocrx_word' id='word_1_174' title='bbox 634 1849 714 1903; x_wconf 89' lang='lat'><strong>83.)</strong></span> 
     </span>
     <span class='ocr_line' id='line_1_31' title="bbox 145 1906 1005 1961; baseline -0.003 -12"><span class='ocrx_word' id='word_1_175' title='bbox 145 1922 210 1950; x_wconf 72' lang='grc'><strong>141.</strong></span> <span class='ocrx_word' id='word_1_176' title='bbox 229 1906 441 1957; x_wconf 71' lang='grc' dir='ltr'>Πολυνοΐην,</span> <span class='ocrx_word' id='word_1_177' title='bbox 462 1910 501 1948; x_wconf 71' lang='grc' dir='ltr'>οὗ</span> <span class='ocrx_word' id='word_1_178' title='bbox 519 1907 744 1959; x_wconf 83' lang='grc' dir='ltr'>πολυμαθίην</span> <span class='ocrx_word' id='word_1_179' title='bbox 767 1907 904 1946; x_wconf 81' lang='grc' dir='ltr'>ἀσκέειν</span> <span class='ocrx_word' id='word_1_180' title='bbox 918 1906 1005 1961; x_wconf 80' lang='grc' dir='ltr'><strong>χρή.</strong></span> 
     </span>
     <span class='ocr_line' id='line_1_32' title="bbox 277 1967 911 2021; baseline -0.003 -13"><span class='ocrx_word' id='word_1_181' title='bbox 277 1968 510 2021; x_wconf 81' lang='lat' dir='ltr'><strong>(Democrat.</strong></span> <span class='ocrx_word' id='word_1_182' title='bbox 532 1982 595 2020; x_wconf 85' lang='lat' dir='ltr'><strong>ap.</strong></span> <span class='ocrx_word' id='word_1_183' title='bbox 616 1967 740 2006; x_wconf 82' lang='lat' dir='ltr'><strong>Orell.</strong></span> <span class='ocrx_word' id='word_1_184' title='bbox 764 1981 804 2006; x_wconf 91' lang='lat' dir='ltr'><strong>n.</strong></span> <span class='ocrx_word' id='word_1_185' title='bbox 830 1967 911 2019; x_wconf 84' lang='lat'><strong>30.)</strong></span> 
     </span>
     <span class='ocr_line' id='line_1_33' title="bbox 146 2026 1196 2081; baseline -0.004 -13"><span class='ocrx_word' id='word_1_186' title='bbox 146 2042 211 2068; x_wconf 73' lang='grc'><strong>142.</strong></span> <span class='ocrx_word' id='word_1_187' title='bbox 230 2028 293 2077; x_wconf 84' lang='grc' dir='ltr'><strong>Μὴ</strong></span> <span class='ocrx_word' id='word_1_188' title='bbox 313 2028 430 2068; x_wconf 87' lang='grc' dir='ltr'>πάντα</span> <span class='ocrx_word' id='word_1_189' title='bbox 446 2029 655 2067; x_wconf 78' lang='grc' dir='ltr'>ἐπίστασθαι</span> <span class='ocrx_word' id='word_1_190' title='bbox 666 2027 857 2081; x_wconf 71' lang='grc' dir='ltr'>προθύμεο,</span> <span class='ocrx_word' id='word_1_191' title='bbox 870 2026 919 2078; x_wconf 82' lang='grc' dir='ltr'><strong>μὴ</strong></span> <span class='ocrx_word' id='word_1_192' title='bbox 939 2027 1082 2066; x_wconf 85' lang='grc' dir='ltr'>πάντων</span> <span class='ocrx_word' id='word_1_193' title='bbox 1102 2028 1196 2078; x_wconf 84' lang='grc' dir='ltr'>ἀμα-</span> 
     </span>
     <span class='ocr_line' id='line_1_34' title="bbox 224 2086 399 2142; baseline 0.006 -17"><span class='ocrx_word' id='word_1_194' title='bbox 224 2086 284 2135; x_wconf 81' lang='grc' dir='ltr'><strong>θὴς</strong></span> <span class='ocrx_word' id='word_1_195' title='bbox 300 2088 399 2142; x_wconf 83' lang='grc' dir='ltr'><strong>γένῃ.</strong></span> 
     </span>
    </p>
   </div>
   <div class='ocr_carea' id='block_1_10' title="bbox 143 2291 1204 3581">
    <p class='ocr_par' dir='ltr' id='par_1_10' title="bbox 143 2291 1202 2397">
     <span class='ocr_line' id='line_1_35' title="bbox 189 2291 1202 2336; baseline -0.006 -7"><span class='ocrx_word' id='word_1_196' title='bbox 189 2298 260 2329; x_wconf 85' lang='grc'><strong>134.</strong></span> <span class='ocrx_word' id='word_1_197' title='bbox 278 2294 365 2329; x_wconf 83' lang='lat' dir='ltr'><strong>Nihil</strong></span> <span class='ocrx_word' id='word_1_198' title='bbox 390 2294 480 2336; x_wconf 80' lang='lat' dir='ltr'><strong>pejus</strong></span> <span class='ocrx_word' id='word_1_199' title='bbox 501 2295 551 2326; x_wconf 86' lang='lat' dir='ltr'><strong>est</strong></span> <span class='ocrx_word' id='word_1_200' title='bbox 576 2292 711 2326; x_wconf 86' lang='lat' dir='ltr'><strong>levitate</strong></span> <span class='ocrx_word' id='word_1_201' title='bbox 736 2293 769 2324; x_wconf 92' lang='lat' dir='ltr'><strong>in</strong></span> <span class='ocrx_word' id='word_1_202' title='bbox 796 2292 903 2333; x_wconf 83' lang='lat' dir='ltr'><strong>pueris</strong></span> <span class='ocrx_word' id='word_1_203' title='bbox 919 2291 1116 2332; x_wconf 75' lang='lat' dir='ltr'><strong>educandis3</strong></span> <span class='ocrx_word' id='word_1_204' title='bbox 1132 2291 1202 2324; x_wconf 71' lang='lat' dir='ltr'><strong>lure</strong></span> 
     </span>
     <span class='ocr_line' id='line_1_36' title="bbox 143 2350 1076 2397; baseline -0.006 -9"><span class='ocrx_word' id='word_1_205' title='bbox 143 2355 229 2388; x_wconf 89' lang='lat' dir='ltr'><strong>enim</strong></span> <span class='ocrx_word' id='word_1_206' title='bbox 251 2353 352 2397; x_wconf 83' lang='lat' dir='ltr'>gignit</span> <span class='ocrx_word' id='word_1_207' title='bbox 371 2362 425 2387; x_wconf 87' lang='lat' dir='ltr'><strong>eas</strong></span> <span class='ocrx_word' id='word_1_208' title='bbox 440 2353 639 2394; x_wconf 83' lang='lat' dir='ltr'><strong>voluptates,</strong></span> <span class='ocrx_word' id='word_1_209' title='bbox 652 2360 670 2385; x_wconf 87' lang='lat' dir='ltr'><strong>e</strong></span> <span class='ocrx_word' id='word_1_210' title='bbox 686 2351 805 2393; x_wconf 88' lang='lat' dir='ltr'><strong>quibus</strong></span> <span class='ocrx_word' id='word_1_211' title='bbox 820 2350 898 2384; x_wconf 85' lang='lat' dir='ltr'><strong>vitia</strong></span> <span class='ocrx_word' id='word_1_212' title='bbox 915 2350 1076 2383; x_wconf 85' lang='lat' dir='ltr'><strong>oriuntur.</strong></span> 
     </span>
    </p>

    <p class='ocr_par' dir='ltr' id='par_1_11' title="bbox 144 2408 1204 2865">
     <span class='ocr_line' id='line_1_37' title="bbox 189 2408 1202 2454; baseline -0.006 -6"><span class='ocrx_word' id='word_1_213' title='bbox 189 2417 262 2448; x_wconf 87' lang='lat'>135.</span> <span class='ocrx_word' id='word_1_214' title='bbox 283 2412 465 2454; x_wconf 80' lang='lat' dir='ltr'><strong>Promptior</strong></span> <span class='ocrx_word' id='word_1_215' title='bbox 485 2411 526 2445; x_wconf 92' lang='lat' dir='ltr'><strong>ad</strong></span> <span class='ocrx_word' id='word_1_216' title='bbox 547 2411 702 2445; x_wconf 80' lang='lat' dir='ltr'><strong>virtutem</strong></span> <span class='ocrx_word' id='word_1_217' title='bbox 722 2409 891 2452; x_wconf 79' lang='lat' dir='ltr'><strong>apparebit</strong></span> <span class='ocrx_word' id='word_1_218' title='bbox 911 2409 964 2451; x_wconf 86' lang='lat' dir='ltr'><strong>qui</strong></span> <span class='ocrx_word' id='word_1_219' title='bbox 978 2408 1202 2442; x_wconf 82' lang='lat' dir='ltr'><strong>adhortatione</strong></span> 
     </span>
     <span class='ocr_line' id='line_1_38' title="bbox 144 2468 1202 2515; baseline -0.004 -9"><span class='ocrx_word' id='word_1_220' title='bbox 144 2473 319 2515; x_wconf 87' lang='lat' dir='ltr'><strong>verbisque</strong></span> <span class='ocrx_word' id='word_1_221' title='bbox 334 2471 375 2505; x_wconf 87' lang='lat' dir='ltr'><strong>ad</strong></span> <span class='ocrx_word' id='word_1_222' title='bbox 388 2469 649 2514; x_wconf 87' lang='lat' dir='ltr'><strong>persuadendum</strong></span> <span class='ocrx_word' id='word_1_223' title='bbox 667 2468 931 2510; x_wconf 80' lang='lat' dir='ltr'><strong>accommodatis,</strong></span> <span class='ocrx_word' id='word_1_224' title='bbox 951 2477 1050 2509; x_wconf 84' lang='lat' dir='ltr'><strong>quam</strong></span> <span class='ocrx_word' id='word_1_225' title='bbox 1061 2468 1118 2510; x_wconf 86' lang='lat' dir='ltr'><strong>qui</strong></span> <span class='ocrx_word' id='word_1_226' title='bbox 1135 2468 1202 2509; x_wconf 84' lang='lat' dir='ltr'><strong>lege</strong></span> 
     </span>
     <span class='ocr_line' id='line_1_39' title="bbox 145 2528 1202 2572; baseline -0.007 -6"><span class='ocrx_word' id='word_1_227' title='bbox 145 2536 179 2567; x_wconf 90' lang='lat' dir='ltr'><strong>et</strong></span> <span class='ocrx_word' id='word_1_228' title='bbox 198 2531 390 2565; x_wconf 86' lang='lat' dir='ltr'><strong>necessitate</strong></span> <span class='ocrx_word' id='word_1_229' title='bbox 403 2530 592 2572; x_wconf 86' lang='lat' dir='ltr'><strong>impellitur.</strong></span> <span class='ocrx_word' id='word_1_230' title='bbox 625 2529 756 2562; x_wconf 84' lang='lat' dir='ltr'><strong>Etenim</strong></span> <span class='ocrx_word' id='word_1_231' title='bbox 782 2528 864 2562; x_wconf 82' lang='lat' dir='ltr'><strong>olam</strong></span> <span class='ocrx_word' id='word_1_232' title='bbox 884 2537 1018 2570; x_wconf 87' lang='lat' dir='ltr'><strong>peccare</strong></span> <span class='ocrx_word' id='word_1_233' title='bbox 1042 2536 1119 2561; x_wconf 88' lang='lat' dir='ltr'><strong>eum</strong></span> <span class='ocrx_word' id='word_1_234' title='bbox 1146 2528 1202 2569; x_wconf 83' lang='lat' dir='ltr'><strong>qui</strong></span> 
     </span>
     <span class='ocr_line' id='line_1_40' title="bbox 146 2585 1204 2635; baseline -0.009 -9"><span class='ocrx_word' id='word_1_235' title='bbox 146 2591 240 2635; x_wconf 81' lang='lat' dir='ltr'><strong>(sola)</strong></span> <span class='ocrx_word' id='word_1_236' title='bbox 257 2591 325 2632; x_wconf 82' lang='lat' dir='ltr'><strong>lege</strong></span> <span class='ocrx_word' id='word_1_237' title='bbox 338 2599 358 2623; x_wconf 89' lang='lat' dir='ltr'><strong>a</strong></span> <span class='ocrx_word' id='word_1_238' title='bbox 373 2587 532 2622; x_wconf 84' lang='lat' dir='ltr'><strong>maleficio</strong></span> <span class='ocrx_word' id='word_1_239' title='bbox 547 2588 717 2629; x_wconf 83' lang='lat' dir='ltr'><strong>avocatur,</strong></span> <span class='ocrx_word' id='word_1_240' title='bbox 736 2585 903 2628; x_wconf 78' lang='lat' dir='ltr'><strong>probabile</strong></span> <span class='ocrx_word' id='word_1_241' title='bbox 920 2586 990 2618; x_wconf 89' lang='lat' dir='ltr'><strong>est:</strong></span> <span class='ocrx_word' id='word_1_242' title='bbox 1009 2586 1042 2618; x_wconf 88' lang='lat' dir='ltr'><strong>at</strong></span> <span class='ocrx_word' id='word_1_243' title='bbox 1058 2585 1113 2627; x_wconf 90' lang='lat' dir='ltr'><strong>qui</strong></span> <span class='ocrx_word' id='word_1_244' title='bbox 1134 2593 1204 2627; x_wconf 87' lang='lat' dir='ltr'><strong>per-</strong></span> 
     </span>
     <span class='ocr_line' id='line_1_41' title="bbox 144 2644 1201 2687; baseline -0.009 -2"><span class='ocrx_word' id='word_1_245' title='bbox 144 2650 295 2685; x_wconf 76' lang='lat' dir='ltr'><strong>suasione</strong></span> <span class='ocrx_word' id='word_1_246' title='bbox 311 2648 351 2682; x_wconf 92' lang='lat' dir='ltr'><strong>ad</strong></span> <span class='ocrx_word' id='word_1_247' title='bbox 364 2648 506 2681; x_wconf 81' lang='lat' dir='ltr'><strong>officium</strong></span> <span class='ocrx_word' id='word_1_248' title='bbox 520 2647 660 2684; x_wconf 85' lang='lat' dir='ltr'><strong>ducitur,</strong></span> <span class='ocrx_word' id='word_1_249' title='bbox 674 2655 749 2679; x_wconf 91' lang='lat' dir='ltr'><strong>eum</strong></span> <span class='ocrx_word' id='word_1_250' title='bbox 765 2653 869 2687; x_wconf 88' lang='lat' dir='ltr'><strong>neque</strong></span> <span class='ocrx_word' id='word_1_251' title='bbox 879 2645 961 2677; x_wconf 86' lang='lat' dir='ltr'><strong>clam</strong></span> <span class='ocrx_word' id='word_1_252' title='bbox 975 2653 1080 2686; x_wconf 87' lang='lat' dir='ltr'><strong>neque</strong></span> <span class='ocrx_word' id='word_1_253' title='bbox 1096 2644 1201 2686; x_wconf 89' lang='lat' dir='ltr'><strong>palam</strong></span> 
     </span>
     <span class='ocr_line' id='line_1_42' title="bbox 144 2703 1201 2749; baseline -0.01 -4"><span class='ocrx_word' id='word_1_254' title='bbox 144 2709 320 2745; x_wconf 81' lang='lat' dir='ltr'><strong>verisimile</strong></span> <span class='ocrx_word' id='word_1_255' title='bbox 335 2709 384 2741; x_wconf 84' lang='lat' dir='ltr'><strong>est</strong></span> <span class='ocrx_word' id='word_1_256' title='bbox 403 2706 583 2749; x_wconf 85' lang='lat' dir='ltr'><strong>quidquam</strong></span> <span class='ocrx_word' id='word_1_257' title='bbox 598 2705 672 2738; x_wconf 87' lang='lat' dir='ltr'><strong>mali</strong></span> <span class='ocrx_word' id='word_1_258' title='bbox 688 2705 910 2744; x_wconf 85' lang='lat' dir='ltr'><strong>committere;</strong></span> <span class='ocrx_word' id='word_1_259' title='bbox 929 2704 1124 2745; x_wconf 82' lang='lat' dir='ltr'><strong>quapropter</strong></span> <span class='ocrx_word' id='word_1_260' title='bbox 1145 2703 1201 2745; x_wconf 89' lang='lat' dir='ltr'><strong>qui</strong></span> 
     </span>
     <span class='ocr_line' id='line_1_43' title="bbox 145 2762 1203 2812; baseline -0.009 -9"><span class='ocrx_word' id='word_1_261' title='bbox 145 2778 221 2804; x_wconf 89' lang='lat' dir='ltr'><strong>cum</strong></span> <span class='ocrx_word' id='word_1_262' title='bbox 236 2767 406 2812; x_wconf 85' lang='lat' dir='ltr'><strong>prudentia</strong></span> <span class='ocrx_word' id='word_1_263' title='bbox 417 2774 590 2807; x_wconf 84' lang='lat' dir='ltr'><strong>rerumque</strong></span> <span class='ocrx_word' id='word_1_264' title='bbox 609 2764 722 2806; x_wconf 85' lang='lat' dir='ltr'><strong>peritia</strong></span> <span class='ocrx_word' id='word_1_265' title='bbox 739 2764 825 2796; x_wconf 81' lang='lat' dir='ltr'><strong>recte</strong></span> <span class='ocrx_word' id='word_1_266' title='bbox 842 2762 906 2805; x_wconf 88' lang='lat' dir='ltr'><strong>agit</strong></span> <span class='ocrx_word' id='word_1_267' title='bbox 923 2762 1020 2795; x_wconf 88' lang='lat' dir='ltr'><strong>simul</strong></span> <span class='ocrx_word' id='word_1_268' title='bbox 1037 2762 1203 2795; x_wconf 86' lang='lat' dir='ltr'><strong>animosus</strong></span> 
     </span>
     <span class='ocr_line' id='line_1_44' title="bbox 144 2820 1201 2865; baseline -0.008 -2"><span class='ocrx_word' id='word_1_269' title='bbox 144 2832 177 2864; x_wconf 84' lang='lat' dir='ltr'><strong>et</strong></span> <span class='ocrx_word' id='word_1_270' title='bbox 188 2829 229 2863; x_wconf 87' lang='lat' dir='ltr'><strong>ad</strong></span> <span class='ocrx_word' id='word_1_271' title='bbox 247 2827 439 2862; x_wconf 79' lang='lat' dir='ltr'><strong>sententiam</strong></span> <span class='ocrx_word' id='word_1_272' title='bbox 453 2834 543 2859; x_wconf 86' lang='lat' dir='ltr'><strong>suam</strong></span> <span class='ocrx_word' id='word_1_273' title='bbox 561 2824 662 2857; x_wconf 90' lang='lat' dir='ltr'><strong>libere</strong></span> <span class='ocrx_word' id='word_1_274' title='bbox 683 2822 897 2865; x_wconf 80' lang='lat' dir='ltr'><strong>profitendam</strong></span> <span class='ocrx_word' id='word_1_275' title='bbox 916 2821 1064 2864; x_wconf 85' lang='lat' dir='ltr'><strong>proclivis</strong></span> <span class='ocrx_word' id='word_1_276' title='bbox 1081 2820 1201 2855; x_wconf 88' lang='lat' dir='ltr'><strong>evadit.</strong></span> 
     </span>
    </p>

    <p class='ocr_par' dir='ltr' id='par_1_12' title="bbox 145 2880 1203 2991">
     <span class='ocr_line' id='line_1_45' title="bbox 188 2880 1203 2925; baseline -0.01 -3"><span class='ocrx_word' id='word_1_277' title='bbox 188 2892 261 2923; x_wconf 81' lang='grc'><strong>136.</strong></span> <span class='ocrx_word' id='word_1_278' title='bbox 284 2888 459 2921; x_wconf 86' lang='lat' dir='ltr'><strong>Doctorum</strong></span> <span class='ocrx_word' id='word_1_279' title='bbox 483 2885 652 2917; x_wconf 85' lang='lat' dir='ltr'><strong>hominum</strong></span> <span class='ocrx_word' id='word_1_280' title='bbox 672 2891 744 2925; x_wconf 85' lang='lat' dir='ltr'><strong>spes</strong></span> <span class='ocrx_word' id='word_1_281' title='bbox 768 2881 972 2915; x_wconf 81' lang='lat' dir='ltr'><strong>indoctorum</strong></span> <span class='ocrx_word' id='word_1_282' title='bbox 992 2880 1114 2913; x_wconf 84' lang='lat' dir='ltr'><strong>divitiis</strong></span> <span class='ocrx_word' id='word_1_283' title='bbox 1128 2881 1203 2913; x_wconf 89' lang='lat' dir='ltr'><strong>sunt</strong></span> 
     </span>
     <span class='ocr_line' id='line_1_46' title="bbox 145 2948 300 2991; baseline -0.019 -8"><span class='ocrx_word' id='word_1_284' title='bbox 145 2948 300 2991; x_wconf 79' lang='lat' dir='ltr'><strong>potiores.</strong></span> 
     </span>
    </p>

    <p class='ocr_par' dir='ltr' id='par_1_13' title="bbox 189 2999 1053 3041">
     <span class='ocr_line' id='line_1_47' title="bbox 189 2999 1053 3041; baseline -0.01 0"><span class='ocrx_word' id='word_1_285' title='bbox 189 3009 264 3041; x_wconf 75' lang='lat'><strong>137.</strong></span> <span class='ocrx_word' id='word_1_286' title='bbox 281 3005 380 3039; x_wconf 84' lang='lat' dir='ltr'><strong>stulti</strong></span> <span class='ocrx_word' id='word_1_287' title='bbox 394 3004 494 3037; x_wconf 85' lang='lat' dir='ltr'><strong>rebus</strong></span> <span class='ocrx_word' id='word_1_288' title='bbox 512 3002 656 3036; x_wconf 88' lang='lat' dir='ltr'><strong>adversis</strong></span> <span class='ocrx_word' id='word_1_289' title='bbox 672 3000 894 3034; x_wconf 86' lang='lat' dir='ltr'><strong>conflictantes</strong></span> <span class='ocrx_word' id='word_1_290' title='bbox 912 2999 1053 3041; x_wconf 85' lang='lat' dir='ltr'><strong>sapiunt.</strong></span> 
     </span>
    </p>

    <p class='ocr_par' dir='ltr' id='par_1_14' title="bbox 145 3057 1203 3159">
     <span class='ocr_line' id='line_1_48' title="bbox 189 3057 1203 3104; baseline -0.01 -4"><span class='ocrx_word' id='word_1_291' title='bbox 189 3068 262 3100; x_wconf 81' lang='grc'><strong>138.</strong></span> <span class='ocrx_word' id='word_1_292' title='bbox 280 3067 351 3099; x_wconf 81' lang='lat' dir='ltr'><strong>Non</strong></span> <span class='ocrx_word' id='word_1_293' title='bbox 371 3063 466 3104; x_wconf 88' lang='lat' dir='ltr'><strong>ratio,</strong></span> <span class='ocrx_word' id='word_1_294' title='bbox 485 3062 541 3096; x_wconf 81' lang='lat' dir='ltr'><strong>sed</strong></span> <span class='ocrx_word' id='word_1_295' title='bbox 558 3061 693 3094; x_wconf 85' lang='lat' dir='ltr'><strong>adversa</strong></span> <span class='ocrx_word' id='word_1_296' title='bbox 713 3061 841 3093; x_wconf 78' lang='lat' dir='ltr'><strong>fortuna</strong></span> <span class='ocrx_word' id='word_1_297' title='bbox 855 3059 1031 3092; x_wconf 86' lang='lat' dir='ltr'><strong>stultorum</strong></span> <span class='ocrx_word' id='word_1_298' title='bbox 1049 3057 1203 3099; x_wconf 82' lang='lat' dir='ltr'><strong>magistra</strong></span> 
     </span>
     <span class='ocr_line' id='line_1_49' title="bbox 145 3127 207 3159; baseline -0.016 0"><span class='ocrx_word' id='word_1_299' title='bbox 145 3127 207 3159; x_wconf 87' lang='lat' dir='ltr'><strong>est.</strong></span> 
     </span>
    </p>

    <p class='ocr_par' dir='ltr' id='par_1_15' title="bbox 147 3177 1202 3342">
     <span class='ocr_line' id='line_1_50' title="bbox 192 3177 1202 3219; baseline -0.008 -3"><span class='ocrx_word' id='word_1_300' title='bbox 192 3187 262 3218; x_wconf 83' lang='grc'><strong>139.</strong></span> <span class='ocrx_word' id='word_1_301' title='bbox 285 3184 343 3216; x_wconf 80' lang='lat' dir='ltr'><strong>Est</strong></span> <span class='ocrx_word' id='word_1_302' title='bbox 359 3181 456 3215; x_wconf 86' lang='lat' dir='ltr'><strong>etiam</strong></span> <span class='ocrx_word' id='word_1_303' title='bbox 477 3181 509 3213; x_wconf 87' lang='lat' dir='ltr'><strong>in</strong></span> <span class='ocrx_word' id='word_1_304' title='bbox 530 3179 789 3213; x_wconf 83' lang='lat' dir='ltr'><strong>adolescentibus</strong></span> <span class='ocrx_word' id='word_1_305' title='bbox 820 3177 1013 3219; x_wconf 83' lang='lat' dir='ltr'><strong>(interdurn)</strong></span> <span class='ocrx_word' id='word_1_306' title='bbox 1044 3177 1202 3218; x_wconf 80' lang='lat' dir='ltr'><strong>sapientia</strong></span> 
     </span>
     <span class='ocr_line' id='line_1_51' title="bbox 147 3236 1201 3286; baseline -0.008 -9"><span class='ocrx_word' id='word_1_307' title='bbox 147 3246 245 3286; x_wconf 86' lang='lat' dir='ltr'><strong>atque</strong></span> <span class='ocrx_word' id='word_1_308' title='bbox 255 3243 290 3275; x_wconf 84' lang='lat' dir='ltr'><strong>in</strong></span> <span class='ocrx_word' id='word_1_309' title='bbox 306 3242 437 3276; x_wconf 79' lang='lat' dir='ltr'><strong>senibus</strong></span> <span class='ocrx_word' id='word_1_310' title='bbox 456 3240 657 3282; x_wconf 82' lang='lat' dir='ltr'><strong>iusipientia;</strong></span> <span class='ocrx_word' id='word_1_311' title='bbox 677 3248 784 3281; x_wconf 87' lang='lat' dir='ltr'><strong>neque</strong></span> <span class='ocrx_word' id='word_1_312' title='bbox 804 3239 890 3273; x_wconf 82' lang='lat' dir='ltr'><strong>enim</strong></span> <span class='ocrx_word' id='word_1_313' title='bbox 914 3239 1042 3279; x_wconf 86' lang='lat' dir='ltr'><strong>tempus</strong></span> <span class='ocrx_word' id='word_1_314' title='bbox 1059 3236 1201 3278; x_wconf 82' lang='lat' dir='ltr'><strong>pruden-</strong></span> 
     </span>
     <span class='ocr_line' id='line_1_52' title="bbox 147 3299 928 3342; baseline -0.008 -6"><span class='ocrx_word' id='word_1_315' title='bbox 147 3303 226 3336; x_wconf 82' lang='lat' dir='ltr'><strong>tiam</strong></span> <span class='ocrx_word' id='word_1_316' title='bbox 239 3302 347 3342; x_wconf 80' lang='lat' dir='ltr'><strong>docet,</strong></span> <span class='ocrx_word' id='word_1_317' title='bbox 361 3301 416 3334; x_wconf 85' lang='lat' dir='ltr'><strong>sed</strong></span> <span class='ocrx_word' id='word_1_318' title='bbox 433 3302 558 3333; x_wconf 88' lang='lat' dir='ltr'><strong>matura</strong></span> <span class='ocrx_word' id='word_1_319' title='bbox 574 3299 734 3333; x_wconf 85' lang='lat' dir='ltr'><strong>institutio</strong></span> <span class='ocrx_word' id='word_1_320' title='bbox 750 3299 782 3332; x_wconf 88' lang='lat' dir='ltr'><strong>et</strong></span> <span class='ocrx_word' id='word_1_321' title='bbox 801 3301 928 3332; x_wconf 86' lang='lat' dir='ltr'><strong>natura.</strong></span> 
     </span>
    </p>

    <p class='ocr_par' dir='ltr' id='par_1_16' title="bbox 147 3354 1203 3455">
     <span class='ocr_line' id='line_1_53' title="bbox 191 3354 1203 3394; baseline -0.008 0"><span class='ocrx_word' id='word_1_322' title='bbox 191 3363 262 3394; x_wconf 85' lang='grc'><strong>140.</strong></span> <span class='ocrx_word' id='word_1_323' title='bbox 282 3359 376 3394; x_wconf 82' lang='lat' dir='ltr'><strong>Multi</strong></span> <span class='ocrx_word' id='word_1_324' title='bbox 393 3358 574 3393; x_wconf 81' lang='lat' dir='ltr'><strong>eruditione</strong></span> <span class='ocrx_word' id='word_1_325' title='bbox 585 3358 670 3391; x_wconf 87' lang='lat' dir='ltr'><strong>varia</strong></span> <span class='ocrx_word' id='word_1_326' title='bbox 681 3357 830 3391; x_wconf 85' lang='lat' dir='ltr'><strong>instructi</strong></span> <span class='ocrx_word' id='word_1_327' title='bbox 849 3365 926 3390; x_wconf 83' lang='lat' dir='ltr'><strong>sana</strong></span> <span class='ocrx_word' id='word_1_328' title='bbox 944 3356 1052 3388; x_wconf 90' lang='lat' dir='ltr'><strong>mente</strong></span> <span class='ocrx_word' id='word_1_329' title='bbox 1071 3354 1203 3387; x_wconf 90' lang='lat' dir='ltr'><strong>omnino</strong></span> 
     </span>
     <span class='ocr_line' id='line_1_54' title="bbox 147 3422 1088 3455; baseline -0.003 0"><span class='ocrx_word' id='word_1_330' title='bbox 147 3422 269 3455; x_wconf 89' lang='lat' dir='ltr'><strong>carent.</strong></span> <span class='ocrx_word' id='word_1_331' title='bbox 1082 3449 1088 3452; x_wconf 88' lang='lat'><strong>.</strong></span> 
     </span>
    </p>

    <p class='ocr_par' dir='ltr' id='par_1_17' title="bbox 151 3473 1203 3581">
     <span class='ocr_line' id='line_1_55' title="bbox 179 3473 1203 3519; baseline -0.007 -6"><span class='ocrx_word' id='word_1_332' title='bbox 179 3482 264 3517; x_wconf 84' lang='grc' dir='ltr'><strong>,14ι.</strong></span> <span class='ocrx_word' id='word_1_333' title='bbox 283 3481 355 3513; x_wconf 88' lang='lat' dir='ltr'><strong>Non</strong></span> <span class='ocrx_word' id='word_1_334' title='bbox 383 3478 562 3519; x_wconf 77' lang='lat' dir='ltr'><strong>multijugae</strong></span> <span class='ocrx_word' id='word_1_335' title='bbox 589 3476 762 3511; x_wconf 81' lang='lat' dir='ltr'><strong>eruditioni</strong></span> <span class='ocrx_word' id='word_1_336' title='bbox 793 3475 1005 3516; x_wconf 81' lang='lat' dir='ltr'><strong>studendum,</strong></span> <span class='ocrx_word' id='word_1_337' title='bbox 1026 3473 1081 3508; x_wconf 87' lang='lat' dir='ltr'><strong>sed</strong></span> <span class='ocrx_word' id='word_1_338' title='bbox 1111 3481 1203 3506; x_wconf 83' lang='lat' dir='ltr'><strong>mens</strong></span> 
     </span>
     <span class='ocr_line' id='line_1_56' title="bbox 151 3535 901 3581; baseline -0.005 -9"><span class='ocrx_word' id='word_1_339' title='bbox 151 3539 338 3581; x_wconf 75' lang='lat' dir='ltr'><strong>multiplicis</strong></span> <span class='ocrx_word' id='word_1_340' title='bbox 359 3538 450 3581; x_wconf 84' lang='lat' dir='ltr'><strong>plena</strong></span> <span class='ocrx_word' id='word_1_341' title='bbox 467 3536 630 3579; x_wconf 74' lang='lat' dir='ltr'><strong>sapientiae</strong></span> <span class='ocrx_word' id='word_1_342' title='bbox 646 3535 826 3579; x_wconf 84' lang='lat' dir='ltr'><strong>expetenda</strong></span> <span class='ocrx_word' id='word_1_343' title='bbox 841 3537 901 3569; x_wconf 88' lang='lat' dir='ltr'><strong>est.</strong></span> 
     </span>
    </p>
   </div>
   <div class='ocr_carea' id='block_1_11' title="bbox 1342 487 1883 544">
    <p class='ocr_par' dir='ltr' id='par_1_18' title="bbox 1342 487 1883 544">
     <span class='ocr_line' id='line_1_57' title="bbox 1342 487 1883 544; baseline 0.007 -17"><span class='ocrx_word' id='word_1_344' title='bbox 1342 487 1454 543; x_wconf 79' lang='grc' dir='ltr'>ἀφυὴς</span> <span class='ocrx_word' id='word_1_345' title='bbox 1473 492 1521 534; x_wconf 88' lang='grc' dir='ltr'>εἷς</span> <span class='ocrx_word' id='word_1_346' title='bbox 1542 490 1694 539; x_wconf 87' lang='grc' dir='ltr'>μάθησιν</span> <span class='ocrx_word' id='word_1_347' title='bbox 1710 493 1779 530; x_wconf 83' lang='grc' dir='ltr'>τῶν</span> <span class='ocrx_word' id='word_1_348' title='bbox 1797 491 1883 544; x_wconf 77' lang='grc' dir='ltr'><strong>χρή.</strong></span> 
     </span>
    </p>
   </div>
   <div class='ocr_carea' id='block_1_12' title="bbox 1397 548 2097 725">
    <p class='ocr_par' dir='ltr' id='par_1_19' title="bbox 1397 548 2097 725">
     <span class='ocr_line' id='line_1_58' title="bbox 1397 548 2038 604; baseline 0.008 -18"><span class='ocrx_word' id='word_1_349' title='bbox 1397 548 1508 602; x_wconf 89' lang='lat' dir='ltr'><strong>(Cod.</strong></span> <span class='ocrx_word' id='word_1_350' title='bbox 1531 549 1634 590; x_wconf 86' lang='lat' dir='ltr'><strong>Flor.</strong></span> <span class='ocrx_word' id='word_1_351' title='bbox 1655 550 1765 590; x_wconf 85' lang='lat' dir='ltr'><strong>Stob.</strong></span> <span class='ocrx_word' id='word_1_352' title='bbox 1790 550 1840 589; x_wconf 88' lang='lat' dir='ltr'><strong>lV</strong></span> <span class='ocrx_word' id='word_1_353' title='bbox 1861 565 1902 603; x_wconf 92' lang='lat' dir='ltr'><strong>p.</strong></span> <span class='ocrx_word' id='word_1_354' title='bbox 1931 552 2038 604; x_wconf 76' lang='lat'><strong>407.)</strong></span> 
     </span>
     <span class='ocr_line' id='line_1_59' title="bbox 1481 661 2097 725; baseline 0.008 -20"><span class='ocrx_word' id='word_1_355' title='bbox 1481 661 1583 725; x_wconf 85' lang='grc' dir='ltr'>Περὶ</span> <span class='ocrx_word' id='word_1_356' title='bbox 1604 662 1753 715; x_wconf 82' lang='grc' dir='ltr'>εὐνοίης</span> <span class='ocrx_word' id='word_1_357' title='bbox 1773 662 1844 707; x_wconf 83' lang='grc' dir='ltr'>καὶ</span> <span class='ocrx_word' id='word_1_358' title='bbox 1869 662 2097 715; x_wconf 79' lang='grc' dir='ltr'>κακονοίης.</span> 
     </span>
    </p>
   </div>
   <div class='ocr_carea' id='block_1_13' title="bbox 1264 782 2316 882">
    <p class='ocr_par' dir='ltr' id='par_1_20' title="bbox 1264 782 2316 882">
     <span class='ocr_line' id='line_1_60' title="bbox 1264 782 2316 837; baseline 0.002 -16"><span class='ocrx_word' id='word_1_359' title='bbox 1264 782 1536 832; x_wconf 74' lang='grc' dir='ltr'><strong>144.Πλεονεξίη</strong></span> <span class='ocrx_word' id='word_1_360' title='bbox 1576 783 1616 823; x_wconf 83' lang='grc' dir='ltr'><strong>τὸ</strong></span> <span class='ocrx_word' id='word_1_361' title='bbox 1647 783 1766 823; x_wconf 89' lang='grc' dir='ltr'>πάντα</span> <span class='ocrx_word' id='word_1_362' title='bbox 1794 784 1923 837; x_wconf 80' lang='grc' dir='ltr'>λέγειν,</span> <span class='ocrx_word' id='word_1_363' title='bbox 1951 783 2059 835; x_wconf 84' lang='grc' dir='ltr'>μηδὲν</span> <span class='ocrx_word' id='word_1_364' title='bbox 2101 784 2138 822; x_wconf 83' lang='grc' dir='ltr'><strong>δὲ</strong></span> <span class='ocrx_word' id='word_1_365' title='bbox 2175 783 2316 824; x_wconf 80' lang='grc' dir='ltr'>ἀκούειν</span> 
     </span>
     <span class='ocr_line' id='line_1_61' title="bbox 1341 842 1484 882; baseline 0.014 -2"><span class='ocrx_word' id='word_1_366' title='bbox 1341 842 1484 882; x_wconf 79' lang='grc' dir='ltr'>ἐθέλειν.</span> 
     </span>
    </p>
   </div>
   <div class='ocr_carea' id='block_1_14' title="bbox 1265 900 2322 2070">
    <p class='ocr_par' dir='ltr' id='par_1_21' title="bbox 1396 900 1959 953">
     <span class='ocr_line' id='line_1_62' title="bbox 1396 900 1959 953; baseline 0.002 -14"><span class='ocrx_word' id='word_1_367' title='bbox 1396 900 1518 953; x_wconf 81' lang='lat' dir='ltr'><strong>(Stob.</strong></span> <span class='ocrx_word' id='word_1_368' title='bbox 1547 901 1649 942; x_wconf 83' lang='lat' dir='ltr'><strong>Flor.</strong></span> <span class='ocrx_word' id='word_1_369' title='bbox 1670 901 1841 950; x_wconf 79' lang='lat' dir='ltr'><strong>xxxvl,</strong></span> <span class='ocrx_word' id='word_1_370' title='bbox 1871 904 1959 952; x_wconf 73' lang='lat'><strong>24.)</strong></span> 
     </span>
    </p>

    <p class='ocr_par' dir='ltr' id='par_1_22' title="bbox 1266 958 2317 1072">
     <span class='ocr_line' id='line_1_63' title="bbox 1266 958 2317 1015; baseline 0.002 -17"><span class='ocrx_word' id='word_1_371' title='bbox 1266 972 1329 998; x_wconf 78' lang='lat'><strong>145.</strong></span> <span class='ocrx_word' id='word_1_372' title='bbox 1349 958 1585 1011; x_wconf 84' lang='grc' dir='ltr'>Ἐριδαντέων</span> <span class='ocrx_word' id='word_1_373' title='bbox 1607 960 1657 1009; x_wconf 80' lang='grc' dir='ltr'><strong>δὲ,</strong></span> <span class='ocrx_word' id='word_1_374' title='bbox 1674 960 1768 1000; x_wconf 79' lang='grc' dir='ltr'>κατὰ</span> <span class='ocrx_word' id='word_1_375' title='bbox 1792 961 2030 1015; x_wconf 84' lang='grc' dir='ltr'>Δημόκριτον,</span> <span class='ocrx_word' id='word_1_376' title='bbox 2052 960 2114 1000; x_wconf 79' lang='grc' dir='ltr'>καὶ</span> <span class='ocrx_word' id='word_1_377' title='bbox 2137 962 2317 1013; x_wconf 81' lang='grc' dir='ltr'>ἱμαντελι-</span> 
     </span>
     <span class='ocr_line' id='line_1_64' title="bbox 1345 1018 1776 1072; baseline 0.005 -15"><span class='ocrx_word' id='word_1_378' title='bbox 1345 1019 1456 1057; x_wconf 85' lang='grc' dir='ltr'>κτέων</span> <span class='ocrx_word' id='word_1_379' title='bbox 1475 1018 1599 1070; x_wconf 87' lang='grc' dir='ltr'>λόγους</span> <span class='ocrx_word' id='word_1_380' title='bbox 1618 1019 1776 1072; x_wconf 78' lang='grc' dir='ltr'>ἀφετέον.</span> 
     </span>
    </p>

    <p class='ocr_par' dir='ltr' id='par_1_23' title="bbox 1397 1078 2188 1132">
     <span class='ocr_line' id='line_1_65' title="bbox 1397 1078 2188 1132; baseline 0.003 -16"><span class='ocrx_word' id='word_1_381' title='bbox 1397 1078 1610 1130; x_wconf 79' lang='lat' dir='ltr'><strong>(Plutarch.</strong></span> <span class='ocrx_word' id='word_1_382' title='bbox 1632 1079 1817 1132; x_wconf 86' lang='lat' dir='ltr'><strong>Sympos.</strong></span> <span class='ocrx_word' id='word_1_383' title='bbox 1839 1079 1874 1128; x_wconf 90' lang='lat' dir='ltr'><strong>I,</strong></span> <span class='ocrx_word' id='word_1_384' title='bbox 1902 1094 1918 1118; x_wconf 88' lang='lat'>1</span> <span class='ocrx_word' id='word_1_385' title='bbox 1942 1094 1984 1132; x_wconf 89' lang='lat' dir='ltr'><strong>p.</strong></span> <span class='ocrx_word' id='word_1_386' title='bbox 2007 1082 2101 1125; x_wconf 74' lang='lat'><strong>614.</strong></span> <span class='ocrx_word' id='word_1_387' title='bbox 2125 1080 2188 1132; x_wconf 88' lang='grc' dir='ltr'><strong>Ε.)</strong></span> 
     </span>
    </p>

    <p class='ocr_par' dir='ltr' id='par_1_24' title="bbox 1270 1137 2099 1192">
     <span class='ocr_line' id='line_1_66' title="bbox 1270 1137 2099 1192; baseline 0.005 -17"><span class='ocrx_word' id='word_1_388' title='bbox 1270 1149 1335 1177; x_wconf 76' lang='grc'><strong>148.</strong></span> <span class='ocrx_word' id='word_1_389' title='bbox 1353 1138 1401 1176; x_wconf 82' lang='grc' dir='ltr'><strong>Οἱ</strong></span> <span class='ocrx_word' id='word_1_390' title='bbox 1419 1137 1654 1192; x_wconf 81' lang='grc' dir='ltr'>φιλομεμφέες</span> <span class='ocrx_word' id='word_1_391' title='bbox 1673 1141 1720 1183; x_wconf 86' lang='grc' dir='ltr'>εἷς</span> <span class='ocrx_word' id='word_1_392' title='bbox 1737 1139 1855 1192; x_wconf 84' lang='grc' dir='ltr'>φιλίην</span> <span class='ocrx_word' id='word_1_393' title='bbox 1874 1139 1924 1190; x_wconf 78' lang='grc' dir='ltr'><strong>μὴ</strong></span> <span class='ocrx_word' id='word_1_394' title='bbox 1946 1139 2099 1192; x_wconf 80' lang='grc' dir='ltr'>εὐφυέες.</span> 
     </span>
    </p>

    <p class='ocr_par' dir='ltr' id='par_1_25' title="bbox 1404 1196 1942 1251">
     <span class='ocr_line' id='line_1_67' title="bbox 1404 1196 1942 1251; baseline 0.002 -16"><span class='ocrx_word' id='word_1_395' title='bbox 1404 1196 1638 1249; x_wconf 85' lang='lat' dir='ltr'><strong>(Democrat.</strong></span> <span class='ocrx_word' id='word_1_396' title='bbox 1656 1198 1777 1238; x_wconf 77' lang='lat' dir='ltr'><strong>orell.</strong></span> <span class='ocrx_word' id='word_1_397' title='bbox 1800 1212 1839 1237; x_wconf 90' lang='lat' dir='ltr'><strong>n.</strong></span> <span class='ocrx_word' id='word_1_398' title='bbox 1861 1199 1942 1251; x_wconf 86' lang='lat'><strong>76.)</strong></span> 
     </span>
    </p>

    <p class='ocr_par' dir='ltr' id='par_1_26' title="bbox 1266 1255 2318 1426">
     <span class='ocr_line' id='line_1_68' title="bbox 1266 1255 2318 1310; baseline 0.001 -16"><span class='ocrx_word' id='word_1_399' title='bbox 1266 1268 1328 1295; x_wconf 80' lang='lat'><strong>147.</strong></span> <span class='ocrx_word' id='word_1_400' title='bbox 1346 1255 1554 1303; x_wconf 80' lang='grc' dir='ltr'>Φιλονεικίη</span> <span class='ocrx_word' id='word_1_401' title='bbox 1571 1261 1671 1295; x_wconf 79' lang='grc' dir='ltr'>πᾶσα</span> <span class='ocrx_word' id='word_1_402' title='bbox 1685 1255 1842 1303; x_wconf 83' lang='grc' dir='ltr'>ἀνόητος·</span> <span class='ocrx_word' id='word_1_403' title='bbox 1859 1255 1899 1295; x_wconf 83' lang='grc' dir='ltr'><strong>τὸ</strong></span> <span class='ocrx_word' id='word_1_404' title='bbox 1912 1258 1981 1310; x_wconf 85' lang='grc' dir='ltr'>γὰρ</span> <span class='ocrx_word' id='word_1_405' title='bbox 2001 1255 2093 1295; x_wconf 74' lang='grc' dir='ltr'>κατὰ</span> <span class='ocrx_word' id='word_1_406' title='bbox 2109 1259 2170 1295; x_wconf 81' lang='grc' dir='ltr'>τοῦ</span> <span class='ocrx_word' id='word_1_407' title='bbox 2190 1257 2318 1308; x_wconf 86' lang='grc' dir='ltr'>δυσμε-</span> 
     </span>
     <span class='ocr_line' id='line_1_69' title="bbox 1343 1313 2318 1370; baseline 0.002 -18"><span class='ocrx_word' id='word_1_408' title='bbox 1343 1313 1417 1358; x_wconf 83' lang='grc' dir='ltr'>νέος</span> <span class='ocrx_word' id='word_1_409' title='bbox 1450 1314 1623 1370; x_wconf 78' lang='grc' dir='ltr'>βλαὸερὸν</span> <span class='ocrx_word' id='word_1_410' title='bbox 1658 1319 1859 1369; x_wconf 79' lang='grc' dir='ltr'>θεωρεῦσα,</span> <span class='ocrx_word' id='word_1_411' title='bbox 1892 1316 1933 1355; x_wconf 84' lang='grc' dir='ltr'><strong>τὸ</strong></span> <span class='ocrx_word' id='word_1_412' title='bbox 1963 1316 2049 1354; x_wconf 87' lang='grc' dir='ltr'>ἴδιον</span> <span class='ocrx_word' id='word_1_413' title='bbox 2080 1315 2250 1370; x_wconf 79' lang='grc' dir='ltr'>ξυμφέρον</span> <span class='ocrx_word' id='word_1_414' title='bbox 2281 1317 2318 1356; x_wconf 85' lang='grc' dir='ltr'>οὗ</span> 
     </span>
     <span class='ocr_line' id='line_1_70' title="bbox 1346 1372 1483 1426; baseline 0.015 -16"><span class='ocrx_word' id='word_1_415' title='bbox 1346 1372 1483 1426; x_wconf 86' lang='grc' dir='ltr'>βλέπει.</span> 
     </span>
    </p>

    <p class='ocr_par' dir='ltr' id='par_1_27' title="bbox 1265 1432 2320 1962">
     <span class='ocr_line' id='line_1_71' title="bbox 1400 1432 1854 1487; baseline 0.004 -16"><span class='ocrx_word' id='word_1_416' title='bbox 1400 1432 1523 1486; x_wconf 74' lang='lat' dir='ltr'><strong>(Stob.</strong></span> <span class='ocrx_word' id='word_1_417' title='bbox 1547 1433 1650 1473; x_wconf 79' lang='lat' dir='ltr'><strong>Flor.</strong></span> <span class='ocrx_word' id='word_1_418' title='bbox 1666 1433 1751 1481; x_wconf 91' lang='lat' dir='ltr'><strong>XX,</strong></span> <span class='ocrx_word' id='word_1_419' title='bbox 1774 1434 1854 1487; x_wconf 85' lang='lat'><strong>62.)</strong></span> 
     </span>
     <span class='ocr_line' id='line_1_72' title="bbox 1265 1491 2314 1547; baseline 0 -15"><span class='ocrx_word' id='word_1_420' title='bbox 1265 1504 1328 1532; x_wconf 79' lang='grc'><strong>148.</strong></span> <span class='ocrx_word' id='word_1_421' title='bbox 1346 1491 1391 1532; x_wconf 86' lang='grc' dir='ltr'><strong>Ἥ</strong></span> <span class='ocrx_word' id='word_1_422' title='bbox 1425 1494 1493 1530; x_wconf 84' lang='grc' dir='ltr'>τῶν</span> <span class='ocrx_word' id='word_1_423' title='bbox 1516 1493 1656 1545; x_wconf 80' lang='grc' dir='ltr'>ἀγαθῶν</span> <span class='ocrx_word' id='word_1_424' title='bbox 1684 1493 1754 1547; x_wconf 87' lang='grc' dir='ltr'>ἔρις</span> <span class='ocrx_word' id='word_1_425' title='bbox 1785 1494 1914 1547; x_wconf 82' lang='grc' dir='ltr'>ὠφελεῖ</span> <span class='ocrx_word' id='word_1_426' title='bbox 1946 1493 2005 1532; x_wconf 82' lang='grc' dir='ltr'>τὸν</span> <span class='ocrx_word' id='word_1_427' title='bbox 2039 1494 2229 1543; x_wconf 73' lang='grc' dir='ltr'>ζηλοῦντα,</span> <span class='ocrx_word' id='word_1_428' title='bbox 2263 1494 2314 1546; x_wconf 82' lang='grc' dir='ltr'><strong>μὴ</strong></span> 
     </span>
     <span class='ocr_line' id='line_1_73' title="bbox 1346 1550 1871 1604; baseline 0.004 -15"><span class='ocrx_word' id='word_1_429' title='bbox 1346 1550 1553 1604; x_wconf 81' lang='grc' dir='ltr'>βλάπτουσα</span> <span class='ocrx_word' id='word_1_430' title='bbox 1573 1551 1630 1591; x_wconf 83' lang='grc' dir='ltr'>τὸν</span> <span class='ocrx_word' id='word_1_431' title='bbox 1646 1552 1871 1604; x_wconf 83' lang='grc' dir='ltr'>ζηλούμενον.</span> 
     </span>
     <span class='ocr_line' id='line_1_74' title="bbox 1403 1612 1751 1664; baseline 0.006 -15"><span class='ocrx_word' id='word_1_432' title='bbox 1403 1612 1559 1662; x_wconf 80' lang='lat' dir='ltr'><strong>(Anton.</strong></span> <span class='ocrx_word' id='word_1_433' title='bbox 1577 1625 1617 1663; x_wconf 90' lang='lat' dir='ltr'><strong>p.</strong></span> <span class='ocrx_word' id='word_1_434' title='bbox 1643 1612 1751 1664; x_wconf 76' lang='lat'><strong>408.)</strong></span> 
     </span>
     <span class='ocr_line' id='line_1_75' title="bbox 1267 1669 2320 1724; baseline 0 -14"><span class='ocrx_word' id='word_1_435' title='bbox 1267 1683 1330 1710; x_wconf 73' lang='grc'><strong>149.</strong></span> <span class='ocrx_word' id='word_1_436' title='bbox 1348 1669 1609 1724; x_wconf 80' lang='grc' dir='ltr'>Μεγαλοψυχιή</span> <span class='ocrx_word' id='word_1_437' title='bbox 1648 1670 1689 1710; x_wconf 86' lang='grc' dir='ltr'><strong>τὸ</strong></span> <span class='ocrx_word' id='word_1_438' title='bbox 1727 1671 1846 1724; x_wconf 87' lang='grc' dir='ltr'>φέρειν</span> <span class='ocrx_word' id='word_1_439' title='bbox 1876 1670 2015 1724; x_wconf 84' lang='grc' dir='ltr'>πραέως</span> <span class='ocrx_word' id='word_1_440' title='bbox 2054 1670 2320 1722; x_wconf 81' lang='grc' dir='ltr'>πλημμελείην.</span> 
     </span>
     <span class='ocr_line' id='line_1_76' title="bbox 1399 1729 2319 1783; baseline 0.003 -15"><span class='ocrx_word' id='word_1_441' title='bbox 1399 1729 1518 1782; x_wconf 89' lang='lat' dir='ltr'><strong>(Stob.</strong></span> <span class='ocrx_word' id='word_1_442' title='bbox 1539 1729 1644 1772; x_wconf 79' lang='lat' dir='ltr'><strong>Flor.</strong></span> <span class='ocrx_word' id='word_1_443' title='bbox 1676 1730 1814 1780; x_wconf 89' lang='lat' dir='ltr'>CVIII,</span> <span class='ocrx_word' id='word_1_444' title='bbox 1850 1732 1917 1783; x_wconf 88' lang='lat'><strong>69.</strong></span> <span class='ocrx_word' id='word_1_445' title='bbox 1950 1732 2170 1771; x_wconf 85' lang='lat' dir='ltr'><strong>Democrat.</strong></span> <span class='ocrx_word' id='word_1_446' title='bbox 2196 1731 2319 1771; x_wconf 82' lang='lat' dir='ltr'><strong>Orell.</strong></span> 
     </span>
     <span class='ocr_line' id='line_1_77' title="bbox 1346 1789 1484 1842; baseline 0.007 -15"><span class='ocrx_word' id='word_1_447' title='bbox 1346 1803 1386 1828; x_wconf 91' lang='lat' dir='ltr'><strong>n.</strong></span> <span class='ocrx_word' id='word_1_448' title='bbox 1409 1789 1484 1842; x_wconf 78' lang='lat'><strong>12.)</strong></span> 
     </span>
     <span class='ocr_line' id='line_1_78' title="bbox 1269 1847 2318 1903; baseline 0 -16"><span class='ocrx_word' id='word_1_449' title='bbox 1269 1862 1332 1888; x_wconf 74' lang='lat' dir='ltr'><strong>too.</strong></span> <span class='ocrx_word' id='word_1_450' title='bbox 1351 1847 1471 1893; x_wconf 73' lang='grc' dir='ltr'>Φόὸος</span> <span class='ocrx_word' id='word_1_451' title='bbox 1485 1849 1672 1897; x_wconf 80' lang='grc' dir='ltr'>κολακείην</span> <span class='ocrx_word' id='word_1_452' title='bbox 1703 1849 1902 1903; x_wconf 80' lang='grc' dir='ltr'>ἐργάζεται,</span> <span class='ocrx_word' id='word_1_453' title='bbox 1921 1849 2059 1897; x_wconf 77' lang='grc' dir='ltr'>εὐνοίην</span> <span class='ocrx_word' id='word_1_454' title='bbox 2081 1849 2117 1888; x_wconf 84' lang='grc' dir='ltr'><strong>δὲ</strong></span> <span class='ocrx_word' id='word_1_455' title='bbox 2138 1850 2201 1889; x_wconf 80' lang='grc' dir='ltr'>οὒκ</span> <span class='ocrx_word' id='word_1_456' title='bbox 2230 1848 2318 1901; x_wconf 81' lang='grc' dir='ltr'><strong>ἔχει.</strong></span> 
     </span>
     <span class='ocr_line' id='line_1_79' title="bbox 1399 1907 1952 1962; baseline 0.004 -16"><span class='ocrx_word' id='word_1_457' title='bbox 1399 1907 1521 1960; x_wconf 84' lang='lat' dir='ltr'><strong>(Stob.</strong></span> <span class='ocrx_word' id='word_1_458' title='bbox 1543 1908 1647 1948; x_wconf 83' lang='lat' dir='ltr'><strong>Flor.</strong></span> <span class='ocrx_word' id='word_1_459' title='bbox 1667 1908 1847 1951; x_wconf 88' lang='lat' dir='ltr'>XLVIII.</span> <span class='ocrx_word' id='word_1_460' title='bbox 1876 1908 1952 1962; x_wconf 83' lang='lat'><strong>13.)</strong></span> 
     </span>
    </p>

    <p class='ocr_par' dir='ltr' id='par_1_28' title="bbox 1269 1961 2322 2022">
     <span class='ocr_line' id='line_1_80' title="bbox 1269 1961 2322 2022; baseline 0 -17"><span class='ocrx_word' id='word_1_461' title='bbox 1269 1980 1331 2006; x_wconf 77' lang='lat' dir='ltr'><strong>isi.</strong></span> <span class='ocrx_word' id='word_1_462' title='bbox 1349 1966 1483 2006; x_wconf 82' lang='grc' dir='ltr'>Πολλοὶ</span> <span class='ocrx_word' id='word_1_463' title='bbox 1499 1966 1674 2010; x_wconf 84' lang='grc' dir='ltr'>δοκέοντες</span> <span class='ocrx_word' id='word_1_464' title='bbox 1694 1968 1787 2022; x_wconf 87' lang='grc' dir='ltr'>φίλοι</span> <span class='ocrx_word' id='word_1_465' title='bbox 1813 1961 1902 2006; x_wconf 77' lang='grc' dir='ltr'>εἶναι</span> <span class='ocrx_word' id='word_1_466' title='bbox 1923 1969 1985 2006; x_wconf 77' lang='grc' dir='ltr'>οὐκ</span> <span class='ocrx_word' id='word_1_467' title='bbox 2013 1967 2094 2016; x_wconf 83' lang='grc' dir='ltr'>εἶσί,</span> <span class='ocrx_word' id='word_1_468' title='bbox 2118 1966 2178 2005; x_wconf 78' lang='grc' dir='ltr'>καὶ</span> <span class='ocrx_word' id='word_1_469' title='bbox 2200 1967 2237 2005; x_wconf 79' lang='grc' dir='ltr'>οὔ</span> <span class='ocrx_word' id='word_1_470' title='bbox 2262 1967 2322 2005; x_wconf 87' lang='grc' dir='ltr'>δο-</span> 
     </span>
    </p>

    <p class='ocr_par' dir='ltr' id='par_1_29' title="bbox 1346 2026 1581 2070">
     <span class='ocr_line' id='line_1_81' title="bbox 1346 2026 1581 2070; baseline 0.004 -6"><span class='ocrx_word' id='word_1_471' title='bbox 1346 2041 1483 2070; x_wconf 84' lang='grc' dir='ltr'>κεοντες</span> <span class='ocrx_word' id='word_1_472' title='bbox 1500 2026 1581 2065; x_wconf 82' lang='grc' dir='ltr'><strong>εἶσί.</strong></span> 
     </span>
    </p>
   </div>
   <div class='ocr_carea' id='block_1_15' title="bbox 1400 2086 1940 2138">
    <p class='ocr_par' dir='ltr' id='par_1_30' title="bbox 1400 2086 1940 2138">
     <span class='ocr_line' id='line_1_82' title="bbox 1400 2086 1940 2138; baseline 0.002 -15"><span class='ocrx_word' id='word_1_473' title='bbox 1400 2086 1634 2136; x_wconf 82' lang='lat' dir='ltr'><strong>(Democrat.</strong></span> <span class='ocrx_word' id='word_1_474' title='bbox 1660 2086 1784 2126; x_wconf 84' lang='lat' dir='ltr'><strong>Orell.</strong></span> <span class='ocrx_word' id='word_1_475' title='bbox 1801 2100 1840 2126; x_wconf 90' lang='lat' dir='ltr'><strong>n.</strong></span> <span class='ocrx_word' id='word_1_476' title='bbox 1862 2087 1940 2138; x_wconf 86' lang='lat'><strong>63.)</strong></span> 
     </span>
    </p>
   </div>
   <div class='ocr_carea' id='block_1_16' title="bbox 1261 2292 2321 2512">
    <p class='ocr_par' dir='ltr' id='par_1_31' title="bbox 1264 2292 2321 2393">
     <span class='ocr_line' id='line_1_83' title="bbox 1309 2292 2321 2333; baseline 0.002 -9"><span class='ocrx_word' id='word_1_477' title='bbox 1309 2295 1377 2324; x_wconf 81' lang='lat'><strong>142.</strong></span> <span class='ocrx_word' id='word_1_478' title='bbox 1396 2292 1467 2325; x_wconf 87' lang='lat' dir='ltr'><strong>Noli</strong></span> <span class='ocrx_word' id='word_1_479' title='bbox 1485 2292 1632 2324; x_wconf 89' lang='lat' dir='ltr'><strong>omnium</strong></span> <span class='ocrx_word' id='word_1_480' title='bbox 1649 2300 1757 2325; x_wconf 90' lang='lat' dir='ltr'><strong>rerum</strong></span> <span class='ocrx_word' id='word_1_481' title='bbox 1768 2293 1937 2325; x_wconf 86' lang='lat' dir='ltr'><strong>scientiam</strong></span> <span class='ocrx_word' id='word_1_482' title='bbox 1958 2293 2125 2333; x_wconf 78' lang='lat' dir='ltr'><strong>appetere,</strong></span> <span class='ocrx_word' id='word_1_483' title='bbox 2154 2301 2193 2325; x_wconf 90' lang='lat' dir='ltr'><strong>ne</strong></span> <span class='ocrx_word' id='word_1_484' title='bbox 2211 2293 2321 2326; x_wconf 88' lang='lat' dir='ltr'><strong>omnia</strong></span> 
     </span>
     <span class='ocr_line' id='line_1_84' title="bbox 1264 2352 1401 2393; baseline 0.015 -11"><span class='ocrx_word' id='word_1_485' title='bbox 1264 2352 1401 2393; x_wconf 61' lang='lat' dir='ltr'><strong>ignore&amp;</strong></span> 
     </span>
    </p>

    <p class='ocr_par' dir='ltr' id='par_1_32' title="bbox 1261 2410 2321 2512">
     <span class='ocr_line' id='line_1_85' title="bbox 1308 2410 2321 2453; baseline 0.002 -10"><span class='ocrx_word' id='word_1_486' title='bbox 1308 2413 1379 2444; x_wconf 77' lang='grc'><strong>143.</strong></span> <span class='ocrx_word' id='word_1_487' title='bbox 1405 2412 1512 2443; x_wconf 86' lang='lat' dir='ltr'><strong>Homo</strong></span> <span class='ocrx_word' id='word_1_488' title='bbox 1534 2410 1662 2443; x_wconf 84' lang='lat' dir='ltr'><strong>rixosus</strong></span> <span class='ocrx_word' id='word_1_489' title='bbox 1677 2411 1710 2444; x_wconf 85' lang='lat' dir='ltr'><strong>et</strong></span> <span class='ocrx_word' id='word_1_490' title='bbox 1725 2410 1844 2452; x_wconf 86' lang='lat' dir='ltr'><strong>loquax</strong></span> <span class='ocrx_word' id='word_1_491' title='bbox 1860 2412 1978 2443; x_wconf 89' lang='lat' dir='ltr'><strong>natura</strong></span> <span class='ocrx_word' id='word_1_492' title='bbox 1999 2410 2133 2444; x_wconf 88' lang='lat' dir='ltr'><strong>minime</strong></span> <span class='ocrx_word' id='word_1_493' title='bbox 2149 2413 2245 2453; x_wconf 89' lang='lat' dir='ltr'><strong>aptus</strong></span> <span class='ocrx_word' id='word_1_494' title='bbox 2270 2414 2321 2445; x_wconf 84' lang='lat' dir='ltr'><strong>est</strong></span> 
     </span>
     <span class='ocr_line' id='line_1_86' title="bbox 1261 2470 1881 2512; baseline 0 -9"><span class='ocrx_word' id='word_1_495' title='bbox 1261 2470 1304 2503; x_wconf 90' lang='lat' dir='ltr'><strong>ad</strong></span> <span class='ocrx_word' id='word_1_496' title='bbox 1321 2480 1359 2504; x_wconf 84' lang='lat' dir='ltr'><strong>ea</strong></span> <span class='ocrx_word' id='word_1_497' title='bbox 1371 2470 1525 2504; x_wconf 86' lang='lat' dir='ltr'><strong>discenda</strong></span> <span class='ocrx_word' id='word_1_498' title='bbox 1542 2479 1617 2511; x_wconf 86' lang='lat' dir='ltr'><strong>quae</strong></span> <span class='ocrx_word' id='word_1_499' title='bbox 1633 2479 1711 2503; x_wconf 89' lang='lat' dir='ltr'><strong>usus</strong></span> <span class='ocrx_word' id='word_1_500' title='bbox 1728 2470 1881 2512; x_wconf 84' lang='lat' dir='ltr'><strong>postulat.</strong></span> 
     </span>
    </p>
   </div>
   <div class='ocr_carea' id='block_1_17' title="bbox 1382 2574 2196 2620">
    <p class='ocr_par' dir='ltr' id='par_1_33' title="bbox 1382 2574 2196 2620">
     <span class='ocr_line' id='line_1_87' title="bbox 1382 2574 2196 2620; baseline -0.002 0"><span class='ocrx_word' id='word_1_501' title='bbox 1382 2579 1441 2620; x_wconf 88' lang='lat' dir='ltr'><strong>De</strong></span> <span class='ocrx_word' id='word_1_502' title='bbox 1462 2575 1780 2620; x_wconf 76' lang='lat' dir='ltr'><strong>benevolentia</strong></span> <span class='ocrx_word' id='word_1_503' title='bbox 1797 2578 1840 2619; x_wconf 86' lang='lat' dir='ltr'><strong>et</strong></span> <span class='ocrx_word' id='word_1_504' title='bbox 1861 2574 2196 2619; x_wconf 71' lang='lat' dir='ltr'><strong>malevolentia.</strong></span> 
     </span>
    </p>
   </div>
   <div class='ocr_carea' id='block_1_18' title="bbox 1261 2693 2320 3572">
    <p class='ocr_par' dir='ltr' id='par_1_34' title="bbox 1262 2693 2320 2788">
     <span class='ocr_line' id='line_1_88' title="bbox 1308 2693 2320 2737; baseline -0.003 -8"><span class='ocrx_word' id='word_1_505' title='bbox 1308 2698 1376 2729; x_wconf 87' lang='grc'><strong>144.</strong></span> <span class='ocrx_word' id='word_1_506' title='bbox 1402 2698 1461 2728; x_wconf 84' lang='lat' dir='ltr'><strong>Est</strong></span> <span class='ocrx_word' id='word_1_507' title='bbox 1486 2695 1638 2737; x_wconf 85' lang='lat' dir='ltr'><strong>quaedam</strong></span> <span class='ocrx_word' id='word_1_508' title='bbox 1669 2693 1877 2727; x_wconf 81' lang='lat' dir='ltr'><strong>fraudulenta</strong></span> <span class='ocrx_word' id='word_1_509' title='bbox 1896 2693 2047 2733; x_wconf 85' lang='lat' dir='ltr'><strong>aviditas,</strong></span> <span class='ocrx_word' id='word_1_510' title='bbox 2067 2693 2176 2726; x_wconf 87' lang='lat' dir='ltr'><strong>omnia</strong></span> <span class='ocrx_word' id='word_1_511' title='bbox 2202 2694 2320 2735; x_wconf 77' lang='lat' dir='ltr'><strong>dicere,</strong></span> 
     </span>
     <span class='ocr_line' id='line_1_89' title="bbox 1262 2754 1580 2788; baseline -0.006 0"><span class='ocrx_word' id='word_1_512' title='bbox 1262 2756 1342 2788; x_wconf 82' lang='lat' dir='ltr'><strong>nihil</strong></span> <span class='ocrx_word' id='word_1_513' title='bbox 1356 2755 1468 2787; x_wconf 89' lang='lat' dir='ltr'><strong>audire</strong></span> <span class='ocrx_word' id='word_1_514' title='bbox 1484 2754 1580 2787; x_wconf 84' lang='lat' dir='ltr'><strong>velle.</strong></span> 
     </span>
    </p>

    <p class='ocr_par' dir='ltr' id='par_1_35' title="bbox 1263 2812 2320 2914">
     <span class='ocr_line' id='line_1_90' title="bbox 1307 2812 2320 2854; baseline -0.003 -7"><span class='ocrx_word' id='word_1_515' title='bbox 1307 2818 1378 2847; x_wconf 88' lang='lat'><strong>145.</strong></span> <span class='ocrx_word' id='word_1_516' title='bbox 1398 2813 1530 2846; x_wconf 83' lang='lat' dir='ltr'><strong>Vitandi</strong></span> <span class='ocrx_word' id='word_1_517' title='bbox 1547 2814 1637 2854; x_wconf 84' lang='lat' dir='ltr'><strong>sunt,</strong></span> <span class='ocrx_word' id='word_1_518' title='bbox 1654 2813 1691 2846; x_wconf 88' lang='lat' dir='ltr'><strong>ut</strong></span> <span class='ocrx_word' id='word_1_519' title='bbox 1707 2812 1753 2845; x_wconf 86' lang='lat' dir='ltr'><strong>ait</strong></span> <span class='ocrx_word' id='word_1_520' title='bbox 1780 2813 2001 2851; x_wconf 74' lang='lat' dir='ltr'><strong>Democritus,</strong></span> <span class='ocrx_word' id='word_1_521' title='bbox 2022 2821 2187 2844; x_wconf 87' lang='lat' dir='ltr'><strong>sermones</strong></span> <span class='ocrx_word' id='word_1_522' title='bbox 2207 2812 2320 2846; x_wconf 85' lang='lat' dir='ltr'><strong>rixato-</strong></span> 
     </span>
     <span class='ocr_line' id='line_1_91' title="bbox 1263 2870 2223 2914; baseline -0.004 -7"><span class='ocrx_word' id='word_1_523' title='bbox 1263 2883 1334 2907; x_wconf 90' lang='lat' dir='ltr'><strong>rum</strong></span> <span class='ocrx_word' id='word_1_524' title='bbox 1353 2873 1588 2914; x_wconf 86' lang='lat' dir='ltr'><strong>hominumque</strong></span> <span class='ocrx_word' id='word_1_525' title='bbox 1603 2873 1751 2905; x_wconf 88' lang='lat' dir='ltr'><strong>contorta</strong></span> <span class='ocrx_word' id='word_1_526' title='bbox 1767 2871 1864 2905; x_wconf 86' lang='lat' dir='ltr'><strong>verba</strong></span> <span class='ocrx_word' id='word_1_527' title='bbox 1877 2872 2017 2912; x_wconf 82' lang='lat' dir='ltr'><strong>captiose</strong></span> <span class='ocrx_word' id='word_1_528' title='bbox 2033 2870 2223 2903; x_wconf 86' lang='lat' dir='ltr'><strong>dicentium.</strong></span> 
     </span>
    </p>

    <p class='ocr_par' dir='ltr' id='par_1_36' title="bbox 1261 2929 2303 3032">
     <span class='ocr_line' id='line_1_92' title="bbox 1307 2929 2303 2973; baseline -0.005 -6"><span class='ocrx_word' id='word_1_529' title='bbox 1307 2935 1377 2967; x_wconf 83' lang='lat'><strong>146.</strong></span> <span class='ocrx_word' id='word_1_530' title='bbox 1403 2931 1559 2966; x_wconf 85' lang='lat' dir='ltr'><strong>Homines</strong></span> <span class='ocrx_word' id='word_1_531' title='bbox 1574 2931 1628 2973; x_wconf 88' lang='lat' dir='ltr'><strong>qui</strong></span> <span class='ocrx_word' id='word_1_532' title='bbox 1642 2931 1779 2964; x_wconf 87' lang='lat' dir='ltr'><strong>libenter</strong></span> <span class='ocrx_word' id='word_1_533' title='bbox 1794 2931 1873 2964; x_wconf 86' lang='lat' dir='ltr'><strong>alios</strong></span> <span class='ocrx_word' id='word_1_534' title='bbox 1889 2929 2131 2972; x_wconf 87' lang='lat' dir='ltr'><strong>reprehendunt</strong></span> <span class='ocrx_word' id='word_1_535' title='bbox 2151 2929 2191 2962; x_wconf 91' lang='lat' dir='ltr'><strong>ad</strong></span> <span class='ocrx_word' id='word_1_536' title='bbox 2209 2930 2303 2963; x_wconf 89' lang='lat' dir='ltr'><strong>amici</strong></span> 
     </span>
     <span class='ocr_line' id='line_1_93' title="bbox 1261 2990 1821 3032; baseline -0.007 -6"><span class='ocrx_word' id='word_1_537' title='bbox 1261 2994 1339 3026; x_wconf 89' lang='lat' dir='ltr'><strong>tiam</strong></span> <span class='ocrx_word' id='word_1_538' title='bbox 1364 2993 1479 3025; x_wconf 89' lang='lat' dir='ltr'><strong>natura</strong></span> <span class='ocrx_word' id='word_1_539' title='bbox 1497 2991 1630 3024; x_wconf 87' lang='lat' dir='ltr'><strong>minime</strong></span> <span class='ocrx_word' id='word_1_540' title='bbox 1648 2991 1726 3023; x_wconf 94' lang='lat' dir='ltr'><strong>sunt</strong></span> <span class='ocrx_word' id='word_1_541' title='bbox 1743 2990 1821 3032; x_wconf 87' lang='lat' dir='ltr'><strong>apti.</strong></span> 
     </span>
    </p>

    <p class='ocr_par' dir='ltr' id='par_1_37' title="bbox 1262 3046 2319 3151">
     <span class='ocr_line' id='line_1_94' title="bbox 1306 3046 2319 3088; baseline -0.006 -4"><span class='ocrx_word' id='word_1_542' title='bbox 1306 3053 1377 3084; x_wconf 89' lang='lat'><strong>147.</strong></span> <span class='ocrx_word' id='word_1_543' title='bbox 1398 3050 1571 3084; x_wconf 79' lang='lat' dir='ltr'><strong>contentio</strong></span> <span class='ocrx_word' id='word_1_544' title='bbox 1592 3049 1697 3082; x_wconf 86' lang='lat' dir='ltr'><strong>omnis</strong></span> <span class='ocrx_word' id='word_1_545' title='bbox 1716 3049 1830 3082; x_wconf 85' lang='lat' dir='ltr'><strong>insana</strong></span> <span class='ocrx_word' id='word_1_546' title='bbox 1843 3050 1893 3081; x_wconf 90' lang='lat' dir='ltr'><strong>est</strong></span> <span class='ocrx_word' id='word_1_547' title='bbox 1907 3059 1916 3088; x_wconf 93' lang='lat'>;</span> <span class='ocrx_word' id='word_1_548' title='bbox 1932 3056 2006 3080; x_wconf 91' lang='lat' dir='ltr'><strong>nam</strong></span> <span class='ocrx_word' id='word_1_549' title='bbox 2033 3047 2111 3079; x_wconf 89' lang='lat' dir='ltr'><strong>dum</strong></span> <span class='ocrx_word' id='word_1_550' title='bbox 2130 3046 2161 3079; x_wconf 90' lang='lat' dir='ltr'><strong>id</strong></span> <span class='ocrx_word' id='word_1_551' title='bbox 2183 3048 2319 3088; x_wconf 75' lang='lat' dir='ltr'><strong>spectat,</strong></span> 
     </span>
     <span class='ocr_line' id='line_1_95' title="bbox 1262 3105 2229 3151; baseline -0.006 -8"><span class='ocrx_word' id='word_1_552' title='bbox 1262 3113 1300 3145; x_wconf 91' lang='lat' dir='ltr'><strong>ut</strong></span> <span class='ocrx_word' id='word_1_553' title='bbox 1323 3113 1436 3143; x_wconf 86' lang='lat' dir='ltr'><strong>noceat</strong></span> <span class='ocrx_word' id='word_1_554' title='bbox 1450 3109 1648 3150; x_wconf 86' lang='lat' dir='ltr'><strong>adversario,</strong></span> <span class='ocrx_word' id='word_1_555' title='bbox 1664 3109 1827 3151; x_wconf 87' lang='lat' dir='ltr'><strong>propriam</strong></span> <span class='ocrx_word' id='word_1_556' title='bbox 1845 3108 2018 3140; x_wconf 79' lang='lat' dir='ltr'><strong>utilitatem</strong></span> <span class='ocrx_word' id='word_1_557' title='bbox 2042 3115 2107 3138; x_wconf 88' lang='lat' dir='ltr'><strong>non</strong></span> <span class='ocrx_word' id='word_1_558' title='bbox 2128 3105 2229 3138; x_wconf 82' lang='lat' dir='ltr'><strong>videt.</strong></span> 
     </span>
    </p>

    <p class='ocr_par' dir='ltr' id='par_1_38' title="bbox 1262 3165 2316 3265">
     <span class='ocr_line' id='line_1_96' title="bbox 1307 3165 2316 3209; baseline -0.008 -6"><span class='ocrx_word' id='word_1_559' title='bbox 1307 3172 1378 3203; x_wconf 85' lang='lat'><strong>148.</strong></span> <span class='ocrx_word' id='word_1_560' title='bbox 1393 3171 1556 3203; x_wconf 89' lang='lat' dir='ltr'><strong>Bonorum</strong></span> <span class='ocrx_word' id='word_1_561' title='bbox 1569 3171 1731 3202; x_wconf 85' lang='lat' dir='ltr'><strong>certamen</strong></span> <span class='ocrx_word' id='word_1_562' title='bbox 1744 3167 1875 3209; x_wconf 79' lang='lat' dir='ltr'><strong>prodest</strong></span> <span class='ocrx_word' id='word_1_563' title='bbox 1891 3165 2068 3205; x_wconf 74' lang='lat' dir='ltr'><strong>aemulanti,</strong></span> <span class='ocrx_word' id='word_1_564' title='bbox 2085 3174 2150 3197; x_wconf 92' lang='lat' dir='ltr'><strong>non</strong></span> <span class='ocrx_word' id='word_1_565' title='bbox 2165 3166 2259 3197; x_wconf 87' lang='lat' dir='ltr'><strong>nocet</strong></span> <span class='ocrx_word' id='word_1_566' title='bbox 2275 3165 2316 3204; x_wconf 77' lang='lat' dir='ltr'><strong>ei,</strong></span> 
     </span>
     <span class='ocr_line' id='line_1_97' title="bbox 1262 3230 1505 3265; baseline -0.004 0"><span class='ocrx_word' id='word_1_567' title='bbox 1262 3232 1313 3265; x_wconf 90' lang='lat' dir='ltr'><strong>cui</strong></span> <span class='ocrx_word' id='word_1_568' title='bbox 1331 3230 1505 3265; x_wconf 77' lang='lat' dir='ltr'><strong>aemuleris.</strong></span> 
     </span>
    </p>

    <p class='ocr_par' dir='ltr' id='par_1_39' title="bbox 1262 3284 2319 3395">
     <span class='ocr_line' id='line_1_98' title="bbox 1306 3284 2319 3333; baseline -0.011 -7"><span class='ocrx_word' id='word_1_569' title='bbox 1306 3294 1377 3326; x_wconf 84' lang='grc'><strong>149.</strong></span> <span class='ocrx_word' id='word_1_570' title='bbox 1395 3291 1502 3333; x_wconf 81' lang='lat' dir='ltr'><strong>Magni</strong></span> <span class='ocrx_word' id='word_1_571' title='bbox 1523 3290 1623 3323; x_wconf 87' lang='lat' dir='ltr'><strong>animi</strong></span> <span class='ocrx_word' id='word_1_572' title='bbox 1637 3293 1684 3323; x_wconf 91' lang='lat' dir='ltr'><strong>est</strong></span> <span class='ocrx_word' id='word_1_573' title='bbox 1702 3289 1886 3322; x_wconf 82' lang='lat' dir='ltr'><strong>humaniter</strong></span> <span class='ocrx_word' id='word_1_574' title='bbox 1907 3288 2001 3327; x_wconf 79' lang='lat' dir='ltr'><strong>serre,</strong></span> <span class='ocrx_word' id='word_1_575' title='bbox 2016 3287 2041 3319; x_wconf 89' lang='lat' dir='ltr'><strong>si</strong></span> <span class='ocrx_word' id='word_1_576' title='bbox 2063 3285 2140 3327; x_wconf 92' lang='lat' dir='ltr'><strong>quid</strong></span> <span class='ocrx_word' id='word_1_577' title='bbox 2164 3284 2220 3326; x_wconf 87' lang='lat' dir='ltr'><strong>(ab</strong></span> <span class='ocrx_word' id='word_1_578' title='bbox 2234 3284 2319 3322; x_wconf 84' lang='lat' dir='ltr'><strong>aliis)</strong></span> 
     </span>
     <span class='ocr_line' id='line_1_99' title="bbox 1262 3351 1557 3395; baseline -0.007 -10"><span class='ocrx_word' id='word_1_579' title='bbox 1262 3353 1430 3395; x_wconf 86' lang='lat' dir='ltr'><strong>peccatum</strong></span> <span class='ocrx_word' id='word_1_580' title='bbox 1449 3351 1557 3384; x_wconf 80' lang='lat' dir='ltr'><strong>suerit.</strong></span> 
     </span>
    </p>

    <p class='ocr_par' dir='ltr' id='par_1_40' title="bbox 1303 3403 2318 3451">
     <span class='ocr_line' id='line_1_100' title="bbox 1303 3403 2318 3451; baseline -0.011 -6"><span class='ocrx_word' id='word_1_581' title='bbox 1303 3415 1374 3445; x_wconf 84' lang='lat'><strong>150.</strong></span> <span class='ocrx_word' id='word_1_582' title='bbox 1384 3413 1491 3444; x_wconf 85' lang='lat' dir='ltr'><strong>Metus</strong></span> <span class='ocrx_word' id='word_1_583' title='bbox 1499 3410 1715 3443; x_wconf 87' lang='lat' dir='ltr'><strong>adulationem</strong></span> <span class='ocrx_word' id='word_1_584' title='bbox 1724 3407 1880 3451; x_wconf 83' lang='lat' dir='ltr'><strong>parit,sed</strong></span> <span class='ocrx_word' id='word_1_585' title='bbox 1891 3405 2124 3440; x_wconf 81' lang='lat' dir='ltr'><strong>benevolentiae</strong></span> <span class='ocrx_word' id='word_1_586' title='bbox 2133 3411 2246 3445; x_wconf 82' lang='lat' dir='ltr'><strong>expers</strong></span> <span class='ocrx_word' id='word_1_587' title='bbox 2257 3403 2318 3435; x_wconf 88' lang='lat' dir='ltr'><strong>est.</strong></span> 
     </span>
    </p>

    <p class='ocr_par' dir='ltr' id='par_1_41' title="bbox 1264 3463 2319 3572">
     <span class='ocr_line' id='line_1_101' title="bbox 1309 3463 2319 3512; baseline -0.011 -8"><span class='ocrx_word' id='word_1_588' title='bbox 1309 3474 1378 3504; x_wconf 85' lang='grc'><strong>151.</strong></span> <span class='ocrx_word' id='word_1_589' title='bbox 1401 3471 1507 3511; x_wconf 82' lang='lat' dir='ltr'><strong>Multi,</strong></span> <span class='ocrx_word' id='word_1_590' title='bbox 1519 3480 1618 3512; x_wconf 88' lang='lat' dir='ltr'><strong>quum</strong></span> <span class='ocrx_word' id='word_1_591' title='bbox 1630 3469 1877 3502; x_wconf 83' lang='lat' dir='ltr'><strong>videanturesse</strong></span> <span class='ocrx_word' id='word_1_592' title='bbox 1885 3466 1990 3506; x_wconf 84' lang='lat' dir='ltr'><strong>amici,</strong></span> <span class='ocrx_word' id='word_1_593' title='bbox 2002 3474 2066 3498; x_wconf 93' lang='lat' dir='ltr'><strong>non</strong></span> <span class='ocrx_word' id='word_1_594' title='bbox 2081 3464 2169 3504; x_wconf 88' lang='lat' dir='ltr'><strong>sunt,</strong></span> <span class='ocrx_word' id='word_1_595' title='bbox 2179 3463 2319 3504; x_wconf 84' lang='lat' dir='ltr'><strong>suntque</strong></span> 
     </span>
     <span class='ocr_line' id='line_1_102' title="bbox 1264 3529 1716 3572; baseline -0.011 -8"><span class='ocrx_word' id='word_1_596' title='bbox 1264 3530 1370 3571; x_wconf 88' lang='lat' dir='ltr'><strong>multi,</strong></span> <span class='ocrx_word' id='word_1_597' title='bbox 1391 3530 1447 3572; x_wconf 87' lang='lat' dir='ltr'><strong>qui</strong></span> <span class='ocrx_word' id='word_1_598' title='bbox 1471 3539 1535 3562; x_wconf 94' lang='lat' dir='ltr'><strong>non</strong></span> <span class='ocrx_word' id='word_1_599' title='bbox 1556 3529 1716 3561; x_wconf 65' lang='lat' dir='ltr'><strong>videntur.</strong></span> 
     </span>
    </p>
   </div>
  </div>
 </body>
</html>
