2612 3814
833 425 1296 487 ALTERCATIO
1343 426 1708 487 HADRIANI
1752 430 1927 493 AUG.

603 573 680 622 ET
720 573 997 622 emerem
1035 573 1168 623 swa
1207 573 1423 624 POTIUS
1462 574 1719 626 SECUNDI
1757 574 2149 631 Pultosorffl.

337 866 462 904 HAnn.
479 870 651 904 Primum
669 875 742 911 est,
764 868 856 916 quid
867 870 914 903 sit
937 869 1113 906 mundus.
1131 889 1185 896 —
1207 868 1341 906 Emer.

281 926 452 965 Mundus
485 935 566 974 est,
601 940 625 964 o
662 925 859 964 Hadriane
872 955 882 973 ,
919 925 1146 964 constitutio
1188 926 1278 964 coeli
1307 935 1345 965 et

282 994 416 1034 terrae,
438 995 476 1024 et
507 987 683 1024 omnium
709 999 796 1037 quae
815 986 859 1023 in
894 985 952 1024 eis
987 993 1101 1035 sunt,
1123 984 1171 1022 de
1197 984 1344 1036 quibus

280 1045 399 1096 paulo
415 1045 504 1096 plus
530 1044 719 1083 disseram
732 1072 743 1092 ‚
766 1044 799 1083 si
819 1044 892 1090 iis,
924 1057 1011 1095 quae
1031 1043 1228 1092 dicentur,
1248 1044 1344 1083 dili-

281 1112 416 1153 genter
431 1104 663 1142 intenderis.
686 1103 857 1143 Mundus
879 1112 937 1142 cst
954 1102 1184 1155 spectabilis
1211 1102 1343 1155 supel-

280 1162 366 1210 lex,
390 1162 607 1201 ineffabilis
628 1163 834 1211 circuitus,
861 1175 933 1214 per
956 1175 998 1201 se
1030 1163 1205 1212 genitum
1233 1162 1343 1201 theo-

279 1234 387 1260 rema
404 1250 414 1269 ‚
461 1221 715 1260 multiformis
756 1221 965 1271 formatio,
995 1230 1163 1260 aeternus
1214 1230 1340 1269 tenor,

284 1281 475 1319 circuitus
502 1282 587 1319 sine
621 1294 777 1332 errore,
804 1281 900 1320 solis
922 1280 1077 1330 lumen,
1109 1280 1209 1327 dies,
1239 1294 1341 1330 nox,

280 1348 406 1391 astra,
433 1340 618 1389 tenebrae,
638 1350 757 1390 terra,
776 1353 857 1389 aer,
881 1353 995 1391 aqua.

336 1400 460 1438 HAmt.
485 1402 589 1449 Quid
611 1410 668 1439 est
693 1402 893 1439 Oceanus?
912 1422 967 1429 —-
1000 1399 1132 1439 Emer.
1165 1400 1342 1439 Oceanus

279 1471 338 1501 est
366 1462 556 1501 terminus
584 1472 817 1513 coronatus,
838 1463 976 1501 mundi
1007 1463 1233 1514 amplexus,
1254 1464 1344 1502 vin-

280 1522 412 1561 culum
435 1522 660 1561 ancliticum
695 1523 794 1573 (leg.
827 1522 1028 1573 cingulum
1057 1523 1338 1574 atlanticum),

280 1582 476 1621 universae
496 1591 642 1620 naturae
662 1583 973 1630 circumcursus,
994 1581 1105 1620 orbis
1140 1591 1341 1621 sustenta-

278 1641 409 1680 culum
424 1671 433 1689 ,
453 1641 624 1679 audaciae
637 1642 722 1690 via,
740 1642 854 1680 limes
872 1650 986 1680 terrae
1000 1671 1010 1689 ,
1027 1641 1175 1679 divisio
1198 1654 1342 1691 regno-

277 1714 365 1739 rum
382 1731 393 1749 ‚
409 1701 625 1753 hospitium
648 1701 882 1752 fluviorum,
901 1701 988 1740 fons
1005 1700 1191 1739 imbrium
1205 1730 1215 1748 ,
1237 1701 1342 1739 refu-

278 1760 384 1809 gium
406 1760 448 1798 in
467 1760 678 1812 periculis,
705 1761 833 1811 gratia
861 1761 904 1798 in
925 1759 1205 1812 voluptatibus,

331 1819 459 1858 HADR.
482 1822 588 1868 Quid
603 1830 662 1858 est
673 1823 807 1858 Deus?
822 1843 876 1849 -
892 1820 1022 1860 Emer.
1038 1820 1144 1858 Deus
1163 1829 1220 1858 est
1235 1833 1341 1859 sum-

278 1893 384 1919 mum
404 1880 553 1919 bonum
568 1910 579 1930 ,
603 1894 712 1920 mens
731 1880 986 1927 immortalis,
1008 1881 1338 1931 incontemplabi-

277 1939 328 1978 lis
365 1940 557 1978 celsitudo
570 1969 580 1988 ,
626 1940 753 1978 forma
796 1940 1075 1990 multiformis,
1134 1941 1342 1992 multiplex

278 1999 466 2051 spiritus,
492 2000 762 2051 incogitabilis
782 1999 1013 2053 inquisitio,
1028 1999 1225 2051 insopitus
1247 2014 1340 2039 ocu-

278 2061 359 2108 lus,
379 2062 513 2099 omnia
533 2062 740 2100 continens
764 2062 848 2100 lux.

331 2119 457 2160 HADR.
480 2122 585 2169 Quid
598 2130 655 2158 est
668 2123 794 2160 Dies?
816 2148 867 2154 -
887 2119 1018 2158 Emer.
1039 2118 1213 2157 Stadium
1236 2118 1342 2157 labo-

277 2179 354 2227 ris,
382 2180 622 2232 principium
648 2180 946 2231 quotidianum,
991 2187 1137 2218 aeterna
1178 2192 1338 2231 compu-

278 2239 386 2279 tatio,

304 2292 307 2294 ³
331 2298 455 2338 Hinn.
488 2301 597 2349 Qut'd
612 2310 671 2338 est
683 2301 781 2339 Sol?
795 2323 848 2329 —-
871 2299 1004 2338 Emer.
1024 2296 1160 2338 Mundi
1177 2301 1314 2339 oculus
1327 2331 1338 2349 ,

278 2358 404 2396 noctis
426 2359 685 2407 concertatio,
711 2360 856 2399 caloris
877 2360 1084 2405 circuitus,
1108 2358 1341 2400 indeficiens

279 2430 416 2456 cauma
431 2447 441 2466 ,
479 2418 665 2470 splendor
702 2419 788 2458 sine
808 2432 972 2468 occasu,
995 2418 1165 2458 coelestis
1194 2418 1338 2471 viator,

277 2477 358 2516 diei
380 2486 563 2525 ornatus,
586 2478 676 2516 coeli
704 2478 960 2531 pulchritudo
979 2509 990 2527 ,
1012 2487 1161 2516 naturae
1193 2478 1338 2529 gratia,

278 2537 463 2575 horarum
487 2537 740 2576 distributor.

332 2596 456 2634 HADR.
470 2598 574 2644 Quid
588 2607 644 2635 est
661 2600 799 2636 Luna?
811 2620 867 2648 —·
879 2597 1011 2636 Emer.
1028 2597 1128 2635 Coeli
1143 2610 1337 2649 purpura,

279 2655 381 2693 Solis
404 2657 563 2704 aemula,
587 2657 880 2696 malefactorum
898 2657 1133 2704 revelatrix,
1149 2657 1340 2695 itineran-

282 2715 377 2752 tium
415 2715 589 2754 solamen
603 2745 614 2764 ,
651 2717 918 2768 navigantium
957 2717 1147 2766 directio,
1184 2717 1338 2767 signum

284 2774 599 2823 solemnitatum,
630 2777 881 2816 recalculatio
929 2778 1148 2826 mensium,
1203 2779 1340 2817 oculus

281 2834 408 2872 noctis
419 2863 430 2882 ,
443 2835 548 2873 roris
559 2835 668 2885 larga
681 2837 828 2876 infusio
838 2867 848 2885 ,
863 2846 1133 2889 tempestatum
1149 2850 1337 2889 praesaga.

338 2893 464 2933 Hmn.
487 2896 592 2943 Quid
609 2904 664 2932 est
694 2897 841 2933 Terra?
865 2919 918 2926 --
939 2896 1072 2936 Emer.
1092 2896 1192 2934 Coeli
1211 2895 1339 2947 basis,

284 2952 420 2991 mundi
441 2953 726 3000 meditullium,
762 2963 892 2995 custos
921 2964 960 2994 et
981 2964 1105 2994 mater
1134 2956 1311 2994 omnium
1326 2986 1336 3004 ,

282 3011 510 3063 operculum
535 3011 767 3051 miserorum
780 3042 791 3061 ,
812 3013 1040 3053 devoratrix
1054 3015 1230 3053 omnium
1244 3044 1255 3063 ,
1274 3023 1342 3053 ant

285 3072 296 3123 (
315 3073 389 3121 leg.
419 3071 566 3123 mater)
586 3071 850 3120 nascentium,
874 3074 1076 3112 cellarium
1096 3076 1202 3113 vitae.

339 3130 466 3170 Halm.
489 3132 596 3178 Quid
615 3140 670 3168 est
687 3133 839 3169 Homo?
857 3155 911 3161 —
932 3132 1063 3171 Emc'r.
1083 3133 1194 3172 Mens
1213 3133 1342 3172 incar-

284 3198 396 3237 nata,
415 3188 618 3229 laboriosa
635 3191 766 3229 anima
781 3220 791 3238 ,
810 3192 925 3242 parvi
937 3193 1125 3244 temporis
1144 3192 1342 3231 habitacu-

284 3242 364 3287 lum
377 3278 387 3297 ,
398 3249 564 3301 spiritus
577 3250 882 3302 receptaculum,
895 3250 1125 3302 phantasma
1138 3253 1341 3304 temporis,

285 3312 506 3362 speculator
522 3312 614 3350 vitae
628 3342 639 3364 ‚
658 3312 760 3350 lucis
782 3312 972 3360 desertor,
990 3314 1080 3352 vitae
1105 3315 1341 3362 consumtio,

286 3371 523 3423 mancipium
540 3371 679 3409 mortis
693 3399 704 3418 ‚
723 3371 917 3410 transiens
931 3373 1071 3421 viator,
1092 3373 1167 3411 loci
1185 3373 1341 3425 hospes.

340 3430 465 3470 Hann.
488 3432 592 3478 Quid
601 3439 658 3468 est
675 3432 851 3468 Coelum?
867 3453 922 3460 —
941 3431 1073 3471 Emer.
1098 3431 1259 3482 Sphaera
1276 3446 1343 3471 vo-

285 3488 442 3538 lubilis,
461 3490 613 3528 culmen
629 3491 877 3530 immensum,

343 3549 465 3589 llAmx.
487 3552 588 3598 Quid
600 3558 658 3586 est
670 3550 948 3588 pulchritudo?
963 3570 1018 3579 —
1030 3549 1162 3590 Eric-r.
1179 3549 1343 3589 Natura-

1406 867 1455 907 lis
1476 868 1630 920 captio,
1656 870 1771 922 parvi
1801 873 1992 924 temporis
2029 873 2200 921 fortuna,
2228 876 2300 916 flos
2321 880 2466 918 marci·

1407 927 1480 966 dus
1497 957 1508 976 ,
1544 929 1853 982 incompositum
1879 932 2102 982 negotium,
2134 933 2306 975 humana
2325 951 2469 977 concu-

1406 996 1614 1038 piscent1a‚

1462 1046 1588 1088 Hmn.
1613 1049 1719 1096 Quid
1752 1057 1807 1086 est
1833 1049 2002 1088 Mulier?
2021 1071 2077 1079 —
2111 1050 2245 1092 Emer.
2286 1052 2470 1094 Hominis

1407 1105 1611 1154 confusio,
1636 1107 1874 1147 insatiabilis
1905 1107 2055 1158 bestia,
2077 1111 2305 1151 sollicitudo
2340 1114 2469 1152 conti-

1405 1178 1507 1213 nua,
1529 1166 1757 1207 indesinens
1777 1182 1930 1221 pugna,
1952 1170 2226 1221 quotidianum
2254 1172 2441 1213 damnum
2457 1203 2470 1222 ,

1405 1233 1613 1277 tempestas
1633 1227 1774 1267 domus
1790 1258 1801 1277 ,
1824 1229 2104 1270 sollicitudinis
2125 1232 2465 1285 impedimentum,

1407 1285 1485 1323 viri
1518 1286 1800 1327 incontinentis
1837 1289 2111 1340 naufragium,
2145 1291 2330 1332 adulterii
2368 1306 2466 1342 vas,

1405 1345 1650 1384 inconcisum
1669 1347 1871 1398 proelium,
1884 1348 2029 1387 animal
2048 1351 2292 1404 proximum,
2309 1353 2468 1405 pondus

1407 1406 1709 1455 gravissimum,
1730 1408 1836 1460 aspis
1850 1408 2089 1448 insatiabilis
2100 1439 2111 1458 ,
2125 1410 2341 1451 humanum
2357 1425 2467 1452 man·

1405 1478 1570 1516 ciplum.
1600 1510 1605 1516 ,

1460 1524 1584 1565 Hmn.
1609 1526 1714 1574 Quid
1727 1536 1783 1564 est
1812 1530 1995 1564 Amicus?
2021 1550 2076 1557 —
2095 1528 2227 1570 Emc'r.
2249 1530 2377 1571 Homo
2396 1534 2466 1572 vix

1405 1597 1618 1636 apparens,
1642 1585 1904 1625 desiderabile
1924 1601 2090 1636 nomen,
2120 1602 2201 1628 non
2227 1590 2467 1632 invenienda

1403 1644 1625 1694 possessio,
1655 1645 1852 1695 refugium
1899 1646 2166 1696 infelicitatis,
2202 1649 2373 1690 miseriae
2396 1665 2467 1691 Vre·

1407 1703 1578 1754 spectio,
1603 1703 1837 1743 indeficiens
1857 1706 1990 1756 quies,
2018 1706 2246 1748 indesinens
2273 1710 2466 1751 sollicitas

1407 1761 1418 1812 (
1436 1771 1508 1812 leg.
1531 1762 1734 1814 felicitas).

1460 1822 1584 1862 llxmt.
1611 1825 1712 1871 Quid
1723 1825 1942 1872 Agricola?
1956 1846 2005 1853 —
2021 1824 2156 1864 Emer.
2181 1824 2375 1865 Laborum
2391 1830 2467 1867 mi-

1404 1881 1542 1931 nister,
1566 1892 1751 1935 operator
1779 1883 2011 1930 multorum,
2039 1893 2153 1923 terrae
2182 1885 2376 1936 medicus,
2397 1901 2462 1927 ar·
2518 1903 2530 1915 =

1403 1940 1608 1981 bustorum
1628 1945 1848 1994 plantator,
1870 1943 2062 1982 montium
2090 1944 2372 1996 complanatur.

1456 2001 1579 2040 HAnR.
1603 2004 1705 2051 Quid
1723 2012 1777 2039 est
1801 2004 1917 2040 Navis
1928 2005 1948 2039 ‚³
1975 2024 2029 2032 —-
2048 2006 2182 2043 Emer.
2205 2005 2355 2045 Domus
2372 2005 2464 2046 abs-

1402 2075 1478 2114 que
1496 2062 1748 2101 fundamento
1761 2092 1771 2110 ‚
1790 2062 1876 2102 avis
1896 2063 2051 2113 lignea,
2071 2064 2221 2103 incerta
2236 2065 2355 2107 salus.

1459 2123 1585 2162 Hinn.
1616 2124 1719 2171 Quid
1732 2125 1895 2161 Naum?
1913 2147 1964 2153 —
1979 2123 2110 2161 Emc'r.
2131 2123 2362 2165 Fluviorum
2381 2126 2466 2165 via·

1405 2191 1479 2230 tor,
1522 2184 1698 2222 marinus
1735 2186 1943 2233 equitator,
1986 2183 2096 2222 orbis
2145 2183 2311 2237 hospes,
2348 2194 2465 2225 terrae

1405 2242 1593 2291 desertor,
1613 2243 1855 2294 tempestatis
1877 2251 2137 2281 concertator.

1458 2302 1584 2342 IlAna.
1611 2304 1717 2350 Quid
1727 2311 1815 2339 sunt
1835 2304 2015 2339 Divitiae?
2029 2324 2083 2331 -
2097 2303 2228 2342 Emer.
2247 2303 2346 2342 Auri
2364 2317 2464 2356 pon·

1404 2361 1477 2400 dus
1491 2391 1502 2409 ,
1525 2375 1706 2401 curarum
1725 2361 1963 2412 ministratio
1979 2391 1989 2409 ,
2006 2362 2222 2410 injucunda
2237 2362 2460 2412 delectatio,

1403 2421 1641 2460 insatiabilis
1663 2420 1837 2468 invidia,
1866 2434 1928 2459 res
1956 2420 2198 2470 desiderata,
2221 2421 2462 2462 desiderium

1403 2481 1665 2532 inexplebile,
1684 2481 1816 2519 invisa
1833 2480 2165 2532 concupiscentia.

1458 2541 1580 2580 HAnR.
1615 2543 1722 2590 QuI'd
1761 2543 2005 2590 Paupertas?
2041 2562 2096 2570 —
2135 2540 2267 2579 Emc'r.
2309 2541 2462 2581 Bonum

1403 2600 1574 2650 odibile,
1595 2600 1775 2640 sanitatis
1799 2609 1938 2648 mater,
1968 2613 2152 2638 curarum
2181 2601 2373 2649 remotio,
2395 2614 2464 2640 sa-

1402 2660 1562 2711 pientiae
1593 2661 1811 2712 repertrix,
1848 2660 2044 2711 possessio
2074 2659 2221 2711 absque
2247 2660 2463 2707 calumnia,

1402 2721 1599 2771 negotium
1622 2721 1706 2759 sine
1722 2720 1878 2766 damno,
1895 2720 1980 2758 sine
1994 2719 2263 2758 sollicitudine
2283 2719 2462 2759 felicitas.

1456 2780 1582 2820 Hann.
1618 2782 1723 2828 Quid
1750 2789 1808 2817 est
1827 2781 2032 2817 Senectus?
2049 2801 2104 2808 —-·
2126 2778 2256 2818 Emc'r.
2278 2778 2462 2831 Optatum

1402 2841 1547 2878 malum
1561 2869 1571 2887 ,
1589 2839 1807 2878 viventium
1829 2852 1936 2877 mors
1949 2868 1960 2887 ,
1983 2837 2146 2877 Veneris
2168 2851 2328 2890 expers,
2349 2851 2458 2877 mors

1403 2908 1637 2950 exspectata.

1459 2958 1580 2998 HAmt.
1620 2960 1726 3007 Quid
1750 2967 1807 2995 est
1850 2958 2040 2995 Somnus?
2061 2974 2127 2986 ·--
2157 2955 2288 2996 Emer.
2323 2954 2463 2994 Mortis

1403 3018 1556 3068 imago,
1591 3016 1773 3055 laborum
1804 3015 1938 3066 quies,
1961 3013 2212 3065 vigilantium
2245 3013 2460 3066 sapientia,

1403 3078 1626 3116 vinctorum
1650 3075 1822 3125 solutio,
1853 3073 2138 3112 infirmantium
2161 3080 2295 3110 votum
2309 3102 2322 3121 ,
2346 3071 2465 3111 mise-

1404 3149 1537 3174 rorum
1557 3134 1796 3174 desiderium
1811 3162 1822 3180 ,
1845 3132 2025 3171 universi
2048 3132 2212 3183 spiritus
2231 3131 2406 3182 requies.

1458 3195 1582 3232 lima.
1611 3195 1713 3243 Quid
1732 3195 1770 3230 V
1767 3194 1917 3230 itafl—
1932 3190 2063 3230 Emer.
2086 3191 2291 3229 Beatorum
2306 3189 2463 3238 laetitia,

1405 3255 1640 3294 miserorum
1661 3251 1868 3301 moestitia,
1887 3251 2125 3302 exspectatio
2147 3250 2298 3289 mortis.

1458 3314 1582 3351 HAmx.
1624 3314 1730 3362 Quid
1768 3320 1826 3349 est
1860 3313 1966 3349 Mors
1977 3313 1997 3347 Ρ
2026 3333 2081 3339 —
2111 3310 2243 3349 Emer.
2283 3308 2465 3363 AEternus

1405 3385 1587 3421 somnus,
1637 3370 1844 3410 dissolutio
1889 3383 2100 3421 corporum
2116 3399 2127 3420 ,
2176 3368 2343 3407 divitum
2390 3380 2463 3419 pa·

1406 3447 1493 3482 vor,
1530 3444 1747 3484 pauperum
1784 3429 2048 3478 desiderium,
2083 3427 2326 3468 inevitabilis
2353 3440 2467 3466 even-

1406 3500 1467 3531 tus
1484 3522 1494 3540 ,
1517 3492 1560 3530 in
1589 3500 1695 3531 certa
1714 3491 1980 3543 peregrinatio
1993 3520 2005 3539 ,
2029 3491 2119 3541 fuga
2137 3490 2255 3541 vitae,
2277 3489 2465 3527 resolutio

1406 3563 1596 3591 omnium.

1340 3623 1411 3657 58
