2612 3814
330 265 408 300 234
1160 256 1367 295 SEPTEM
1398 255 1705 298 SAPIENTUM

402 344 466 398 μὲν
501 344 603 400 φύσει
630 344 763 398 γελοῖός
797 346 905 394 ἐστιν,
938 347 956 384 ὁ
988 345 1017 384 δ’
1051 344 1236 399 ἄνθρωπος
1267 346 1389 393 ἐπιτη-

407 406 534 448 δεύσει.

459 456 682 532 (Athenaeus
726 477 976 531 Dipnosoph.
1016 476 1090 518 lib.
1120 476 1207 516 xlv
1240 491 1279 530 p.
1312 477 1389 516 613

514 538 579 590 D.)

322 621 371 648 28.
403 607 616 663 Ἀνάχαρσις
635 611 653 649 ὁ
671 608 811 656 Σκύθης
841 607 1048 661 ἐρωτηθείς,
1071 607 1128 647 διὰ
1161 607 1240 647 τίνα
1273 606 1391 647 αἰτίαν

404 668 581 721 ἄνθρωποι
612 669 806 708 λυποῦνται
825 667 990 717 πάντοτε,
1010 666 1096 721 ἔφη·
1116 666 1203 708 (Ότι
1225 668 1264 706 οὐ
1286 666 1389 718 μόνον

404 727 528 774 αὐτοὺς
538 729 581 768 τὰ
593 728 664 768 ἴδια
676 727 771 768 κακὰ
786 730 970 777 λυποῦσιν,
982 727 1075 767 ἀλλὰ
1090 728 1151 767 καὶ
1163 729 1208 768 τὰ
1220 728 1390 782 ἀλλότρια

405 787 535 840 ἀγαθά.

461 858 621 912 (Anton.
645 866 682 896 et
699 858 859 897 Maxim.
878 858 1005 897 Sei-m.
1024 858 1107 911 περὶ
1125 857 1280 912 φθόνου.)

324 953 371 980 27.
404 939 614 992 ’Ἀνάχαρσις
645 939 711 994 ἔφη
747 939 833 993 πρὸς
874 938 933 978 τὸν
980 940 1244 995 ἀποπέμψαντα
1288 941 1390 981 αὐτὸν

426 998 592 1039 Σκυθέων
630 999 797 1053 βασιλέα]
826 997 1014 1048 Ἕλληνας
1053 1000 1191 1046 πάντας
1219 1001 1392 1055 ἀσχόλους

405 1075 420 1097 ε
438 1074 494 1096 ναι
514 1060 548 1103 ἐς
568 1064 689 1098 πᾶσαν
710 1058 851 1112 σοφίην,
870 1060 965 1108 πλὴν
984 1060 1290 1112 Λακεδαιμονίων·
1306 1061 1392 1100 τού-

405 1134 496 1158 τοισι
517 1118 553 1157 δὲ
574 1113 664 1158 εἶναι
682 1118 841 1170 μούνοισι
860 1118 1049 1174 σωφρόνως
1065 1119 1188 1161 δοῦναί
1202 1135 1240 1160 τε
1259 1120 1320 1160 καὶ
1338 1119 1392 1160 δέ·

405 1179 530 1226 ξασθαι
546 1179 667 1232 λόγον.

390 1289 394 1292 .
461 1260 696 1314 (Herodotus
715 1260 788 1302 lib.
808 1261 859 1300 lv
875 1276 959 1315 cap.
981 1263 1060 1315 77.)

325 1358 374 1385 28.
406 1343 619 1397 Ἀνάχαρσις
638 1346 656 1384 ὁ
678 1343 782 1398 σοφὸς
802 1345 1084 1397 ἐπιδεικνύμενος
1104 1345 1169 1395 τὴν
1190 1348 1254 1394 τῆς
1274 1346 1394 1399 ἀμπέ-

404 1405 467 1444 λου
489 1404 638 1454 δύναμιν
655 1406 706 1458 τῷ
726 1407 795 1444 τῶν
817 1406 965 1445 Σκυθῶν
991 1406 1150 1458 βασιλεῖ,
1154 1406 1231 1445 ’καὶ
1247 1406 1293 1445 τὰ
1307 1406 1395 1455 κλή-

406 1479 504 1514 ματα
527 1465 634 1510 αὖτης
653 1463 808 1538 δεικνύς,
824 1462 978 1515 ἔλεγενε
959 1481 1006 1509 ως
1019 1467 1050 1504 εἰ
1071 1464 1122 1514 μὴ
1147 1467 1228 1504 καθ’
1246 1465 1395 1506 ἕκαστον

405 1522 479 1566 ἔτος
499 1521 644 1573 ἔτεμνον
661 1523 692 1562 οἷ
707 1521 884 1572 Ἕλληνες
903 1522 968 1572 τὴν
992 1524 1165 1575 ἄμπελον,
1182 1524 1252 1573 ἤδη
1273 1525 1339 1565 κᾶν
1359 1527 1395 1565 ἐν

406 1580 560 1625 Σκύθαις
580 1585 638 1629 ἠν.

460 1653 686 1706 (Athenaeus
721 1653 974 1706 Dipnosoph.
997 1654 1071 1695 lib.
1096 1654 1191 1708 Xp.
1231 1657 1308 1701 428
1330 1656 1392 1709 E.)

324 1749 373 1776 29.
404 1734 494 1776 “Ort
513 1734 549 1774 δὲ
576 1735 615 1774 τὸ
646 1735 785 1786 μεθύειν
806 1736 867 1774 καὶ
899 1736 963 1782 τὰς
994 1737 1091 1799 οψεις
1123 1741 1226 1790 ἡμων
1253 1741 1393 1794 πλανᾷ,

406 1797 526 1848 σαφῶς
551 1794 679 1840 ἔδειξεν
700 1794 911 1849 Ἀνάχαρσις
929 1796 972 1835 δι’
990 1800 1039 1836 ὧν
1060 1795 1198 1872 εἴρηκε,
1230 1798 1394 1847 δηλώσας

405 1853 458 1894 ὅτι
480 1854 617 1908 ψευδεῖς
638 1853 735 1899 δόξαι
767 1857 840 1900 τοῖς
872 1855 1040 1906 μεθύουσι
1070 1855 1262 1909 γίγνονται.
1293 1860 1394 1910 Συμ-

404 1913 516 1962 πότης
534 1914 603 1968 γάρ
622 1930 674 1959 τις
694 1913 776 1954 ἷδων
796 1916 906 1958 αὐτοῦ
920 1915 985 1963 τὴν
1006 1923 1158 1969 γυναῖκα
1179 1918 1214 1956 ἐν
1231 1920 1281 1957 τῶ
1303 1934 1393 1970 συμ-

405 1973 519 2027 ποσίῳ
553 1973 639 2028 ἔφη·
666 1967 716 2014 Ὦ
750 1973 962 2028 Ἀνάχαρσι,
997 1981 1150 2028 γυναῖκα
1183 1977 1395 2029 γεγάμηκας

405 2034 573 2087 αἰσχράν.
594 2034 669 2074 Καὶ
688 2034 724 2079 ὃς
744 2032 831 2089 ἔφη·
854 2034 956 2074 Πάνυ
977 2050 1016 2087 γε
1034 2035 1146 2087 κάμοὶ
1163 2035 1277 2085 δοκεῖ,
1302 2036 1395 2076 ἀλλά

408 2109 469 2145 μοι
486 2094 624 2148 ἔγχεον,
641 2111 670 2134 ω
693 2097 763 2133 παῖ
773 2095 975 2149 ,ποτήριον
996 2095 1271 2150 ἀκρατέστερον,
1300 2095 1394 2142 ὁπως

407 2153 516 2201 αὐτην
537 2153 650 2202 καλὴν
675 2154 829 2203 ποιήσω.

325 2346 512 2378 convivium
532 2345 651 2378 scurris
666 2354 731 2378 non
747 2345 872 2386 risisse,
892 2347 1003 2388 postea
1025 2348 1135 2380 autem
1152 2346 1330 2380 adductam
1347 2347 1393 2380 si-

325 2405 425 2438 miam
443 2405 511 2438 risu
526 2405 690 2447 excepisse
705 2405 866 2438 dicentem
880 2430 889 2446 ,
904 2406 1019 2438 natura
1031 2406 1165 2448 quidem
1181 2406 1301 2439 animal
1315 2407 1395 2440 illud

325 2474 397 2498 esse
413 2465 604 2506 ridiculum,
622 2465 787 2498 bominem
810 2474 887 2498 vero
906 2465 1015 2498 studio
1031 2468 1064 2499 et
1080 2465 1250 2499 industria.

367 2528 419 2557 26.
444 2524 637 2557 Anacharsis
657 2525 799 2566 Scytha,
817 2533 919 2566 quum
950 2533 992 2558 ex
1013 2534 1052 2558 eo
1081 2526 1257 2566 quaesitum
1287 2526 1391 2566 esset,

326 2593 385 2616 cur
402 2592 528 2625 semper
547 2584 695 2617 homines
724 2583 870 2617 dolerent
888 2594 896 2616 ε
916 2584 1017 2626 Quia,
1042 2585 1168 2627 inquit,
1196 2594 1262 2618 non
1287 2585 1394 2618 solum

328 2644 412 2676 mala
427 2652 485 2675 sua
503 2643 632 2684 dolent,
654 2652 768 2676 verum
787 2644 885 2677 etiam
904 2644 1008 2677 aliena
1021 2644 1117 2677 bona.

372 2705 423 2735 27.
448 2702 642 2736 Anacharsis
661 2703 707 2735 illi
723 2703 778 2744 qui
800 2703 961 2745 ipsum-in
975 2704 1134 2737 Graeciam
1155 2704 1287 2737 miserat
1308 2703 1395 2746 [Scy-

329 2761 459 2793 tharum
476 2760 555 2803 regi]
575 2760 656 2793 dixit
673 2763 808 2794 Graecos
823 2762 992 2794 universos
1009 2762 1042 2794 in
1062 2762 1151 2795 omni
1170 2762 1327 2804 sapientia
1342 2771 1395 2795 oc-

326 2821 456 2863 cupari,
475 2821 621 2862 exceptis
643 2822 918 2864 Lacedaemoniis3
935 2822 984 2855 his
1004 2826 1112 2856 autem
1140 2823 1216 2856 solis
1233 2831 1301 2856 esse
1318 2832 1392 2865 pru-

326 2882 439 2915 denter
455 2881 672 2922 respondendi
689 2884 722 2914 et
740 2881 957 2923 interrogandi
974 2882 1175 2916 facultatem.

369 2944 421 2974 28.
444 2940 634 2973 Anacharsis
662 2940 716 2973 ille
744 2941 870 2983 sapiens
896 2942 972 2974 vitis
1000 2941 1067 2975 vim
1101 2942 1297 2984 scytharum
1326 2942 1394 2984 regi

297 3035 304 3042 ,
326 2998 500 3033 ostendens
521 2998 657 3041 ejusque
673 2999 822 3041 palmites
847 3001 1195 3041 monstrans,dicebat
1222 3002 1285 3035 nisi
1310 3011 1394 3044 quo·

326 3058 432 3092 tannis
452 3058 558 3092 Graeci
577 3059 678 3091 vitem
700 3060 926 3100 amputarent,
942 3059 1090 3092 futurum
1114 3059 1183 3101 iam
1211 3060 1330 3102 fuisse,
1358 3062 1395 3094 ut

326 3118 410 3160 apud
431 3118 567 3160 Scythas
583 3119 679 3151 esset.

370 3181 422 3211 29.
447 3178 567 3211 Oculos
583 3177 682 3211 etiam
710 3181 839 3211 nostros
867 3179 1056 3212 temulentia
1078 3179 1182 3221 decipi
1202 3181 1313 3222 aperte
1341 3189 1394 3213 re-

324 3246 444 3279 sponso
465 3247 524 3271 suo
537 3237 678 3271 ostendit
701 3238 912 3280 Anacharsis,
931 3239 1095 3272 ebriorum
1118 3239 1213 3273 salsas
1233 3249 1301 3273 esse
1322 3241 1393 3283 opi-

325 3298 438 3332 niones
446 3297 641 3340 significans.
656 3299 803 3340 Namque
813 3307 832 3332 e
846 3294 1092 3340 compotoribus
1111 3299 1243 3341 quidam
1258 3309 1394 3334 uxorem

326 3357 396 3398 ejus
411 3356 446 3390 in
459 3356 610 3390 convivio
634 3356 772 3390 intuitus
787 3370 795 3390 ι
813 3358 841 3390 O
856 3357 1047 3398 Anacharsi,
1069 3358 1196 3399 inquit,
1215 3357 1394 3391 deformem

326 3415 447 3449 duxisti
461 3424 610 3448 uxorem.
625 3417 710 3449 Tum
725 3415 781 3448 ille
799 3427 808 3449 z
823 3417 872 3449 Ita
889 3415 1022 3458 quidem
1035 3440 1044 3456 ‚
1063 3416 1171 3456 inquit
1183 3441 1192 3454 .
1207 3416 1332 3449 etmihi
1351 3416 1396 3449 vi-

327 3476 443 3517 detum
461 3475 530 3520 sed,
551 3483 631 3509 nens
647 3475 684 3509 tn
700 3483 794 3518 puer,
811 3477 970 3510 meracius
986 3475 1064 3509 mihi
1079 3477 1234 3518 poculum
1247 3477 1392 3518 infunde,

327 3538 363 3567 ut
383 3536 557 3569 formosam
578 3545 648 3569 eam
668 3535 817 3569 efficiam.

1592 346 1818 461 (Ass3naeus
1849 348 2096 401 Dipnosoph.
2138 348 2210 390 lib.
2249 349 2285 388 X
2324 363 2412 403 pag.
2443 351 2521 400 445
2552 376 2553 379 =

1454 506 1502 533 3ο.
1535 493 1832 547 Παραγενόμενος
1864 498 1911 540 εἰς
1945 494 2099 536 Σκυθίαν
2125 495 2190 535 καὶ
2219 494 2447 548 νομιζόμενος
2477 498 2523 537 τὰ
2556 499 2558 502 ’

1536 551 1672 605 νόμιμα
1698 554 1892 608 παραλύειν
1913 558 1975 604 τῆς
2002 554 2192 609 πατρίδος,
2212 554 2319 600 πολὺς
2345 556 2395 595 ὢν
2415 557 2452 596 ἐν
2471 557 2524 611 τῷ
2560 575 2562 579 ’

1537 612 1744 662 ἑλληνίζειν,
1764 613 1935 660 τοξευθεὶς
1961 615 1997 654 ἐν
2022 613 2221 668 κυνηγεσίῳ
2242 614 2329 667 πρὸς
2347 615 2522 669 τάδελφοῦ
2558 650 2560 670 3

1535 674 1682 727 τελευτᾷ
1699 673 1821 723 εἰπών,
1841 673 1901 714 διὰ
1925 673 1989 726 μὲν
2006 674 2065 714 τὸν
2090 674 2193 728 λόγον
2214 676 2255 714 ἐκ
2271 677 2336 723 τῆς
2353 673 2526 720 Ἑλλάδος
2555 706 2558 707 ⁷

1536 739 1714 786 σωθῆναι,
1745 737 1803 778 διὰ
1834 737 1872 778 δὲ
1900 738 1959 779 τὸν
1984 738 2108 793 φθόνον
2130 742 2165 779 ἐν
2185 741 2230 792 τῇ
2250 738 2363 794 οἰκεία
2395 738 2524 779 ἀπολί·
2556 779 2557 782 ,

1537 801 1634 837 σθαι.
1671 796 1788 838 Ἔνιοι
1821 796 1858 837 δὲ
1898 798 2042 844 τελετὰς
2073 799 2262 847 ἑλληνικὰς
2295 801 2524 839 ἐπιτελοῦντα

1537 858 1808 911 διαχρησθῆναι.

1593 939 1803 993 (Diogenes
1824 939 2006 980 Laertius
2026 940 2097 982 lib.
2123 940 2163 992 1,
2191 955 2278 981 102.
2298 940 2526 993 νομιζόμενος
2555 920 2561 950 1

1646 999 1818 1052 conjecit
1837 1000 2010 1040 Orellius
2030 1014 2104 1054 pro
2123 1001 2284 1052 vulgato
2303 999 2487 1054 νομίζων.)

1639 1107 1892 1148 ΜΥΣΩΝΟΣ
1921 1108 2338 1151 ΑΠΟΦΘΕΓΜΑΤΑ.

1482 1226 1510 1252 1.
1534 1211 1598 1261 Μὴ
1617 1213 1657 1252 ἐκ
1673 1214 1744 1253 τῶν
1761 1213 1874 1262 λόγων
1890 1213 1935 1253 τὰ
1948 1213 2160 1268 πράγματα,
2175 1215 2256 1253 ἀλλ’
2273 1216 2314 1255 ἐκ
2337 1216 2408 1254 τῶν
2436 1229 2528 1268 πρα-
2560 1246 2563 1247 ⁷

1539 1273 1687 1325 γμᾶτων
1699 1272 1779 1318 τοὺς
1797 1273 1920 1326 λόγους
1931 1274 2041 1323 ζήτει·
2059 1275 2098 1314 οὗ
2118 1274 2187 1328 γὰρ
2204 1273 2307 1314 ἕνεκα
2320 1277 2391 1315 τῶν
2408 1273 2525 1327 λόγων

1538 1332 1581 1371 τὰ
1615 1332 1813 1386 πράγματα
1834 1335 2074 1386 συντελεῖται,
2095 1335 2174 1374 ἀλλ’
2199 1335 2302 1375 ἕνεκα
2327 1336 2397 1374 τῶν
2431 1349 2526 1388 πρα·

1538 1391 1685 1445 γμοίτων
1708 1394 1740 1431 οἳ.
1759 1391 1871 1446 λόγοι.

1599 1475 1811 1527 (Diogenes
1831 1475 2011 1516 laertius
2027 1477 2098 1517 lib.
2118 1477 2154 1526 Ι,
2178 1478 2280 1530 108.)

1477 1572 1509 1600 2.
1534 1557 1661 1611 Εὖρὼν
1685 1557 1920 1613 (Ἀνάχαρσις)
1941 1559 2046 1599 αὖτον
2076 1559 2194 1633 θέρους
2219 1559 2368 1614 ἐχέτλην
2389 1559 2528 1614 ἅρότρω
2558 1574 2563 1578 ’

1538 1615 1856 1691 προσαρμόττοντα
1885 1613 1994 1659 εἶπεν·
2013 1618 2122 1667 Ἀλλ’,
2142 1636 2171 1658 ω
2191 1619 2354 1696 Μύσων,,
2364 1619 2432 1673 οὗχ
2449 1617 2533 1672 ὥρα.

1537 1681 1596 1717 νῦν
1632 1676 1803 1731 ἀρότρου·
1825 1678 1896 1718 Καὶ
1929 1679 2046 1733 μάλα,
2078 1673 2188 1728 εἶπεν,
2217 1679 2308 1719 ὥστε
2338 1678 2528 1721 ἔπισκευοί-
2558 1723 2560 1726 y

1537 1741 1621 1785 ζειν.

1596 1824 1807 1876 (Diogenes
1824 1824 2004 1864 Laertius
2024 1823 2096 1866 lib.
2117 1823 2154 1870 l,
2181 1824 2282 1878 106.)

1478 1920 1508 1948 3.
1529 1905 1650 1962 Ὥφθη
1684 1908 1770 1948 ποτὲ
1804 1909 1839 1947 ἐν
1876 1907 2120 1960 Λακεδαίμονι
2154 1907 2259 1960 μόνος
2290 1909 2346 1948 ἐπ’
2376 1908 2527 1962 ἐρημίας
2560 1919 2569 1937 s
2608 1919 2611 1960 ζ

1537 1969 1661 2019 γελῶν·
1683 1967 1782 2022 ἄφνω
1802 1967 1840 2008 δέ
1858 1984 1950 2013 τινος
1975 1967 2184 2014 ἐπιστάντος
2211 1967 2273 2007 καὶ
2303 1968 2525 2020 πυθομένου,
2562 2008 2565 2015 ,

1539 2025 1597 2066 διὰ
1629 2025 1664 2066 τί
1693 2027 1841 2078 μηδενὸς
1869 2027 2043 2080 παρόντος
2071 2029 2180 2083 γελᾷ·
2202 2028 2260 2068 Δι’
2278 2028 2365 2068 αὐτὸ
2396 2031 2524 2076 τοῦτο,
2560 2024 2569 2046 ”
2608 2027 2610 2054 ⁵

1538 2086 1622 2140 ἔφη.

1595 2157 1804 2209 (Diogenes
1825 2157 2003 2198 Laertius
2017 2159 2090 2198 lib.
2111 2159 2148 2208 1,
2171 2159 2279 2212 107.)

1499 2351 1552 2381 30.
1573 2350 1732 2382 Reversus
1751 2349 1784 2381 in
1803 2348 1970 2390 Scythiam
1995 2350 2028 2381 et
2045 2349 2164 2390 patrias
2182 2349 2268 2391 leges
2285 2351 2432 2384 evertere
2450 2359 2525 2385 cre-

1457 2407 1566 2447 ditus,
1588 2409 1675 2450 quod
1698 2409 1803 2441 totum
1820 2417 1854 2441 se
1873 2408 1914 2440 ad
1934 2410 2124 2441 Graecorum
2141 2408 2354 2442 imitationem
2371 2410 2525 2443 contulis-
2566 2399 2573 2427 1
2610 2429 2612 2442 ι

1457 2470 1523 2509 set,
1538 2468 1572 2500 in
1589 2468 1760 2501 venatione
1775 2477 1793 2501 a
1807 2468 1906 2501 fratre
1919 2468 2035 2510 sagitta
2048 2477 2221 2510 percussus
2234 2469 2371 2511 interiit,
2387 2470 2524 2504 testatus
2563 2474 2565 2478 ’

1456 2536 1491 2561 se
1508 2528 1632 2561 ratione
1650 2529 1682 2561 et
1699 2528 1843 2560 oratione
1868 2529 2033 2561 servatum
2049 2537 2067 2561 e
2085 2513 2213 2576 Graecia
2222 2524 2361 2563 ‘rediisse
2374 2554 2385 2571 ,
2398 2529 2523 2564 invidia

1456 2589 1565 2621 autem
1589 2588 1622 2621 in
1641 2588 1746 2629 patria
1763 2588 1878 2630 perire.
1899 2588 2055 2622 Nonnulli
2074 2589 2189 2622 Graeco
2203 2588 2267 2622 ritu
2287 2589 2523 2626 sacrificantem
2550 2623 2552 2625 ,
2606 2598 2610 2628 ε

1456 2650 1600 2682 occisum
1615 2658 1684 2683 esse
1702 2648 1844 2682 tradunt.

1648 2752 1650 2754 ¹
1688 2761 1876 2794 MYSONIS
1898 2761 2288 2794 APOPHTHEGMATA.

1504 2870 1530 2900 1.
1555 2868 1603 2900 Ne
1621 2875 1660 2899 ex
1680 2867 1786 2900 verbis
1800 2875 1851 2901 res
1862 2890 1872 2907 ,
1889 2866 1944 2900 sed
1957 2876 1994 2900 ex
2009 2867 2106 2900 rebus
2123 2866 2224 2900 verba
2238 2865 2402 2908 inquiras:
2416 2874 2535 2909 neque⁴
2556 2854 2573 2885 ⁵·

1456 2927 1542 2959 enim
1558 2928 1688 2969 propter
1705 2926 1804 2959 verba
1817 2935 1867 2960 res
1882 2926 2105 2968 perficiuntur,
2119 2925 2175 2958 sed
2186 2934 2297 2958 rerum
2311 2934 2409 2959 causa
2422 2926 2522 2960 verba
2562 2933 2563 2938 ¹

1456 2986 1735 3018 consummantur.

1499 3087 1528 3116 2.
1555 3084 1664 3121 Quum
1683 3080 1875 3115 Anacharsis
1898 3089 1972 3113 eum
1993 3080 2162 3122 reperisset
2183 3081 2296 3114 :estate
2315 3082 2434 3114 stivam
2445 3075 2521 3114 ara·
2562 3071 2564 3074 ¹

1457 3146 1508 3175 tro
1535 3143 1701 3184 aptantem
1726 3151 1735 3173 ε
1761 3141 1805 3173 At
1823 3148 1930 3181 nunc,
1953 3139 2080 3182 inquit,
2108 3149 2128 3172 o
2152 3141 2286 3181 Myson,
2314 3144 2442 3183 tempus
2455 3149 2521 3173 non
2557 3162 2569 3167 -
2609 3127 2612 3141 ¹

1456 3205 1506 3235 est
1522 3205 1631 3235 aratro
1659 3209 1788 3234 vacare.
1810 3202 1894 3233 Tum
1915 3200 1969 3233 ille
1991 3212 1999 3232 ε
2021 3201 2147 3240 Immo,
2165 3199 2291 3242 inquit,
2319 3202 2449 3251 tempus
2471 3203 2521 3238 est,

1455 3262 1537 3295 illud
1558 3269 1751 3304 praeparare.

1498 3360 1530 3391 3.
1555 3356 1649 3391 Solus
1690 3353 1865 3397 aliquando
1895 3353 2127 3387 Lacedaemone
2157 3353 2191 3385 in
2214 3351 2387 3385 solitudine
2416 3351 2521 3385 ridere

1457 3418 1546 3450 visus
1569 3417 1637 3458 est3
1654 3424 1758 3458 quum
1778 3423 1859 3448 vero
1880 3414 2010 3455 repente
2027 3413 2143 3455 aliquis
2158 3412 2397 3454 supervenisset
2421 3412 2521 3445 inter-

1457 3479 1684 3519 rogassetque,
1698 3483 1755 3508 cur
1774 3474 1906 3509 nemine
1922 3474 2081 3516 praesente
2101 3472 2239 3507 rideret:
2255 3471 2307 3506 ob
2322 3471 2382 3504 hoc
2399 3471 2521 3513 ipsum,
2566 3507 2574 3513 „

1425 3550 1431 3572 ι
1457 3536 1579 3579 inquit,
1603 3535 1703 3569 rideo.
