2612 3814
933 215 1031 255 LlB.
1064 218 1132 257 DE
1163 219 1413 263 UNIVERSI
1443 226 1670 270 NATURA.

219 296 439 351 ἐπικρατήσῃ
461 302 522 338 τοῦ
550 301 585 338 ἐν
604 302 654 354 τῷ
674 301 758 354 πυρὶ
778 305 920 355 θερμοῦ·
948 298 1084 357 γίνεται
1104 309 1143 347 ἐκ
1162 310 1270 364 πυρὸς

217 355 267 398 εἷς
282 354 374 409 ὕδωρ
394 358 588 408 μεταὸολή.
648 361 670 411 §
694 367 752 401 17.
775 362 889 401 Πάλιν
910 364 986 403 ἐπεὶ
1006 368 1027 413 ἡ
1047 366 1109 418 μὲν
1128 370 1174 419 γῆ
1195 370 1269 408 ἐστι

216 415 350 467 ψυχρὸν
364 418 423 457 καὶ
445 417 567 470 ξηρόν,
588 421 606 458 ὁ
628 419 664 458 δὲ
682 419 750 473 ἀὴρ
767 421 892 474 θερμὸν
917 423 976 462 καὶ
997 425 1112 478 ὑγρόν·
1127 426 1209 467 ὅταν
1228 428 1268 468 τὸ

216 471 279 523 μὲν
300 477 335 513 ἐν
355 479 398 529 τῇ
418 480 463 531 γῇ
482 478 616 532 ψυχρὸν
641 480 861 534 ἐπικρατήσῃ
879 486 939 521 τοῦ
958 485 992 522 ἐν
1016 486 1066 538 τῷ
1088 485 1165 540 ἀέρι
1184 490 1266 541 θερ-

213 537 304 582 μοῦ,
332 535 372 574 τὸ
390 536 425 575 δὲ
445 539 480 575 ἐν
499 540 544 585 τῆ
564 541 608 590 γῇ
630 537 730 593 ξηρὸν
751 541 971 595 ἐπικρατήσῃ
988 548 1048 582 τοῦ
1069 546 1103 583 ἐν
1116 547 1167 584 τῶ
1189 547 1265 600 ἀέρι

209 588 340 640 ὖγροῦ,
373 589 506 642 γίνεται
531 591 566 636 ἐξ
594 592 693 645 ἀέρος
722 595 769 638 εἷς
795 597 860 645 γῆν
886 596 1082 647 μεταὸολή.
1141 601 1163 650 §
1200 607 1261 642 18.

208 644 324 686 Ὅταν
343 648 379 688 δὲ
398 653 458 689 τοῦ
475 650 539 701 μὲν
560 651 659 704 ἀέρος
675 656 790 707 φθαρῇ
811 653 849 692 τὸ
871 655 972 708 ὑγρόν
988 686 999 704 ,
1024 660 1083 695 τοῦ
1101 656 1137 696 δὲ
1156 659 1262 712 πυρὸς

206 705 246 744 τὸ
275 707 422 760 θερμόν,
450 710 701 761 γεννηθήσεται
732 711 767 758 ἐξ
799 713 1006 768 ἀμφοτέρων
1040 716 1153 754 αὐτῶν
1178 722 1259 771 πῦρ·

202 766 458 807 καταλείπεται
490 769 557 823 γὰρ
585 775 646 810 τοῦ
679 770 742 824 μὲν
776 771 876 825 ἀέρος
906 773 946 812 τὸ
976 774 1115 828 θερμόν,
1141 779 1202 815 τοῦ
1223 777 1259 817 δὲ

203 824 311 877 πυρὸς
329 825 368 865 τὸ
388 826 505 880 ξηρόν·
528 828 568 868 τὸ
591 828 630 868 δέ
645 845 684 881 γε
711 833 782 884 πῦρ
807 833 881 870 ἐστι
903 833 1029 885 θερμὸν
1053 832 1113 872 καὶ
1136 832 1254 888 ξηρόν.

200 886 225 935 §
250 892 316 941 ¹19.
341 884 458 926 εὈταν
476 888 514 927 ,δὲ
529 893 591 938 τῆς
606 890 669 941 μὲν
684 893 746 943 γῆς
762 894 877 946 φθαρῇ
902 892 941 931 τὸ
954 893 1087 947 ψυχρόν
1100 924 1111 943 ,
1130 898 1192 933 τοῦ
1218 895 1256 935 δὲ

200 943 324 991 ὕδατος
352 947 392 986 τὸ
415 949 517 1002 ὑγρόν
532 980 543 1001 ,
577 949 825 1002 γεννηθήσεται
846 952 881 996 ἐξ
908 953 1115 1006 ἀμφοτέρων
1137 955 1250 994 αὐτῶν

199 1007 259 1052 γ’ἥ.
320 1007 586 1048 Καταλείπεται
606 1010 674 1062 γὰρ
695 1013 757 1058 τῆς
774 1011 837 1062 μὲν
853 1014 918 1063 γῆς
937 1011 976 1050 τὸ
994 1011 1095 1065 ξηρόν
1108 1043 1119 1060 ,
1136 1017 1196 1052 τοῦ
1216 1014 1252 1053 δὲ

193 1060 323 1108 ὕδατος
350 1063 390 1103 τὸ
418 1066 565 1119 ψυχρόν·
586 1072 608 1117 ἡ
642 1068 678 1108 δὲ
714 1072 759 1121 γῆ
792 1072 865 1109 ε’στι
898 1071 1018 1125 ψυχρὰ
1050 1071 1111 1110 καὶ
1147 1071 1246 1126 ξηρά.

195 1122 217 1171 S
240 1129 305 1163 20.
330 1121 447 1163 ‘'Omv
480 1125 516 1165 δὲ
544 1130 604 1166 τοῦ
624 1127 724 1180 ἀέρος
753 1131 868 1182 φθαρῇ
888 1129 928 1168 τὸ
954 1129 1080 1182 θερμὸν
1110 1129 1252 1170 καὶτοῦ

195 1180 303 1235 πυρὸς
318 1181 357 1221 τὸ
373 1183 519 1236 θερμόν,
540 1185 675 1236 γένεσις
694 1187 758 1225 οὐκ
781 1186 894 1238 ἔσται..
952 1187 1009 1227 Τὰ
1027 1187 1095 1241 γὰρ
1110 1189 1250 1230 ἐναντία

193 1241 446 1281 καταλείπεται
463 1244 517 1281 ἐπ’
538 1244 765 1299 ἀμφοτέρων,
785 1249 847 1284 τοῦ
869 1246 932 1298 μὲν
951 1245 1050 1300 ἀέρος
1071 1246 1110 1285 τὸ
1127 1247 1246 1301 ὑγρόν,

190 1303 250 1338 τοῦ
266 1299 302 1339 δὲ
322 1301 430 1354 πυρὸς
457 1302 498 1341 τὸ
515 1302 628 1356 Εηρόν.
652 1305 706 1344 Τὸ
721 1304 758 1344 δὲ
778 1306 879 1359 ὑγρὸν
896 1308 946 1359 τῷ
965 1306 1058 1360 ξηρῷ
1079 1308 1246 1347 ἐναντίον.

186 1359 210 1408 §
239 1366 305 1400 21.
333 1360 405 1399 Καὶ
424 1361 530 1400 πάλιν
545 1361 628 1402 ὅταν
643 1368 706 1412 τῆς
732 1365 794 1415 μὲν
816 1368 879 1417 γῆς
904 1369 1018 1419 φθαρῇ
1035 1366 1074 1405 τὸ
1093 1367 1244 1421 ψυχρόν,

187 1420 245 1455 τοῦ
260 1417 297 1455 δὲ
313 1417 436 1464 ὕδατος
455 1420 495 1458 τὸ
509 1419 643 1472 ὅμοιον,
658 1423 735 1461 οὐδὲ
751 1422 858 1468 οὕτως
875 1423 977 1463 ἔσται
994 1424 1140 1476 γένεσις.
1165 1429 1246 1466 Και-

183 1475 390 1516 ταλέίπεται
402 1476 470 1531 γὰρ
486 1480 548 1526 τῆς
566 1479 628 1531 μὲν
649 1483 712 1532 γῆς
729 1481 768 1520 τὸ
791 1481 908 1534 ξηρόν,
927 1485 987 1521 τοῧ
1009 1481 1044 1521 δὲ
1063 1483 1187 1530 ὕδατος
1205 1485 1245 1525 τὸ

184 1534 299 1587 ὑγρόν·
316 1535 355 1575 τὸ
373 1536 408 1575 δὲ
429 1536 530 1590 ξηρὸν
548 1539 598 1592 τῷ
614 1541 710 1593 ὑγρῷ
731 1539 897 1580 ἐναντίον.
916 1541 989 1580 Καὶ
1008 1542 1089 1595 περὶ
1109 1540 1172 1593 μὲν
1186 1559 1243 1595 γε-

183 1595 309 1639 νέσεως
322 1598 391 1635 τῶν
402 1596 551 1650 πρώτων
568 1599 756 1648 σωμάτων,
766 1602 841 1645 πῶς
851 1615 888 1639 τε
908 1600 968 1639 καὶ
982 1601 1085 1640 τίνων
1103 1603 1242 1642 ὑποκει-

180 1651 297 1703 μένων
306 1654 452 1708 γίνεται,
469 1658 597 1702 ἱκανῶς
614 1657 749 1711 εἴρηται
764 1652 1008 1714 διὰβράχέων.
1030 1663 1125 1712 §22-
1137 1661 1240 1702 Ἐπεὶ

179 1712 216 1751 δὲ
237 1713 430 1769 ἀνώλεθρος
449 1716 510 1755 καὶ
532 1716 698 1768 ἀγένητος
725 1720 743 1756 ὃ
763 1717 914 1772 κόσμος,
936 1720 995 1759 καὶ
1016 1720 1095 1760 οὔτε
1124 1721 1238 1774 ἀρχὴν

175 1771 346 1823 γενέσεως
366 1773 507 1829 εἴληφεν
529 1775 608 1815 οὔτε
627 1776 793 1825 τελευτήν
815 1793 899 1817 ποτε
920 1779 1086 1833 λήψεται·
1111 1782 1161 1819 δεῖ
1175 1779 1237 1820 καὶ

176 1831 216 1871 τὸ
235 1837 355 1872 ποιοῦν
372 1836 407 1873 ἐν
428 1835 534 1890 ἑτέρῳ
556 1836 619 1884 τὴν
637 1836 787 1888 γένεσιν,
810 1838 870 1876 καὶ
890 1839 929 1878 τὸ
943 1843 1072 1892 γεννῶν
1097 1841 1132 1879 ἐν
1154 1842 1238 1879 ἑαυ-

2307 254 2384 287 399

1331 320 1425 354 aquoe
1454 314 1553 356 frigus
1581 317 1662 358 ignis
1692 320 1831 355 calorem
1860 326 2026 369 reprimit,
2054 338 2094 362 ex
2118 332 2189 372 igne
2212 334 2244 366 in
2267 343 2383 377 aquam

1331 380 1500 412 conversio
1522 381 1578 414 fiat
1597 386 1734 424 oportet.
1790 386 1810 429 §
1834 390 1882 422 17.
1903 392 1975 424 Jam
2003 402 2078 427 vero
2095 405 2198 437 quum
2220 400 2303 433 terra
2328 402 2383 434 tri-

1329 444 1401 486 gida
1416 446 1565 488 siccaque
1582 449 1643 490 sit,
1662 459 1716 483 aer
1734 452 1856 487 calidus
1878 459 1910 488 et
1931 456 2103 502 humidus,
2131 463 2188 496 ubi
2211 466 2306 500 terrae
2323 468 2382 500 fri-

1328 520 1386 552 gus
1402 513 1541 546 calorem
1557 515 1656 557 aeris,
1671 518 1703 550 et
1721 521 1814 553 terrae
1834 521 1962 556 siccitas
1978 524 2144 560 humorem
2170 531 2251 564 aeris
2271 534 2381 573 perdo·

1328 578 1432 618 mult,
1462 587 1517 612 aer
1539 579 1571 612 in
1594 581 1717 615 terram
1733 585 1876 620 transeat
1902 596 2032 622 necesse
2050 593 2112 625 est.
2156 594 2176 635 ς
2204 598 2249 627 18.
2270 599 2381 635 Quum

1326 651 1403 676 vero
1429 643 1546 678 humor
1562 647 1644 680 aeris
1666 650 1699 681 et
1727 649 1810 690 ignis
1836 651 1923 685 calor
1945 653 2122 698 interierit,
2155 667 2196 691 ex
2224 661 2381 696 ambobus

1326 709 1410 750 iguis
1427 710 1560 744 orietur.
1603 715 1685 746 Nam
1707 714 1788 747 aeris
1814 716 1901 748 calor
1926 719 1958 750 et
1974 718 2055 760 ignis
2072 725 2217 756 remanet
2234 724 2373 759 siccitas.

1324 776 1422 817 Atqui
1441 776 1565 810 calidus
1589 778 1623 811 et
1648 779 1754 813 siccus
1774 780 1853 822 ignis
1868 783 1927 815 est.
1984 783 2003 826 §
2022 788 2076 818 -19,
2096 788 2137 820 At
2158 797 2260 829 quum
2279 791 2375 824 terrm

1322 840 1421 881 frigus
1436 842 1469 874 et
1484 851 1577 883 aquae
1593 843 1708 876 humor
1724 845 1862 887 perierit,
1880 855 1917 879 ex
1931 849 2087 882 ambabus
2103 853 2255 885 nascetur
2272 857 2375 887 terra:

1320 906 1481 947 siquidem
1501 909 1596 942 terrae
1615 910 1744 944 siccitas
1769 913 1801 945 et
1817 921 1911 955 aquae
1930 917 2078 948 servatur
2105 917 2216 959 frigus,
2247 919 2369 959 quibus

1318 969 1449 1010 quidem
1462 971 1668 1006 facultatibus
1677 974 1761 1007 terra
1775 976 1909 1017 praedita
1926 978 1986 1010 est.
2004 977 2086 1020 §2o.
2099 980 2161 1012 Sed
2173 990 2275 1021 quum
2294 984 2376 1016 aeris

1317 1032 1349 1063 et
1369 1032 1450 1072 ignis
1471 1034 1588 1074 pariter
1606 1034 1730 1069 deletur
1746 1037 1854 1078 calor,
1873 1039 1992 1072 nullius
2012 1041 2162 1074 elementi
2183 1043 2244 1076 erit
2269 1045 2372 1077 ortus.

1317 1095 1398 1125 Nam
1429 1095 1598 1138 utriusque
1628 1099 1798 1132 contrariae
1823 1100 1991 1134 facultates
2023 1103 2266 1146 relinquuntur,
2291 1108 2373 1140 aeris

1313 1155 1443 1196 quidem
1459 1156 1577 1190 humor
1591 1160 1623 1192 et
1640 1160 1719 1201 ignis
1734 1161 1871 1195 siccitas.
1916 1164 1957 1196 At
1978 1163 2093 1197 humor
2106 1167 2138 1198 et
2154 1166 2281 1200 siccitas
2295 1177 2373 1201 con·

1314 1220 1410 1252 traria
1426 1222 1513 1255 sunt.
1559 1222 1578 1264 §
1602 1226 1653 1256 21.
1676 1225 1820 1267 Denique
1838 1226 1966 1260 sublato
1986 1228 2071 1261 haud
2096 1239 2189 1263 secus
2205 1233 2300 1266 terrae
2320 1235 2370 1266 at·

1311 1291 1375 1323 que
1395 1292 1489 1325 aquae
1508 1284 1645 1326 frigore,
1669 1295 1709 1319 ne
1731 1287 1778 1319 sic
1802 1287 1932 1328 quidem
1959 1290 2023 1322 ulla
2047 1290 2107 1324 erit
2126 1294 2307 1335 generatio,
2324 1295 2367 1327 si-

1310 1345 1439 1385 quidem
1458 1347 1553 1379 terrae
1570 1347 1696 1382 siccitas
1710 1352 1742 1381 et
1754 1349 1869 1382 humor
1883 1359 1977 1391 aquae
1990 1356 2158 1385 servantur
2177 1354 2366 1389 incolumes.

1309 1408 1351 1440 At
1378 1407 1506 1440 siccitas
1534 1411 1566 1441 et
1586 1409 1705 1442 humor
1738 1411 1909 1444 facultates
1938 1414 2092 1454 oppositae
2120 1416 2207 1448 sunt.
2252 1418 2299 1449 Ac
2326 1418 2367 1451 de

1308 1471 1380 1502 ortu
1405 1470 1537 1512 quidem
1558 1473 1738 1513 primorum
1759 1483 1954 1516 corporum,
1972 1479 2004 1509 et
2034 1486 2176 1518 quonam
2196 1479 2314 1521 modo,
2335 1482 2368 1514 et

1307 1532 1426 1573 quibus
1455 1533 1551 1565 rebus
1580 1534 1733 1575 subiectis
1761 1536 1836 1577 liat,
1860 1537 1938 1569 satis
1962 1547 2000 1571 ac
2023 1538 2163 1572 breviter
2180 1541 2365 1582 expositum

1306 1597 1367 1636 est,
1411 1595 1495 1638 §22
1519 1598 1640 1630 Verum
1657 1606 1732 1630 cum
1748 1598 1901 1633 interitus
1923 1602 1956 1634 et
1968 1604 2058 1635 ortus
2075 1611 2193 1644 expers
2211 1604 2252 1637 sit
2270 1613 2363 1637 mim-

1305 1658 1387 1699 dus,
1407 1660 1509 1700 atque
1526 1660 1564 1692 ut
1589 1669 1695 1702 neque
1720 1660 1848 1694 initium
1876 1662 2010 1704 habuit,
2043 1664 2087 1697 ita
2118 1674 2179 1698 nec
2207 1664 2304 1698 tinem
2322 1667 2364 1700 sit

1305 1723 1493 1763 habiturus,
1511 1723 1578 1756 duo
1595 1723 1692 1756 simul
1715 1723 1826 1757 adesse
1845 1726 1997 1766 oportet,
2018 1736 2157 1767 quorum
2182 1737 2282 1761 unum
2301 1739 2356 1771 pa-

1304 1787 1361 1818 tris
1375 1785 1474 1818 instar
1490 1785 1522 1817 in
1539 1785 1640 1818 altero
1655 1787 1893 1827 generationem
1920 1787 2038 1819 efficiat
2051 1813 2060 1829 ‚
2081 1789 2220 1821 alterum
2247 1792 2362 1824 matris

1301 1849 1403 1883 instar
1423 1848 1455 1880 in
1471 1856 1506 1881 se
1531 1847 1601 1890 ipso
1628 1851 1766 1890 generet.
1783 1850 1887 1891 Atque
1907 1849 1994 1891 quod
2010 1850 2040 1882 in
2057 1850 2120 1883 alio
2146 1854 2297 1893 generat,
2315 1861 2355 1885 ea

177 1893 228 1945 τῷ
251 1900 454 1938 συνυπεῖναι
477 1895 653 1943 ἅλλῆλοῑς·
676 1896 715 1935 τὸ
735 1897 798 1947 μὲν
818 1901 941 1936 ποῑῡῗῖν
962 1898 1023 1946 τὴν
1038 1899 1172 1951 γένεσιν
1194 1900 1234 1940 τὸ
1299 1911 1447 1944 censetur
1474 1919 1545 1943 esse
1577 1910 1728 1944 universa
1755 1911 1869 1943 mundi
1907 1921 1980 1951 pars
2017 1921 2090 1953 quae
2113 1921 2210 1954 supra
2247 1913 2358 1946 lunam

172 1952 336 2006 ὑπεράνω
356 1955 504 2003 σελήνης
521 1956 595 1996 ἐστὶ
615 1962 699 1995 πᾶν·
721 1957 889 2010 σύνεγγυς
903 1958 939 1996 δὲ
955 1961 1088 2010 μᾶλλον
1103 1962 1121 1999 ὃ
1137 1959 1235 2007 ἥλιος

1299 1972 1403 2014 posita
1421 1974 1491 2012 est,
1513 1971 1645 2013 propius
1667 1980 1745 2004 vero
1762 1971 1808 2004 sol
1826 1972 1910 2012 ipse,
1932 1971 1988 2013 qui
2015 1980 2148 2004 accessu
2171 1981 2231 2005 suo
2253 1976 2286 2006 et
2302 1982 2348 2005 re·

179 2035 2348 2055 Ἣ

172 2077 203 2110 in
220 2079 293 2111 cod.
313 2081 350 2111 C.
370 2089 427 2121 pro
449 2082 485 2113 τὸ
508 2081 665 2123 scriptum
689 2085 739 2115 est
756 2086 823 2116 τοῦ.
851 2084 1013 2116 Caeterum
1034 2084 1103 2117 hacc
1122 2085 1232 2117 omnia
1295 2085 1369 2116 ὅταν
1382 2087 1438 2125 γῆς
1452 2084 1507 2126 μὲν
1521 2085 1585 2125 φθ.;
1607 2085 1724 2116 Galeus
1741 2085 1772 2116 et
1790 2084 1981 2124 Dargensius
1999 2085 2072 2116 ὅταν
2090 2089 2143 2121 τῆς
2159 2088 2214 2124 γῆς
2237 2085 2291 2125 μὲν
2305 2086 2355 2126 cf).

166 2125 394 2159 desiderantur
416 2127 447 2159 in
475 2128 642 2169 Nogarolae
666 2129 826 2172 editione,
845 2130 996 2172 leguntur
1015 2133 1125 2165 autern
1146 2132 1229 2173 apud

169 2173 356 2206 Vizzanium
370 2183 388 2207 e
403 2175 499 2208 codd.
521 2177 606 2209 vait.

209 2220 228 2262 §
254 2224 302 2254 17.
327 2221 418 2254 πάλιν
434 2223 500 2254 ἐπεὶ
519 2225 539 2261 ἡ
560 2223 627 2265 μὲν]
644 2224 740 2257 codd.
759 2227 850 2259 Parr.
874 2228 911 2259 A.
931 2230 960 2260 et
977 2229 1029 2266 13..
1050 2227 1126 2259 item
1139 2228 1227 2258 Vatt.

163 2269 199 2300 et
217 2268 339 2309 Bartli.;
353 2268 419 2301 ἐπεὶ
433 2268 553 2301 habent
569 2271 667 2302 etlam
682 2271 852 2305 Vizzanius
865 2274 898 2305 et
914 2274 1117 2315 Rudolphus.
1132 2276 1229 2307 Deest

165 2314 237 2347 llaec
250 2323 313 2348 vox
329 2315 362 2348 in
379 2315 454 2348 edd.
471 2318 553 2356 Nog.
574 2318 734 2351 Commel.
750 2319 822 2352 Gal.
841 2320 996 2360 Dargens.
1014 2323 1100 2354 Batt.

207 2364 226 2395 ὁ
243 2363 276 2396 δὲ
295 2363 368 2407 ἀὴρ]
383 2364 455 2397 cod.
479 2366 551 2397 Par.
568 2366 619 2404 C.;
635 2365 652 2397 ὁ
670 2365 728 2409 ἀὴρ
740 2367 774 2399 δὲ
796 2370 866 2400 Par.
887 2370 938 2408 A.,
959 2369 1019 2411 ἀὴρ
1039 2369 1073 2401 δὲ
1095 2371 1165 2401 Par.
1187 2371 1224 2402 B.

202 2410 281 2444 ὅταν
299 2413 335 2444 τὸ
362 2412 417 2453 μ’ὲν
442 2412 474 2444 ἐν
499 2415 537 2454 τῇ
559 2411 613 2453 γῇ]
631 2412 725 2445 codd.
756 2415 844 2447 Parr.
863 2416 902 2448 A.
923 2417 956 2448 et
974 2418 1008 2449 B.
1027 2418 1060 2449 et
1076 2416 1226 2449 Vizzanio

163 2459 247 2491 teste
263 2460 352 2492 vatt.
369 2462 466 2501 atque
482 2459 606 2499 Barth.;
619 2459 694 2492 ὅταν
709 2460 764 2496 οὗ..
780 2463 818 2494 τὸ
836 2462 867 2495 ἐν
883 2466 922 2505 τῇ
940 2467 980 2505 γῇ
1001 2466 1079 2505 Nog.
1095 2466 1223 2496 Comm.

163 2509 234 2542 Gal.
250 2512 362 2552 Darg.;
377 2511 508 2543 Battaes.
528 2510 612 2544 male
628 2511 702 2544 ὅταν
723 2512 754 2544 ἐν
777 2517 814 2554 τῇ
828 2517 880 2555 γῇ.

205 2557 295 2598 ξηρὸν
310 2557 504 2600 ἐπικρατήσῃ
515 2560 572 2590 τοῦ
588 2558 619 2590 ἐν
635 2561 680 2600 τῷ
695 2558 759 2599 ἀέρι
773 2559 882 2602 ὑγροῦ]
897 2561 942 2592 lta
953 2560 1120 2593 codd.trcs
1134 2563 1221 2594 Patr.

162 2608 250 2639 Vatt.
270 2608 303 2639 et
318 2607 463 2640 Bartl'iol.
482 2609 580 2649 atque
593 2607 667 2640 edd.
686 2610 807 2641 Lovan.
823 2613 854 2642 et
870 2610 1034 2652 Rudolpb.
1051 2611 1223 2644 omittitur

160 2655 353 2697 ἐπικρατήσῃ
378 2655 412 2687 in
438 2655 570 2697 reliquis
585 2656 798 2696 editionibus,
817 2666 856 2690 ne
881 2658 1074 2691 Battaesiana
1093 2659 1221 2700 quidem

156 2705 307 2743 excepta.

200 2748 219 2790 §
245 2753 293 2783 18.
317 2748 550 2791 γεννηθήσεται]
570 2749 696 2782 videtur
711 2750 743 2783 in
757 2750 826 2782 aliis
847 2751 1046 2784 membranis
1071 2753 1220 2793 exstare3

159 2798 191 2829 in
207 2798 437 2830 parisiensibus
454 2798 515 2830 hoc
531 2798 601 2830 loco
615 2798 729 2831 vitiose
742 2799 943 2840 γενηθήσεται
961 2799 1118 2839 scriptum
1137 2800 1196 2831 est.

198 2846 235 2879 τὸ
249 2847 283 2879 δέ
301 2857 336 2888 γε
351 2845 425 2889 πῦρ]
439 2846 492 2878 Sic
508 2845 602 2878 codd.
619 2847 725 2887 Parr.;
743 2857 779 2888 γε
793 2846 883 2879 deest
899 2847 929 2879 in
944 2847 1016 2879 cod.
1034 2849 1108 2879 Vat.

198 2893 218 2936 §
242 2897 292 2926 19.
316 2892 550 2935 γεννηθήσεται]
575 2895 664 2926 Patr.
691 2896 730 2927 A.
761 2897 793 2926 et
822 2896 857 2927 B.
864 2906 873 2935 ;
901 2896 938 2928 C.
962 2894 1059 2927 habet
1087 2894 1216 2934 γενηθή-

153 2950 258 2974 σεται.

198 2988 300 3021 αὐτῶν
316 2988 371 3031 γῆ]
389 2988 483 3021 codd.
501 2990 567 3021 tres
589 2990 679 3021 Parr.
703 2988 800 3030 atque
820 2988 893 3021 edd.
914 2990 1034 3021 Lovan.
1063 2993 1095 3021 et
1116 2990 1215 3031 Batt.;

154 3035 260 3068 αὐτῶν
289 3037 310 3075 ἠ
342 3039 383 3077 γῆ
416 3036 500 3069 male
522 3036 654 3069 Vizzan.
690 3036 871 3069 Articulum
901 3036 993 3069 uncis
1019 3036 1216 3070 incluserunt

155 3083 394 3124 commelinus,
411 3083 546 3125 Galeus‚
561 3084 614 3116 alii

196 3129 216 3172 §
238 3135 290 3164 20.
313 3134 369 3163 τοῦ
388 3131 476 3173 ἀέρος
498 3130 562 3173 φθ.]
582 3132 633 3164 Ita
649 3139 762 3164 omnes
777 3130 850 3164 edd.
875 3140 950 3163 cum
972 3130 1044 3163 cod.
1069 3133 1141 3163 Par.
1160 3133 1212 3170 C.;

153 3177 188 3209 in
208 3176 281 3210 cod.
302 3178 378 3210 vat.
400 3180 498 3218 atque
514 3177 547 3209 in
562 3179 651 3210 Parr.
670 3181 707 3212 A.
726 3181 756 3211 et
771 3181 807 3211 B.
828 3179 942 3221 legitur
955 3179 1028 3211 ὅταν
1045 3179 1078 3210 δὲ
1090 3182 1145 3211 τοῦ
1159 3179 1213 3220 μὲν

154 3224 260 3267 ἀέρος,
275 3224 329 3257 ubi
345 3225 399 3266 μὲν
414 3226 582 3266 propterea
596 3226 684 3267 quod
703 3227 755 3258 καὶ
772 3227 823 3259 liic
834 3227 863 3260 ei
875 3227 1045 3268 respondet
1059 3235 1120 3258 non
1133 3227 1212 3260 satis

151 3271 364 3304 commodum
383 3272 481 3305 habet
507 3281 602 3306 usum
626 3274 661 3306 in
685 3273 791 3306 soluta
811 3274 966 3307 oratione.
992 3273 1210 3313 Quamobrem

150 3320 253 3352 satius
266 3321 317 3353 est
333 3320 482 3353 omittere
498 3321 579 3354 lianc
601 3321 804 3363 particulam.

194 3366 214 3409 §
236 3370 287 3400 21.
311 3367 385 3400 ὅταν
410 3372 463 3406 τῆς
488 3369 542 3410 μὲν
566 3369 636 3412 γῆς]
657 3369 735 3402 Cod.
760 3371 832 3402 Par.
854 3371 891 3403 B.
912 3371 944 3403 et
970 3371 1043 3403 Vat.
1068 3378 1128 3402 nec
1146 3378 1209 3402 non

154 3415 263 3448 Barth.
276 3415 412 3448 testibus
425 3415 576 3448 Vizzanio
588 3418 620 3449 et
632 3416 856 3450 Siebenkeesio
873 3417 990 3449 liabent
1001 3416 1074 3448 ὅταν
1089 3416 1144 3458 μὲν
1155 3420 1209 3455 τῆς

152 3467 226 3504 γῆς
241 3463 312 3498 cod.
328 3465 399 3495 Par.
417 3466 452 3496 A.
472 3463 546 3496 ὅταν
559 3463 614 3506 μὲν
628 3468 703 3506 γῆς;
716 3466 797 3507 Nog·
810 3466 935 3497 Comm.
955 3465 986 3497 et
1001 3465 1084 3497 Batt.
1098 3464 1207 3505 legunt

1295 2130 1424 2163 Rectius
1444 2130 1634 2171 Rudolphus
1652 2130 1727 2161 ὅταν
1746 2134 1798 2168 τῆς
1822 2130 1876 2171 μὲν
1896 2134 1951 2169 γῆς
1970 2132 2019 2171 φθ.

1334 2180 1390 2210 τοῦ
1410 2177 1444 2209 δὲ
1462 2178 1576 2215 ὕδατος
1594 2178 1631 2210 τὸ
1651 2177 1773 2220 ὅμοιον]
1787 2177 1861 2210 cod.
1880 2179 1952 2210 vat.
1970 2186 1988 2209 a
2006 2177 2232 2209 Siebenkeesio
2246 2186 2355 2210 excus-

1293 2233 1370 2265 sus;
1389 2225 1442 2257 καὶ
1462 2228 1517 2257 τοῦ
1542 2225 1654 2262 ὕδατος
1673 2237 1702 2257 τ.
1730 2225 1760 2257 ὅ.
1787 2224 1882 2257 codd.
1912 2226 2001 2257 Parr.
2030 2227 2069 2258 A.
2087 2227 2118 2256 et
2144 2226 2180 2257 Β.
2204 2233 2263 2256 nce
2289 2233 2355 2257 non

1291 2272 1442 2305 Vizzanio
1459 2274 1540 2306 teste
1558 2272 1652 2306 codd.
1668 2274 1759 2305 vatt.
1777 2276 1809 2306 et
1824 2273 1952 2313 Barth.,·
1972 2273 2082 2310 ὕδατος
2097 2273 2128 2305 δὲ
2142 2273 2249 2315 ὅμοιον
2272 2273 2349 2314 Par.

1292 2321 1329 2353 C.
1347 2322 1435 2361 Nog.
1457 2321 1615 2354 Commel.
1632 2321 1703 2354 Gal.
1725 2323 1820 2362 Darg.
1837 2321 1921 2354 Batt.
1941 2320 2035 2358 Quod
2049 2322 2214 2353 contextui
2233 2320 2352 2353 inserui

1289 2369 1354 2409 jam
1375 2372 1469 2401 antea
1485 2368 1659 2410 Rudolplio
1678 2369 1854 2409 placuerat.

1330 2416 1463 2459 γίνεται]
1476 2416 1555 2449 cod.
1573 2417 1644 2449 Par.
1663 2418 1704 2450 A.
1724 2415 1882 2457 γίγνεται,
1896 2415 2005 2448 coeteri
2024 2414 2153 2454 γίνεται.

1329 2465 1382 2497 διὰ
1402 2463 1558 2508 βραχέων]
1573 2465 1670 2497 Deest
1685 2463 1756 2496 haec
1773 2464 1911 2496 formula
1927 2463 1960 2495 in
1977 2463 2050 2495 cod.
2067 2464 2139 2494 Par.
2158 2464 2196 2494 A.
2212 2461 2350 2504 ideoque

1286 2521 1305 2544 a
1327 2512 1481 2545 Battaesio
1499 2511 1619 2544 omissa
1639 2512 1705 2552 est,
1732 2513 1836 2544 exstat
1859 2514 1967 2544 autem
1994 2510 2026 2542 in
2052 2509 2148 2542 codd.
2171 2511 2211 2543 B.
2234 2511 2267 2543 et
2294 2513 2347 2551 C.;

1288 2560 1506 2593 commelinus
1521 2560 1554 2592 et
1566 2559 1682 2592 Galeus
1695 2559 1902 2601 διαδραχέωνς
1922 2558 2092 2592 Vizzanius
2108 2558 2315 2600 διαὸραχέως.

1327 2607 1346 2649 §
1369 2611 1420 2640 22.
1445 2607 1510 2639 ἐπεὶ
1526 2606 1559 2639 δὲ
1571 2606 1740 2649 ἀνώλεθρος
1758 2608 1811 2638 καὶ
1826 2606 1973 2648 ἀγένητος
1988 2607 2005 2638 ὀ
2022 2604 2155 2647 κόσμος]
2174 2605 2254 2637 Cod.
2272 2607 2344 2638 Par.

1285 2657 1321 2686 A.
1341 2655 1406 2686 ἐπεὶ
1428 2654 1457 2687 δ’
1472 2655 1641 2695 ἀνώλεθρος
1655 2655 1708 2686 καὶ
1732 2655 1879 2695 ἀγένητος
1895 2655 1912 2686 ὁ
1931 2654 2068 2694 κὸσμος;
2085 2653 2156 2685 cod.
2177 2654 2212 2685 B.
2231 2653 2297 2685 ἐπεὶ
2313 2654 2346 2685 δὲ

1283 2703 1451 2744 ἀνώλεθρος
1469 2703 1523 2734 καὶ
1547 2703 1712 2742 ἀγέννητος
1735 2703 1752 2734 ὁ
1781 2703 1912 2743 κόσμος.
1938 2701 2054 2733 Eadem
2075 2704 2199 2732 exstant
2219 2700 2250 2731 in
2270 2701 2342 2733 cod.

1285 2750 1409 2789 Barth.;
1426 2748 1499 2782 cod.
1521 2750 1595 2781 Par.
1615 2750 1653 2782 O.
1675 2749 1774 2781 habet
1795 2750 1862 2781 ἐπεὶ
1878 2749 1910 2780 δὲ
1928 2748 2096 2789 ἀνώὶεθρος
2114 2747 2131 2778 ὁ
2151 2746 2270 2787 κόσμος
2289 2749 2342 2779 καὶ

1283 2797 1457 2838 ἀγέννητος.
1474 2795 1617 2828 Eandem
1635 2795 1805 2828 lectionem
1825 2795 2007 2836 sequuntur
2023 2794 2094 2826 Gal.
2112 2795 2238 2826 Comm.
2256 2795 2339 2830 Batt.

1280 2847 1312 2877 et
1333 2844 1447 2877 Patrio.
1470 2853 1502 2885 p.
1518 2846 1597 2879 254,
1609 2852 1628 2876 a
1644 2843 1763 2885 quibus
1779 2844 1811 2875 in
1830 2843 1890 2875 hoc
1911 2844 2035 2875 tantum
2057 2841 2252 2874 dissentiunt
2265 2843 2340 2874 Viz-

1280 2892 1404 2929 zanins,
1423 2892 1529 2923 editor
1551 2891 1759 2923 Lovaniensis
1778 2893 1810 2924 et
1828 2899 1938 2923 secum
1962 2890 2031 2931 ipse
2050 2890 2168 2922 Patric.
2198 2898 2229 2930 p.
2259 2893 2317 2921 239
2329 2915 2337 2930 ,

1280 2939 1367 2981 quod
1382 2939 1529 2978 ἀγένητος
1539 2938 1709 2971 dederunt.

1320 2989 1357 3021 τὸ
1373 2990 1488 3029 γεννῶν
1508 2987 1539 3019 ἐν
1557 2986 1674 3029 ἑαυτῷ]
1689 2986 1784 3020 codd.
1801 2988 1890 3020 Parr.
1906 2989 1943 3020 B.
1959 2990 1991 3020 et
2016 2989 2067 3028 C.;
2083 2988 2139 3020 sed
2157 2988 2189 3020 in
2204 2987 2283 3020 Cod.
2301 2989 2337 3021 A.

1600 3045 1627 3064 ω

1276 3081 1432 3123 scriptum
1455 3083 1504 3114 est
1527 3092 1633 3122 γεννον
1653 3081 1722 3123 (sic)
1743 3081 1775 3114 ἐν
1801 3081 1899 3122 αὐτῷ.
1918 3083 2081 3115 caeterum
2105 3082 2140 3113 τὸ
2169 3084 2277 3113 ποιοῦν
2305 3081 2336 3113 ἐν

1275 3130 1370 3172 ἑτέρῳ
1391 3130 1447 3169 τήν
1473 3130 1593 3170 γένεσιν
1619 3129 1662 3162 ita
1675 3129 1854 3170 opponitur
1870 3132 1917 3171 τῷ
1938 3132 2082 3170 γεννῶντι
2100 3130 2130 3160 ἐν
2156 3129 2274 3170 ἑαυτῷ,
2300 3132 2335 3160 ut

1276 3177 1353 3209 illud
1368 3177 1459 3218 quasi
1474 3177 1590 3218 patris,
1610 3177 1671 3209 hoc
1687 3177 1797 3209 matris
1817 3177 1917 3209 instar
1935 3176 2118 3208 habendum
2136 3176 2189 3208 sit.

1314 3225 1349 3256 τὸ
1361 3225 1415 3266 μὲν
1423 3228 1532 3257 ποιοῦν
1540 3225 1594 3264 τὴν
1609 3223 1741 3266 γένεσιν]
1750 3224 1845 3256 codd.
1857 3226 1944 3257 Parr.
1954 3233 2067 3255 omnes
2080 3248 2089 3264 ‚
2098 3232 2157 3255 nec
2168 3232 2232 3255 non
2243 3224 2332 3255 vait.

1273 3273 1305 3305 et
1329 3273 1437 3306 Barth.
1455 3274 1553 3314 atque
1568 3271 1644 3304 edd.
1667 3274 1788 3305 Lovan.
1807 3275 1839 3304 et
1854 3271 2024 3312 Rudolph.;
2040 3272 2152 3303 contra
2177 3270 2335 3303 Patricius

1274 3329 1304 3360 p.
1333 3323 1393 3353 239
1410 3323 1442 3352 et
1471 3323 1529 3353 254
1550 3320 1682 3352 Vizzan.
1703 3319 1863 3352 Commel.
1881 3321 1975 3359 Darg.
2000 3319 2130 3351 Battaes.
2158 3317 2281 3349 addunt
2302 3318 2333 3348 ἐν

1270 3367 1365 3410 ἑτέρῳ
1379 3367 1418 3399 ad
1432 3371 1553 3408 ποιοῦν,
1569 3368 1658 3408 quasi
1675 3376 1738 3399 non
1756 3367 1846 3399 facile
1861 3366 1911 3398 liae
1928 3375 2039 3406 voceS‚
2051 3366 2110 3397 etsi
2123 3374 2185 3396 non
2199 3364 2332 3404 adjectae

1270 3425 1311 3449 ex
1333 3416 1370 3448 iis
1386 3424 1459 3456 quae
1478 3415 1629 3448 dicuntur
1647 3415 1781 3455 intelligi
1798 3418 1929 3456 queant.

1315 3462 1396 3494 κατά
1409 3472 1442 3494 τε
1453 3462 1508 3499 τὰς
1522 3461 1592 3504 πρ]
1613 3463 1665 3496 Sic
1685 3462 1780 3494 codd.
1801 3465 1864 3494 tres
1880 3463 1975 3494 Part.
1996 3461 2084 3493 Vatt.
2109 3459 2219 3492 Barth.
2233 3459 2331 3500 atque
