<?xml version="1.0" encoding="UTF-8"?>
<!DOCTYPE html PUBLIC "-//W3C//DTD XHTML 1.0 Transitional//EN"
    "http://www.w3.org/TR/xhtml1/DTD/xhtml1-transitional.dtd">
<html xmlns="http://www.w3.org/1999/xhtml" xml:lang="en" lang="en">
 <head>
  <title>
</title>
<meta http-equiv="Content-Type" content="text/html;charset=utf-8" />
  <meta name='ocr-system' content='tesseract 3.04.00' />
  <meta name='ocr-capabilities' content='ocr_page ocr_carea ocr_par ocr_line ocrx_word'/>
</head>
<body>
  <div class='ocr_page' id='page_1' title='image "./fragmentaphiloso01mulluoft_0019.png"; bbox 0 0 2612 3814; ppageno 0'>
   <div class='ocr_carea' id='block_1_1' title="bbox 0 1598 70 3814">
    <p class='ocr_par' dir='ltr' id='par_1_1' title="bbox 0 1598 70 3814">
     <span class='ocr_line' id='line_1_1' title="bbox 0 1598 70 3814; baseline 0 0"><span class='ocrx_word' id='word_1_1' title='bbox 0 1598 70 3814; x_wconf 95' lang='lat' dir='ltr'> </span> 
     </span>
    </p>
   </div>
   <div class='ocr_carea' id='block_1_2' title="bbox 1058 260 1380 302">
    <p class='ocr_par' dir='ltr' id='par_1_2' title="bbox 1058 260 1380 302">
     <span class='ocr_line' id='line_1_2' title="bbox 1058 260 1380 302; baseline -0.003 -2"><span class='ocrx_word' id='word_1_2' title='bbox 1058 260 1380 302; x_wconf 82' lang='lat' dir='ltr'><strong>PROOEMIUM.</strong></span> 
     </span>
    </p>
   </div>
   <div class='ocr_carea' id='block_1_3' title="bbox 2256 251 2310 301">
    <p class='ocr_par' dir='ltr' id='par_1_3' title="bbox 2256 251 2310 301">
     <span class='ocr_line' id='line_1_3' title="bbox 2256 251 2310 301; baseline 0.019 -15"><span class='ocrx_word' id='word_1_3' title='bbox 2256 251 2310 301; x_wconf 73' lang='lat' dir='ltr'>vij</span> 
     </span>
    </p>
   </div>
   <div class='ocr_carea' id='block_1_4' title="bbox 150 327 2312 401">
    <p class='ocr_par' dir='ltr' id='par_1_4' title="bbox 150 327 2312 401">
     <span class='ocr_line' id='line_1_4' title="bbox 150 327 2312 401; baseline -0.005 -14"><span class='ocrx_word' id='word_1_4' title='bbox 150 347 266 401; x_wconf 91' lang='lat' dir='ltr'>sophi</span> <span class='ocrx_word' id='word_1_5' title='bbox 285 355 323 386; x_wconf 90' lang='lat' dir='ltr'>et</span> <span class='ocrx_word' id='word_1_6' title='bbox 341 327 438 398; x_wconf 83' lang='lat' dir='ltr'>quid</span> <span class='ocrx_word' id='word_1_7' title='bbox 464 344 567 383; x_wconf 89' lang='lat' dir='ltr'>inter</span> <span class='ocrx_word' id='word_1_8' title='bbox 595 354 660 381; x_wconf 89' lang='lat' dir='ltr'>eos</span> <span class='ocrx_word' id='word_1_9' title='bbox 693 349 732 380; x_wconf 92' lang='lat' dir='ltr'>et</span> <span class='ocrx_word' id='word_1_10' title='bbox 763 338 941 392; x_wconf 90' lang='lat' dir='ltr'>reliquos</span> <span class='ocrx_word' id='word_1_11' title='bbox 966 339 1191 387; x_wconf 81' lang='lat' dir='ltr'>interesset3</span> <span class='ocrx_word' id='word_1_12' title='bbox 1258 336 1456 388; x_wconf 81' lang='lat' dir='ltr'>rebusque</span> <span class='ocrx_word' id='word_1_13' title='bbox 1479 335 1598 375; x_wconf 89' lang='lat' dir='ltr'>bonis</span> <span class='ocrx_word' id='word_1_14' title='bbox 1623 345 1661 375; x_wconf 92' lang='lat' dir='ltr'>et</span> <span class='ocrx_word' id='word_1_15' title='bbox 1682 336 1795 375; x_wconf 85' lang='lat' dir='ltr'>malis</span> <span class='ocrx_word' id='word_1_16' title='bbox 1829 349 2019 388; x_wconf 88' lang='lat' dir='ltr'>quaerere.</span> <span class='ocrx_word' id='word_1_17' title='bbox 2049 336 2152 383; x_wconf 88' lang='lat' dir='ltr'>Quid</span> <span class='ocrx_word' id='word_1_18' title='bbox 2172 337 2312 389; x_wconf 81' lang='lat' dir='ltr'>plura?</span> 
     </span>
    </p>
   </div>
   <div class='ocr_carea' id='block_1_5' title="bbox 147 397 1232 3356">
    <p class='ocr_par' dir='ltr' id='par_1_5' title="bbox 147 397 1232 3356">
     <span class='ocr_line' id='line_1_5' title="bbox 151 397 1195 460; baseline -0.01 -14"><span class='ocrx_word' id='word_1_19' title='bbox 151 406 411 460; x_wconf 81' lang='lat' dir='ltr'><strong>Pythagoram</strong></span> <span class='ocrx_word' id='word_1_20' title='bbox 450 411 579 442; x_wconf 90' lang='lat' dir='ltr'>autem</span> <span class='ocrx_word' id='word_1_21' title='bbox 611 399 882 453; x_wconf 87' lang='lat' dir='ltr'>respondisse,</span> <span class='ocrx_word' id='word_1_22' title='bbox 918 398 1089 438; x_wconf 87' lang='lat' dir='ltr'>similem</span> <span class='ocrx_word' id='word_1_23' title='bbox 1117 397 1195 437; x_wconf 88' lang='lat' dir='ltr'>sibi</span> 
     </span>
     <span class='ocr_line' id='line_1_6' title="bbox 150 457 1196 508; baseline -0.01 -4"><span class='ocrx_word' id='word_1_24' title='bbox 150 465 280 504; x_wconf 89' lang='lat' dir='ltr'>videri</span> <span class='ocrx_word' id='word_1_25' title='bbox 298 464 420 504; x_wconf 88' lang='lat' dir='ltr'>vitam</span> <span class='ocrx_word' id='word_1_26' title='bbox 451 461 679 507; x_wconf 89' lang='lat' dir='ltr'>hominum,</span> <span class='ocrx_word' id='word_1_27' title='bbox 713 467 752 498; x_wconf 88' lang='lat' dir='ltr'>et</span> <span class='ocrx_word' id='word_1_28' title='bbox 773 466 986 498; x_wconf 85' lang='lat' dir='ltr'>mercatum</span> <span class='ocrx_word' id='word_1_29' title='bbox 1011 470 1100 496; x_wconf 92' lang='lat' dir='ltr'>eum</span> <span class='ocrx_word' id='word_1_30' title='bbox 1127 457 1196 508; x_wconf 89' lang='lat' dir='ltr'>qui</span> 
     </span>
     <span class='ocr_line' id='line_1_7' title="bbox 150 517 1197 570; baseline -0.009 -7"><span class='ocrx_word' id='word_1_31' title='bbox 150 523 357 563; x_wconf 82' lang='lat' dir='ltr'>haberetur</span> <span class='ocrx_word' id='word_1_32' title='bbox 398 522 571 561; x_wconf 86' lang='lat' dir='ltr'>maximo</span> <span class='ocrx_word' id='word_1_33' title='bbox 607 519 792 558; x_wconf 90' lang='lat' dir='ltr'>ludorum</span> <span class='ocrx_word' id='word_1_34' title='bbox 827 526 1038 570; x_wconf 87' lang='lat' dir='ltr'>apparatu,</span> <span class='ocrx_word' id='word_1_35' title='bbox 1078 517 1197 555; x_wconf 90' lang='lat' dir='ltr'>totius</span> 
     </span>
     <span class='ocr_line' id='line_1_8' title="bbox 149 575 1197 628; baseline -0.008 -6"><span class='ocrx_word' id='word_1_36' title='bbox 149 583 309 626; x_wconf 80' lang='lat' dir='ltr'>Graeciae</span> <span class='ocrx_word' id='word_1_37' title='bbox 328 581 567 620; x_wconf 76' lang='lat' dir='ltr'>celebritate.</span> <span class='ocrx_word' id='word_1_38' title='bbox 596 578 693 621; x_wconf 85' lang='lat' dir='ltr'>Nam</span> <span class='ocrx_word' id='word_1_39' title='bbox 713 586 757 617; x_wconf 91' lang='lat' dir='ltr'>ut</span> <span class='ocrx_word' id='word_1_40' title='bbox 774 578 858 617; x_wconf 90' lang='lat' dir='ltr'>illic</span> <span class='ocrx_word' id='word_1_41' title='bbox 876 577 942 616; x_wconf 91' lang='lat' dir='ltr'>alii</span> <span class='ocrx_word' id='word_1_42' title='bbox 962 575 1197 628; x_wconf 81' lang='lat' dir='ltr'>corporibus</span> 
     </span>
     <span class='ocr_line' id='line_1_9' title="bbox 147 635 1198 690; baseline -0.008 -10"><span class='ocrx_word' id='word_1_43' title='bbox 147 641 369 681; x_wconf 87' lang='lat' dir='ltr'>exercitatis</span> <span class='ocrx_word' id='word_1_44' title='bbox 397 639 563 690; x_wconf 77' lang='lat' dir='ltr'>gloriam</span> <span class='ocrx_word' id='word_1_45' title='bbox 585 646 624 677; x_wconf 89' lang='lat' dir='ltr'>et</span> <span class='ocrx_word' id='word_1_46' title='bbox 642 635 889 676; x_wconf 89' lang='lat' dir='ltr'>nobilitatem</span> <span class='ocrx_word' id='word_1_47' title='bbox 910 648 1066 675; x_wconf 88' lang='lat' dir='ltr'>coronae</span> <span class='ocrx_word' id='word_1_48' title='bbox 1092 642 1198 686; x_wconf 92' lang='lat' dir='ltr'>pete-</span> 
     </span>
     <span class='ocr_line' id='line_1_10' title="bbox 149 693 1198 749; baseline -0.009 -9"><span class='ocrx_word' id='word_1_49' title='bbox 149 708 258 749; x_wconf 88' lang='lat' dir='ltr'>rent,</span> <span class='ocrx_word' id='word_1_50' title='bbox 281 700 349 738; x_wconf 90' lang='lat' dir='ltr'>alii</span> <span class='ocrx_word' id='word_1_51' title='bbox 371 697 526 737; x_wconf 92' lang='lat' dir='ltr'>emendi</span> <span class='ocrx_word' id='word_1_52' title='bbox 556 705 622 736; x_wconf 88' lang='lat' dir='ltr'>aut</span> <span class='ocrx_word' id='word_1_53' title='bbox 641 695 837 735; x_wconf 90' lang='lat' dir='ltr'>vendendi</span> <span class='ocrx_word' id='word_1_54' title='bbox 856 702 1007 747; x_wconf 88' lang='lat' dir='ltr'>quaestu</span> <span class='ocrx_word' id='word_1_55' title='bbox 1028 702 1066 732; x_wconf 92' lang='lat' dir='ltr'>et</span> <span class='ocrx_word' id='word_1_56' title='bbox 1087 693 1198 731; x_wconf 92' lang='lat' dir='ltr'>lucro</span> 
     </span>
     <span class='ocr_line' id='line_1_11' title="bbox 151 752 1199 807; baseline -0.008 -9"><span class='ocrx_word' id='word_1_57' title='bbox 151 759 399 805; x_wconf 83' lang='lat' dir='ltr'>ducerentur,</span> <span class='ocrx_word' id='word_1_58' title='bbox 416 764 516 796; x_wconf 89' lang='lat' dir='ltr'>esset</span> <span class='ocrx_word' id='word_1_59' title='bbox 534 765 661 794; x_wconf 90' lang='lat' dir='ltr'>autem</span> <span class='ocrx_word' id='word_1_60' title='bbox 689 752 884 807; x_wconf 81' lang='lat' dir='ltr'>quoddam</span> <span class='ocrx_word' id='word_1_61' title='bbox 907 766 1030 804; x_wconf 90' lang='lat' dir='ltr'>genus</span> <span class='ocrx_word' id='word_1_62' title='bbox 1045 765 1199 800; x_wconf 88' lang='lat' dir='ltr'>eorum,</span> 
     </span>
     <span class='ocr_line' id='line_1_12' title="bbox 150 812 1199 869; baseline -0.009 -12"><span class='ocrx_word' id='word_1_63' title='bbox 150 817 270 869; x_wconf 87' lang='lat' dir='ltr'>idque</span> <span class='ocrx_word' id='word_1_64' title='bbox 292 817 356 856; x_wconf 87' lang='lat' dir='ltr'>vel</span> <span class='ocrx_word' id='word_1_65' title='bbox 380 815 551 854; x_wconf 87' lang='lat' dir='ltr'>maxime</span> <span class='ocrx_word' id='word_1_66' title='bbox 568 815 806 866; x_wconf 89' lang='lat' dir='ltr'>ingenuum,</span> <span class='ocrx_word' id='word_1_67' title='bbox 828 813 897 865; x_wconf 91' lang='lat' dir='ltr'>qui</span> <span class='ocrx_word' id='word_1_68' title='bbox 918 825 990 851; x_wconf 89' lang='lat' dir='ltr'>nec</span> <span class='ocrx_word' id='word_1_69' title='bbox 1018 812 1199 864; x_wconf 90' lang='lat' dir='ltr'>plausum</span> 
     </span>
     <span class='ocr_line' id='line_1_13' title="bbox 150 869 1202 926; baseline -0.009 -10"><span class='ocrx_word' id='word_1_70' title='bbox 150 890 222 916; x_wconf 90' lang='lat' dir='ltr'>nec</span> <span class='ocrx_word' id='word_1_71' title='bbox 254 876 407 915; x_wconf 91' lang='lat' dir='ltr'>lucrum</span> <span class='ocrx_word' id='word_1_72' title='bbox 430 882 672 926; x_wconf 75' lang='lat' dir='ltr'>quaererent,</span> <span class='ocrx_word' id='word_1_73' title='bbox 691 872 759 912; x_wconf 90' lang='lat' dir='ltr'>sed</span> <span class='ocrx_word' id='word_1_74' title='bbox 778 871 935 912; x_wconf 87' lang='lat' dir='ltr'>visendi</span> <span class='ocrx_word' id='word_1_75' title='bbox 962 883 1077 909; x_wconf 90' lang='lat' dir='ltr'>causa</span> <span class='ocrx_word' id='word_1_76' title='bbox 1094 869 1202 908; x_wconf 92' lang='lat' dir='ltr'>veni·</span> 
     </span>
     <span class='ocr_line' id='line_1_14' title="bbox 152 929 1202 986; baseline -0.008 -12"><span class='ocrx_word' id='word_1_77' title='bbox 152 943 239 974; x_wconf 88' lang='lat' dir='ltr'>rent</span> <span class='ocrx_word' id='word_1_78' title='bbox 254 934 507 985; x_wconf 87' lang='lat' dir='ltr'>studioseque</span> <span class='ocrx_word' id='word_1_79' title='bbox 524 932 815 986; x_wconf 88' lang='lat' dir='ltr'>perspicerent,</span> <span class='ocrx_word' id='word_1_80' title='bbox 830 929 927 982; x_wconf 90' lang='lat' dir='ltr'>quid</span> <span class='ocrx_word' id='word_1_81' title='bbox 955 937 1134 980; x_wconf 87' lang='lat' dir='ltr'>ageretur</span> <span class='ocrx_word' id='word_1_82' title='bbox 1163 935 1202 967; x_wconf 88' lang='lat' dir='ltr'>et</span> 
     </span>
     <span class='ocr_line' id='line_1_15' title="bbox 153 990 1203 1045; baseline -0.006 -13"><span class='ocrx_word' id='word_1_83' title='bbox 153 1007 233 1045; x_wconf 86' lang='lat' dir='ltr'>quo</span> <span class='ocrx_word' id='word_1_84' title='bbox 261 993 378 1031; x_wconf 91' lang='lat' dir='ltr'>modo</span> <span class='ocrx_word' id='word_1_85' title='bbox 410 1006 419 1030; x_wconf 74' lang='grc' dir='ltr'>ε</span> <span class='ocrx_word' id='word_1_86' title='bbox 443 993 536 1031; x_wconf 91' lang='lat' dir='ltr'>item</span> <span class='ocrx_word' id='word_1_87' title='bbox 558 1005 631 1031; x_wconf 92' lang='lat' dir='ltr'>nos</span> <span class='ocrx_word' id='word_1_88' title='bbox 663 991 775 1042; x_wconf 87' lang='lat' dir='ltr'>quasi</span> <span class='ocrx_word' id='word_1_89' title='bbox 795 990 837 1029; x_wconf 91' lang='lat' dir='ltr'>in</span> <span class='ocrx_word' id='word_1_90' title='bbox 863 998 1057 1028; x_wconf 88' lang='lat' dir='ltr'>mercatus</span> <span class='ocrx_word' id='word_1_91' title='bbox 1083 1001 1203 1040; x_wconf 92' lang='lat' dir='ltr'>quan-</span> 
     </span>
     <span class='ocr_line' id='line_1_16' title="bbox 154 1047 1203 1100; baseline -0.005 -10"><span class='ocrx_word' id='word_1_92' title='bbox 154 1051 244 1090; x_wconf 91' lang='lat' dir='ltr'>dam</span> <span class='ocrx_word' id='word_1_93' title='bbox 275 1051 540 1090; x_wconf 86' lang='lat' dir='ltr'>celebritatem</span> <span class='ocrx_word' id='word_1_94' title='bbox 560 1063 609 1089; x_wconf 82' lang='lat' dir='ltr'>ex</span> <span class='ocrx_word' id='word_1_95' title='bbox 630 1049 730 1088; x_wconf 90' lang='lat' dir='ltr'>urbe</span> <span class='ocrx_word' id='word_1_96' title='bbox 766 1049 919 1100; x_wconf 86' lang='lat' dir='ltr'>aliqua,</span> <span class='ocrx_word' id='word_1_97' title='bbox 943 1048 1000 1087; x_wconf 91' lang='lat' dir='ltr'>sic</span> <span class='ocrx_word' id='word_1_98' title='bbox 1031 1048 1074 1087; x_wconf 90' lang='lat' dir='ltr'>in</span> <span class='ocrx_word' id='word_1_99' title='bbox 1102 1047 1203 1086; x_wconf 88' lang='lat' dir='ltr'>hanc</span> 
     </span>
     <span class='ocr_line' id='line_1_17' title="bbox 152 1107 1203 1160; baseline -0.005 -10"><span class='ocrx_word' id='word_1_100' title='bbox 152 1112 274 1150; x_wconf 88' lang='lat' dir='ltr'>vitam</span> <span class='ocrx_word' id='word_1_101' title='bbox 294 1124 342 1149; x_wconf 84' lang='lat' dir='ltr'>ex</span> <span class='ocrx_word' id='word_1_102' title='bbox 361 1110 437 1149; x_wconf 91' lang='lat' dir='ltr'>alia</span> <span class='ocrx_word' id='word_1_103' title='bbox 455 1110 537 1148; x_wconf 89' lang='lat' dir='ltr'>vita</span> <span class='ocrx_word' id='word_1_104' title='bbox 556 1118 593 1148; x_wconf 87' lang='lat' dir='ltr'>et</span> <span class='ocrx_word' id='word_1_105' title='bbox 617 1117 756 1148; x_wconf 88' lang='lat' dir='ltr'>natura</span> <span class='ocrx_word' id='word_1_106' title='bbox 770 1108 964 1160; x_wconf 82' lang='lat' dir='ltr'>profectos</span> <span class='ocrx_word' id='word_1_107' title='bbox 975 1137 987 1157; x_wconf 90' lang='lat'>,</span> <span class='ocrx_word' id='word_1_108' title='bbox 1009 1107 1106 1147; x_wconf 90' lang='lat' dir='ltr'>alios</span> <span class='ocrx_word' id='word_1_109' title='bbox 1120 1107 1203 1156; x_wconf 87' lang='lat' dir='ltr'>glo·</span> 
     </span>
     <span class='ocr_line' id='line_1_18' title="bbox 152 1166 1204 1222; baseline -0.006 -12"><span class='ocrx_word' id='word_1_110' title='bbox 152 1171 221 1210; x_wconf 89' lang='lat' dir='ltr'>riae</span> <span class='ocrx_word' id='word_1_111' title='bbox 248 1171 418 1218; x_wconf 89' lang='lat' dir='ltr'>servire,</span> <span class='ocrx_word' id='word_1_112' title='bbox 442 1170 540 1208; x_wconf 88' lang='lat' dir='ltr'>alios</span> <span class='ocrx_word' id='word_1_113' title='bbox 560 1169 759 1222; x_wconf 77' lang='lat' dir='ltr'>pecuniae,</span> <span class='ocrx_word' id='word_1_114' title='bbox 777 1181 888 1208; x_wconf 88' lang='lat' dir='ltr'>raros</span> <span class='ocrx_word' id='word_1_115' title='bbox 908 1180 993 1207; x_wconf 90' lang='lat' dir='ltr'>esse</span> <span class='ocrx_word' id='word_1_116' title='bbox 1013 1166 1204 1219; x_wconf 91' lang='lat' dir='ltr'>quosdam</span> 
     </span>
     <span class='ocr_line' id='line_1_19' title="bbox 154 1227 1204 1283; baseline -0.006 -13"><span class='ocrx_word' id='word_1_117' title='bbox 154 1231 223 1283; x_wconf 92' lang='lat' dir='ltr'>qui</span> <span class='ocrx_word' id='word_1_118' title='bbox 255 1232 393 1269; x_wconf 90' lang='lat' dir='ltr'>ceteris</span> <span class='ocrx_word' id='word_1_119' title='bbox 438 1228 623 1268; x_wconf 92' lang='lat' dir='ltr'>omnibus</span> <span class='ocrx_word' id='word_1_120' title='bbox 653 1242 729 1282; x_wconf 89' lang='lat' dir='ltr'>pro</span> <span class='ocrx_word' id='word_1_121' title='bbox 753 1228 880 1267; x_wconf 87' lang='lat' dir='ltr'>nihilo</span> <span class='ocrx_word' id='word_1_122' title='bbox 903 1227 1049 1267; x_wconf 89' lang='lat' dir='ltr'>habitis</span> <span class='ocrx_word' id='word_1_123' title='bbox 1072 1239 1204 1266; x_wconf 90' lang='lat' dir='ltr'>rerum</span> 
     </span>
     <span class='ocr_line' id='line_1_20' title="bbox 155 1286 1206 1339; baseline -0.004 -11"><span class='ocrx_word' id='word_1_124' title='bbox 155 1298 335 1329; x_wconf 84' lang='lat' dir='ltr'>naturam</span> <span class='ocrx_word' id='word_1_125' title='bbox 358 1288 532 1327; x_wconf 89' lang='lat' dir='ltr'>studiose</span> <span class='ocrx_word' id='word_1_126' title='bbox 563 1287 918 1336; x_wconf 83' lang='lat' dir='ltr'>intuerentur;&#39;hos</span> <span class='ocrx_word' id='word_1_127' title='bbox 947 1299 989 1326; x_wconf 91' lang='lat' dir='ltr'>se</span> <span class='ocrx_word' id='word_1_128' title='bbox 1009 1286 1206 1339; x_wconf 89' lang='lat' dir='ltr'>appellare</span> 
     </span>
     <span class='ocr_line' id='line_1_21' title="bbox 153 1345 1208 1401; baseline -0.005 -13"><span class='ocrx_word' id='word_1_129' title='bbox 153 1348 352 1401; x_wconf 77' lang='lat' dir='ltr'>sapientiae</span> <span class='ocrx_word' id='word_1_130' title='bbox 371 1347 582 1398; x_wconf 83' lang='lat' dir='ltr'>studiosos,</span> <span class='ocrx_word' id='word_1_131' title='bbox 601 1347 643 1387; x_wconf 91' lang='lat' dir='ltr'>id</span> <span class='ocrx_word' id='word_1_132' title='bbox 660 1356 718 1387; x_wconf 91' lang='lat' dir='ltr'>est</span> <span class='ocrx_word' id='word_1_133' title='bbox 734 1347 839 1386; x_wconf 92' lang='lat' dir='ltr'>enim</span> <span class='ocrx_word' id='word_1_134' title='bbox 856 1345 1116 1399; x_wconf 88' lang='lat' dir='ltr'>philosophos</span> <span class='ocrx_word' id='word_1_135' title='bbox 1137 1359 1147 1383; x_wconf 89' lang='lat'>:</span> <span class='ocrx_word' id='word_1_136' title='bbox 1170 1353 1208 1384; x_wconf 91' lang='lat' dir='ltr'>et</span> 
     </span>
     <span class='ocr_line' id='line_1_22' title="bbox 154 1404 1206 1459; baseline -0.003 -13"><span class='ocrx_word' id='word_1_137' title='bbox 154 1417 198 1447; x_wconf 93' lang='lat' dir='ltr'>ut</span> <span class='ocrx_word' id='word_1_138' title='bbox 213 1407 296 1446; x_wconf 90' lang='lat' dir='ltr'>illic</span> <span class='ocrx_word' id='word_1_139' title='bbox 320 1407 641 1446; x_wconf 89' lang='lat' dir='ltr'>liberalissimum</span> <span class='ocrx_word' id='word_1_140' title='bbox 659 1415 782 1455; x_wconf 91' lang='lat' dir='ltr'>esset,</span> <span class='ocrx_word' id='word_1_141' title='bbox 802 1414 980 1459; x_wconf 88' lang='lat' dir='ltr'>spectare</span> <span class='ocrx_word' id='word_1_142' title='bbox 1005 1404 1105 1444; x_wconf 92' lang='lat' dir='ltr'>nihil</span> <span class='ocrx_word' id='word_1_143' title='bbox 1128 1404 1206 1443; x_wconf 89' lang='lat' dir='ltr'>sibi</span> 
     </span>
     <span class='ocr_line' id='line_1_23' title="bbox 155 1464 1207 1519; baseline -0.005 -12"><span class='ocrx_word' id='word_1_144' title='bbox 155 1467 444 1519; x_wconf 90' lang='lat' dir='ltr'>acquirentem,</span> <span class='ocrx_word' id='word_1_145' title='bbox 466 1467 522 1506; x_wconf 91' lang='lat' dir='ltr'>sic</span> <span class='ocrx_word' id='word_1_146' title='bbox 550 1467 592 1505; x_wconf 91' lang='lat' dir='ltr'>in</span> <span class='ocrx_word' id='word_1_147' title='bbox 623 1466 706 1505; x_wconf 83' lang='lat' dir='ltr'>vita</span> <span class='ocrx_word' id='word_1_148' title='bbox 725 1466 840 1517; x_wconf 88' lang='lat' dir='ltr'>longe</span> <span class='ocrx_word' id='word_1_149' title='bbox 858 1464 1044 1504; x_wconf 91' lang='lat' dir='ltr'>omnibus</span> <span class='ocrx_word' id='word_1_150' title='bbox 1066 1464 1207 1504; x_wconf 89' lang='lat' dir='ltr'>studiis</span> 
     </span>
     <span class='ocr_line' id='line_1_24' title="bbox 156 1525 1209 1579; baseline -0.004 -12"><span class='ocrx_word' id='word_1_151' title='bbox 156 1526 528 1579; x_wconf 90' lang='lat' dir='ltr'>contemplationem</span> <span class='ocrx_word' id='word_1_152' title='bbox 562 1539 694 1566; x_wconf 90' lang='lat' dir='ltr'>rerum</span> <span class='ocrx_word' id='word_1_153' title='bbox 730 1525 1072 1577; x_wconf 87' lang='lat' dir='ltr'>cognitionemque</span> <span class='ocrx_word' id='word_1_154' title='bbox 1110 1539 1209 1578; x_wconf 88' lang='lat' dir='ltr'>prae-</span> 
     </span>
     <span class='ocr_line' id='line_1_25' title="bbox 159 1585 1210 1636; baseline -0.003 -10"><span class='ocrx_word' id='word_1_155' title='bbox 159 1595 276 1626; x_wconf 89' lang='lat' dir='ltr'>stare.</span> <span class='ocrx_word' id='word_1_156' title='bbox 311 1602 328 1620; x_wconf 83' lang='lat'>»</span> <span class='ocrx_word' id='word_1_157' title='bbox 362 1585 408 1624; x_wconf 93' lang='lat' dir='ltr'>In</span> <span class='ocrx_word' id='word_1_158' title='bbox 434 1585 497 1625; x_wconf 90' lang='lat' dir='ltr'>his</span> <span class='ocrx_word' id='word_1_159' title='bbox 522 1595 648 1625; x_wconf 87' lang='lat' dir='ltr'>autem</span> <span class='ocrx_word' id='word_1_160' title='bbox 671 1585 952 1636; x_wconf 90' lang='lat' dir='ltr'>cognoscendis</span> <span class='ocrx_word' id='word_1_161' title='bbox 986 1585 1120 1624; x_wconf 85' lang='lat' dir='ltr'>varias</span> <span class='ocrx_word' id='word_1_162' title='bbox 1147 1585 1210 1623; x_wconf 90' lang='lat' dir='ltr'>in-</span> 
     </span>
     <span class='ocr_line' id='line_1_26' title="bbox 160 1645 1209 1699; baseline -0.004 -12"><span class='ocrx_word' id='word_1_163' title='bbox 160 1646 285 1699; x_wconf 85' lang='lat' dir='ltr'>gressi</span> <span class='ocrx_word' id='word_1_164' title='bbox 299 1654 390 1685; x_wconf 91' lang='lat' dir='ltr'>sunt</span> <span class='ocrx_word' id='word_1_165' title='bbox 402 1647 503 1686; x_wconf 87' lang='lat' dir='ltr'>vias.</span> <span class='ocrx_word' id='word_1_166' title='bbox 521 1646 600 1685; x_wconf 89' lang='lat' dir='ltr'>Alii</span> <span class='ocrx_word' id='word_1_167' title='bbox 615 1646 799 1685; x_wconf 87' lang='lat' dir='ltr'>videlicet</span> <span class='ocrx_word' id='word_1_168' title='bbox 812 1658 998 1685; x_wconf 91' lang='lat' dir='ltr'>sensuum</span> <span class='ocrx_word' id='word_1_169' title='bbox 1016 1658 1090 1697; x_wconf 86' lang='lat' dir='ltr'>ope</span> <span class='ocrx_word' id='word_1_170' title='bbox 1106 1645 1209 1695; x_wconf 87' lang='lat' dir='ltr'>freti,</span> 
     </span>
     <span class='ocr_line' id='line_1_27' title="bbox 156 1703 1213 1758; baseline -0.004 -13"><span class='ocrx_word' id='word_1_171' title='bbox 156 1719 244 1758; x_wconf 85' lang='lat' dir='ltr'>quae</span> <span class='ocrx_word' id='word_1_172' title='bbox 274 1708 366 1745; x_wconf 82' lang='lat' dir='ltr'>sunt</span> <span class='ocrx_word' id='word_1_173' title='bbox 388 1718 553 1757; x_wconf 87' lang='lat' dir='ltr'>quaeque</span> <span class='ocrx_word' id='word_1_174' title='bbox 595 1713 811 1744; x_wconf 89' lang='lat' dir='ltr'>cernuntur</span> <span class='ocrx_word' id='word_1_175' title='bbox 844 1705 978 1743; x_wconf 88' lang='lat' dir='ltr'>omnia</span> <span class='ocrx_word' id='word_1_176' title='bbox 1003 1703 1213 1755; x_wconf 86' lang='lat' dir='ltr'>exquirere</span> 
     </span>
     <span class='ocr_line' id='line_1_28' title="bbox 160 1764 1214 1813; baseline -0.003 -9"><span class='ocrx_word' id='word_1_177' title='bbox 160 1764 360 1804; x_wconf 88' lang='lat' dir='ltr'>tentabant</span> <span class='ocrx_word' id='word_1_178' title='bbox 373 1794 384 1813; x_wconf 90' lang='lat'><em>‚</em></span> <span class='ocrx_word' id='word_1_179' title='bbox 407 1766 476 1804; x_wconf 89' lang='lat' dir='ltr'>alii</span> <span class='ocrx_word' id='word_1_180' title='bbox 496 1765 630 1803; x_wconf 87' lang='lat' dir='ltr'>divino</span> <span class='ocrx_word' id='word_1_181' title='bbox 648 1765 780 1804; x_wconf 87' lang='lat' dir='ltr'>afflatu</span> <span class='ocrx_word' id='word_1_182' title='bbox 801 1764 982 1803; x_wconf 85' lang='lat' dir='ltr'>concitati</span> <span class='ocrx_word' id='word_1_183' title='bbox 1004 1772 1157 1802; x_wconf 89' lang='lat' dir='ltr'>retrusa</span> <span class='ocrx_word' id='word_1_184' title='bbox 1176 1772 1214 1802; x_wconf 90' lang='lat' dir='ltr'>et</span> 
     </span>
     <span class='ocr_line' id='line_1_29' title="bbox 162 1822 1210 1876; baseline -0.004 -12"><span class='ocrx_word' id='word_1_185' title='bbox 162 1825 295 1865; x_wconf 91' lang='lat' dir='ltr'>abdita</span> <span class='ocrx_word' id='word_1_186' title='bbox 320 1825 658 1876; x_wconf 86' lang='lat' dir='ltr'>persequebantur</span> <span class='ocrx_word' id='word_1_187' title='bbox 688 1838 731 1863; x_wconf 91' lang='lat' dir='ltr'>ac</span> <span class='ocrx_word' id='word_1_188' title='bbox 750 1824 860 1863; x_wconf 87' lang='lat' dir='ltr'>velut</span> <span class='ocrx_word' id='word_1_189' title='bbox 891 1823 1051 1862; x_wconf 88' lang='lat' dir='ltr'>oracula</span> <span class='ocrx_word' id='word_1_190' title='bbox 1071 1822 1210 1861; x_wconf 88' lang='lat' dir='ltr'>funde-</span> 
     </span>
     <span class='ocr_line' id='line_1_30' title="bbox 158 1881 1216 1935; baseline -0.005 -12"><span class='ocrx_word' id='word_1_191' title='bbox 158 1884 267 1923; x_wconf 89' lang='lat' dir='ltr'>bant.</span> <span class='ocrx_word' id='word_1_192' title='bbox 291 1883 356 1922; x_wconf 92' lang='lat' dir='ltr'>Sic</span> <span class='ocrx_word' id='word_1_193' title='bbox 381 1883 516 1935; x_wconf 89' lang='lat' dir='ltr'>plures</span> <span class='ocrx_word' id='word_1_194' title='bbox 538 1882 900 1935; x_wconf 89' lang='lat' dir='ltr'>philosophantium</span> <span class='ocrx_word' id='word_1_195' title='bbox 918 1882 1031 1934; x_wconf 86' lang='lat' dir='ltr'>quasi</span> <span class='ocrx_word' id='word_1_196' title='bbox 1057 1881 1216 1919; x_wconf 89' lang='lat' dir='ltr'>familiae</span> 
     </span>
     <span class='ocr_line' id='line_1_31' title="bbox 159 1939 1216 1993; baseline -0.002 -12"><span class='ocrx_word' id='word_1_197' title='bbox 159 1951 306 1982; x_wconf 83' lang='lat' dir='ltr'>exortae</span> <span class='ocrx_word' id='word_1_198' title='bbox 338 1951 428 1980; x_wconf 89' lang='lat' dir='ltr'>sunt</span> <span class='ocrx_word' id='word_1_199' title='bbox 464 1956 472 1980; x_wconf 74' lang='grc' dir='ltr'>ε</span> <span class='ocrx_word' id='word_1_200' title='bbox 507 1941 656 1989; x_wconf 83' lang='grc' dir='ltr'>Ιοηίοἰ,</span> <span class='ocrx_word' id='word_1_201' title='bbox 686 1941 949 1993; x_wconf 84' lang='lat' dir='ltr'>Pythagorei,</span> <span class='ocrx_word' id='word_1_202' title='bbox 986 1939 1165 1986; x_wconf 83' lang='lat' dir='ltr'>Eleatici,</span> <span class='ocrx_word' id='word_1_203' title='bbox 1193 1953 1216 1979; x_wconf 92' lang='lat' dir='ltr'>a</span> 
     </span>
     <span class='ocr_line' id='line_1_32' title="bbox 160 1998 1216 2054; baseline -0.005 -13"><span class='ocrx_word' id='word_1_204' title='bbox 160 2001 306 2054; x_wconf 91' lang='lat' dir='ltr'>quibus</span> <span class='ocrx_word' id='word_1_205' title='bbox 324 2001 586 2054; x_wconf 78' lang='lat' dir='ltr'>philosophiae</span> <span class='ocrx_word' id='word_1_206' title='bbox 604 2000 820 2052; x_wconf 72' lang='lat' dir='ltr'>jactasunt</span> <span class='ocrx_word' id='word_1_207' title='bbox 841 1999 1111 2040; x_wconf 82' lang='lat' dir='ltr'>fundamenta.</span> <span class='ocrx_word' id='word_1_208' title='bbox 1140 1998 1216 2037; x_wconf 89' lang='lat' dir='ltr'>Ne-</span> 
     </span>
     <span class='ocr_line' id='line_1_33' title="bbox 161 2059 1211 2114; baseline -0.005 -13"><span class='ocrx_word' id='word_1_209' title='bbox 161 2075 237 2114; x_wconf 91' lang='lat' dir='ltr'>que</span> <span class='ocrx_word' id='word_1_210' title='bbox 254 2074 351 2101; x_wconf 83' lang='lat' dir='ltr'>vero</span> <span class='ocrx_word' id='word_1_211' title='bbox 374 2061 537 2100; x_wconf 91' lang='lat' dir='ltr'>dubium</span> <span class='ocrx_word' id='word_1_212' title='bbox 556 2061 654 2112; x_wconf 86' lang='lat' dir='ltr'>quin</span> <span class='ocrx_word' id='word_1_213' title='bbox 669 2061 800 2099; x_wconf 83' lang='lat' dir='ltr'>multae</span> <span class='ocrx_word' id='word_1_214' title='bbox 820 2072 953 2111; x_wconf 89' lang='lat' dir='ltr'>eaeque</span> <span class='ocrx_word' id='word_1_215' title='bbox 969 2059 1211 2110; x_wconf 86' lang='lat' dir='ltr'>gravissimae</span> 
     </span>
     <span class='ocr_line' id='line_1_34' title="bbox 161 2119 1217 2173; baseline -0.005 -12"><span class='ocrx_word' id='word_1_216' title='bbox 161 2121 395 2173; x_wconf 88' lang='lat' dir='ltr'>quaestiones</span> <span class='ocrx_word' id='word_1_217' title='bbox 430 2121 604 2159; x_wconf 91' lang='lat' dir='ltr'>omnium</span> <span class='ocrx_word' id='word_1_218' title='bbox 637 2119 962 2173; x_wconf 90' lang='lat' dir='ltr'>philosophorum</span> <span class='ocrx_word' id='word_1_219' title='bbox 991 2130 1217 2156; x_wconf 86' lang='lat' dir='ltr'>communes</span> 
     </span>
     <span class='ocr_line' id='line_1_35' title="bbox 163 2176 1218 2228; baseline -0.006 -8"><span class='ocrx_word' id='word_1_220' title='bbox 163 2182 320 2221; x_wconf 86' lang='lat' dir='ltr'>suerint.</span> <span class='ocrx_word' id='word_1_221' title='bbox 347 2182 478 2228; x_wconf 86' lang='lat' dir='ltr'>Quare</span> <span class='ocrx_word' id='word_1_222' title='bbox 501 2180 795 2219; x_wconf 89' lang='lat' dir='ltr'>controversias</span> <span class='ocrx_word' id='word_1_223' title='bbox 823 2179 871 2217; x_wconf 91' lang='lat' dir='ltr'>de</span> <span class='ocrx_word' id='word_1_224' title='bbox 891 2177 1075 2216; x_wconf 85' lang='lat' dir='ltr'>maximis</span> <span class='ocrx_word' id='word_1_225' title='bbox 1101 2176 1218 2215; x_wconf 89' lang='lat' dir='ltr'>rebus</span> 
     </span>
     <span class='ocr_line' id='line_1_36' title="bbox 162 2236 1219 2291; baseline -0.007 -12"><span class='ocrx_word' id='word_1_226' title='bbox 162 2241 265 2280; x_wconf 86' lang='lat' dir='ltr'>inter</span> <span class='ocrx_word' id='word_1_227' title='bbox 282 2248 432 2279; x_wconf 82' lang='lat' dir='ltr'>veteres</span> <span class='ocrx_word' id='word_1_228' title='bbox 451 2239 545 2278; x_wconf 92' lang='lat' dir='ltr'>illos</span> <span class='ocrx_word' id='word_1_229' title='bbox 572 2248 678 2278; x_wconf 89' lang='lat' dir='ltr'>ortas</span> <span class='ocrx_word' id='word_1_230' title='bbox 698 2247 834 2291; x_wconf 85' lang='lat' dir='ltr'>postea</span> <span class='ocrx_word' id='word_1_231' title='bbox 854 2236 997 2276; x_wconf 88' lang='lat' dir='ltr'>summi</span> <span class='ocrx_word' id='word_1_232' title='bbox 1018 2236 1219 2287; x_wconf 74' lang='lat' dir='ltr'>sapientiae</span> 
     </span>
     <span class='ocr_line' id='line_1_37' title="bbox 168 2295 1219 2339; baseline -0.006 0"><span class='ocrx_word' id='word_1_233' title='bbox 168 2299 347 2339; x_wconf 91' lang='lat' dir='ltr'>doctores</span> <span class='ocrx_word' id='word_1_234' title='bbox 364 2300 541 2338; x_wconf 88' lang='lat' dir='ltr'>minuere</span> <span class='ocrx_word' id='word_1_235' title='bbox 562 2307 628 2338; x_wconf 91' lang='lat' dir='ltr'>aut</span> <span class='ocrx_word' id='word_1_236' title='bbox 656 2298 842 2337; x_wconf 86' lang='lat' dir='ltr'>dirimere</span> <span class='ocrx_word' id='word_1_237' title='bbox 870 2296 1116 2336; x_wconf 89' lang='lat' dir='ltr'>studuerunt.</span> <span class='ocrx_word' id='word_1_238' title='bbox 1144 2295 1219 2333; x_wconf 87' lang='lat' dir='ltr'>Sed</span> 
     </span>
     <span class='ocr_line' id='line_1_38' title="bbox 164 2354 1219 2404; baseline -0.007 -6"><span class='ocrx_word' id='word_1_239' title='bbox 164 2367 291 2398; x_wconf 88' lang='lat' dir='ltr'>tamen</span> <span class='ocrx_word' id='word_1_240' title='bbox 311 2359 353 2397; x_wconf 91' lang='lat' dir='ltr'>in</span> <span class='ocrx_word' id='word_1_241' title='bbox 373 2367 479 2397; x_wconf 90' lang='lat' dir='ltr'>tanto</span> <span class='ocrx_word' id='word_1_242' title='bbox 494 2358 637 2396; x_wconf 90' lang='lat' dir='ltr'>ardore</span> <span class='ocrx_word' id='word_1_243' title='bbox 660 2357 881 2396; x_wconf 89' lang='lat' dir='ltr'>animorum</span> <span class='ocrx_word' id='word_1_244' title='bbox 896 2385 906 2404; x_wconf 93' lang='lat'>,</span> <span class='ocrx_word' id='word_1_245' title='bbox 923 2363 1030 2393; x_wconf 88' lang='lat' dir='ltr'>tanta</span> <span class='ocrx_word' id='word_1_246' title='bbox 1046 2354 1219 2393; x_wconf 83' lang='lat' dir='ltr'>scientiae</span> 
     </span>
     <span class='ocr_line' id='line_1_39' title="bbox 166 2414 1223 2470; baseline -0.006 -13"><span class='ocrx_word' id='word_1_247' title='bbox 166 2418 397 2470; x_wconf 72' lang='lat' dir='ltr'>cupiditate,</span> <span class='ocrx_word' id='word_1_248' title='bbox 424 2426 499 2456; x_wconf 87' lang='lat' dir='ltr'>tam</span> <span class='ocrx_word' id='word_1_249' title='bbox 521 2417 724 2470; x_wconf 87' lang='lat' dir='ltr'>praeclaris</span> <span class='ocrx_word' id='word_1_250' title='bbox 749 2415 956 2468; x_wconf 87' lang='lat' dir='ltr'>praeceptis</span> <span class='ocrx_word' id='word_1_251' title='bbox 975 2414 1111 2466; x_wconf 90' lang='lat' dir='ltr'>paucis</span> <span class='ocrx_word' id='word_1_252' title='bbox 1132 2427 1223 2452; x_wconf 91' lang='lat' dir='ltr'>con-</span> 
     </span>
     <span class='ocr_line' id='line_1_40' title="bbox 167 2472 1221 2529; baseline -0.006 -13"><span class='ocrx_word' id='word_1_253' title='bbox 167 2477 252 2528; x_wconf 86' lang='lat' dir='ltr'>tigit</span> <span class='ocrx_word' id='word_1_254' title='bbox 271 2490 319 2516; x_wconf 82' lang='lat' dir='ltr'>ex</span> <span class='ocrx_word' id='word_1_255' title='bbox 344 2477 428 2516; x_wconf 90' lang='lat' dir='ltr'>illis</span> <span class='ocrx_word' id='word_1_256' title='bbox 446 2476 710 2529; x_wconf 89' lang='lat' dir='ltr'>philosophiae</span> <span class='ocrx_word' id='word_1_257' title='bbox 739 2473 1012 2514; x_wconf 90' lang='lat' dir='ltr'>conditoribus</span> <span class='ocrx_word' id='word_1_258' title='bbox 1029 2501 1040 2521; x_wconf 94' lang='lat'>,</span> <span class='ocrx_word' id='word_1_259' title='bbox 1063 2481 1107 2511; x_wconf 90' lang='lat' dir='ltr'>ut</span> <span class='ocrx_word' id='word_1_260' title='bbox 1134 2472 1221 2524; x_wconf 87' lang='lat' dir='ltr'>phi-</span> 
     </span>
     <span class='ocr_line' id='line_1_41' title="bbox 167 2531 1219 2588; baseline -0.005 -14"><span class='ocrx_word' id='word_1_261' title='bbox 167 2535 323 2588; x_wconf 88' lang='lat' dir='ltr'>losophi</span> <span class='ocrx_word' id='word_1_262' title='bbox 340 2535 472 2587; x_wconf 88' lang='lat' dir='ltr'>potius</span> <span class='ocrx_word' id='word_1_263' title='bbox 492 2549 608 2587; x_wconf 88' lang='lat' dir='ltr'>quam</span> <span class='ocrx_word' id='word_1_264' title='bbox 627 2543 753 2586; x_wconf 84' lang='lat' dir='ltr'>poetae</span> <span class='ocrx_word' id='word_1_265' title='bbox 778 2541 922 2573; x_wconf 90' lang='lat' dir='ltr'>essent.</span> <span class='ocrx_word' id='word_1_266' title='bbox 944 2531 978 2570; x_wconf 89' lang='grc' dir='ltr'><strong>Τ</strong></span> <span class='ocrx_word' id='word_1_267' title='bbox 981 2540 1082 2571; x_wconf 87' lang='lat' dir='ltr'>estes</span> <span class='ocrx_word' id='word_1_268' title='bbox 1107 2539 1219 2579; x_wconf 91' lang='lat' dir='ltr'>sunt,</span> 
     </span>
     <span class='ocr_line' id='line_1_42' title="bbox 168 2589 1222 2646; baseline -0.007 -12"><span class='ocrx_word' id='word_1_269' title='bbox 168 2603 211 2634; x_wconf 96' lang='lat' dir='ltr'>ut</span> <span class='ocrx_word' id='word_1_270' title='bbox 230 2608 352 2634; x_wconf 89' lang='lat' dir='ltr'>unum</span> <span class='ocrx_word' id='word_1_271' title='bbox 381 2602 498 2646; x_wconf 88' lang='lat' dir='ltr'>caput</span> <span class='ocrx_word' id='word_1_272' title='bbox 527 2605 851 2640; x_wconf 90' lang='lat' dir='ltr'>commemorem,</span> <span class='ocrx_word' id='word_1_273' title='bbox 875 2589 1140 2640; x_wconf 88' lang='lat' dir='ltr'>cosmogoniae</span> <span class='ocrx_word' id='word_1_274' title='bbox 1173 2591 1222 2628; x_wconf 92' lang='lat' dir='ltr'>ad</span> 
     </span>
     <span class='ocr_line' id='line_1_43' title="bbox 169 2649 1222 2707; baseline -0.007 -13"><span class='ocrx_word' id='word_1_275' title='bbox 169 2655 391 2707; x_wconf 89' lang='lat' dir='ltr'>priscorum</span> <span class='ocrx_word' id='word_1_276' title='bbox 437 2662 571 2692; x_wconf 85' lang='lat' dir='ltr'>vatum</span> <span class='ocrx_word' id='word_1_277' title='bbox 609 2665 788 2692; x_wconf 88' lang='lat' dir='ltr'>normam</span> <span class='ocrx_word' id='word_1_278' title='bbox 823 2660 890 2690; x_wconf 90' lang='lat' dir='ltr'>aut</span> <span class='ocrx_word' id='word_1_279' title='bbox 934 2650 1069 2702; x_wconf 90' lang='lat' dir='ltr'>paullo</span> <span class='ocrx_word' id='word_1_280' title='bbox 1108 2649 1222 2688; x_wconf 91' lang='lat' dir='ltr'>aliter</span> 
     </span>
     <span class='ocr_line' id='line_1_44' title="bbox 170 2708 1219 2765; baseline -0.004 -13"><span class='ocrx_word' id='word_1_281' title='bbox 170 2714 268 2752; x_wconf 89' lang='lat' dir='ltr'>fictae</span> <span class='ocrx_word' id='word_1_282' title='bbox 282 2743 293 2764; x_wconf 90' lang='lat'>,</span> <span class='ocrx_word' id='word_1_283' title='bbox 314 2712 459 2765; x_wconf 90' lang='lat' dir='ltr'>quibus</span> <span class='ocrx_word' id='word_1_284' title='bbox 486 2712 725 2751; x_wconf 87' lang='lat' dir='ltr'>delectamur</span> <span class='ocrx_word' id='word_1_285' title='bbox 742 2710 866 2761; x_wconf 89' lang='lat' dir='ltr'>magis</span> <span class='ocrx_word' id='word_1_286' title='bbox 884 2722 1001 2761; x_wconf 87' lang='lat' dir='ltr'>quam</span> <span class='ocrx_word' id='word_1_287' title='bbox 1018 2708 1219 2748; x_wconf 89' lang='lat' dir='ltr'>docemur.</span> 
     </span>
     <span class='ocr_line' id='line_1_45' title="bbox 171 2767 1225 2824; baseline -0.006 -12"><span class='ocrx_word' id='word_1_288' title='bbox 171 2773 266 2812; x_wconf 88' lang='lat' dir='ltr'>Nam</span> <span class='ocrx_word' id='word_1_289' title='bbox 287 2785 409 2824; x_wconf 89' lang='lat' dir='ltr'>quum</span> <span class='ocrx_word' id='word_1_290' title='bbox 430 2771 541 2810; x_wconf 89' lang='lat' dir='ltr'>nullo</span> <span class='ocrx_word' id='word_1_291' title='bbox 565 2784 696 2809; x_wconf 77' lang='lat' dir='ltr'>nerum</span> <span class='ocrx_word' id='word_1_292' title='bbox 716 2782 790 2809; x_wconf 92' lang='lat' dir='ltr'>usu</span> <span class='ocrx_word' id='word_1_293' title='bbox 811 2769 997 2819; x_wconf 88' lang='lat' dir='ltr'>nullaque</span> <span class='ocrx_word' id='word_1_294' title='bbox 1019 2767 1225 2820; x_wconf 88' lang='lat' dir='ltr'>experien-</span> 
     </span>
     <span class='ocr_line' id='line_1_46' title="bbox 172 2827 1225 2881; baseline -0.005 -12"><span class='ocrx_word' id='word_1_295' title='bbox 172 2832 226 2871; x_wconf 90' lang='lat' dir='ltr'>tia</span> <span class='ocrx_word' id='word_1_296' title='bbox 245 2831 386 2871; x_wconf 89' lang='lat' dir='ltr'>imbuti</span> <span class='ocrx_word' id='word_1_297' title='bbox 403 2838 532 2869; x_wconf 90' lang='lat' dir='ltr'>essent</span> <span class='ocrx_word' id='word_1_298' title='bbox 550 2838 665 2881; x_wconf 87' lang='lat' dir='ltr'>atque</span> <span class='ocrx_word' id='word_1_299' title='bbox 687 2828 794 2867; x_wconf 91' lang='lat' dir='ltr'>omni</span> <span class='ocrx_word' id='word_1_300' title='bbox 817 2827 1059 2880; x_wconf 89' lang='lat' dir='ltr'>supellectile</span> <span class='ocrx_word' id='word_1_301' title='bbox 1074 2835 1156 2865; x_wconf 92' lang='lat' dir='ltr'>tum</span> <span class='ocrx_word' id='word_1_302' title='bbox 1177 2827 1225 2865; x_wconf 89' lang='lat' dir='ltr'>ad</span> 
     </span>
     <span class='ocr_line' id='line_1_47' title="bbox 173 2885 1224 2936; baseline -0.005 -8"><span class='ocrx_word' id='word_1_303' title='bbox 173 2888 438 2929; x_wconf 85' lang='lat' dir='ltr'>observandos</span> <span class='ocrx_word' id='word_1_304' title='bbox 470 2888 642 2927; x_wconf 89' lang='lat' dir='ltr'>siderum</span> <span class='ocrx_word' id='word_1_305' title='bbox 666 2896 816 2936; x_wconf 89' lang='lat' dir='ltr'>motus,</span> <span class='ocrx_word' id='word_1_306' title='bbox 842 2895 924 2925; x_wconf 90' lang='lat' dir='ltr'>tum</span> <span class='ocrx_word' id='word_1_307' title='bbox 949 2885 998 2925; x_wconf 90' lang='lat' dir='ltr'>ad</span> <span class='ocrx_word' id='word_1_308' title='bbox 1024 2886 1224 2924; x_wconf 89' lang='lat' dir='ltr'>illustran-</span> 
     </span>
     <span class='ocr_line' id='line_1_48' title="bbox 175 2946 1224 2987; baseline -0.003 -1"><span class='ocrx_word' id='word_1_309' title='bbox 175 2947 264 2987; x_wconf 90' lang='lat' dir='ltr'>dam</span> <span class='ocrx_word' id='word_1_310' title='bbox 294 2956 441 2987; x_wconf 89' lang='lat' dir='ltr'>naturae</span> <span class='ocrx_word' id='word_1_311' title='bbox 463 2947 740 2986; x_wconf 87' lang='lat' dir='ltr'>obscuritatem</span> <span class='ocrx_word' id='word_1_312' title='bbox 771 2946 989 2985; x_wconf 85' lang='lat' dir='ltr'>necessaria</span> <span class='ocrx_word' id='word_1_313' title='bbox 1017 2953 1193 2984; x_wconf 87' lang='lat' dir='ltr'>carerent</span> <span class='ocrx_word' id='word_1_314' title='bbox 1215 2959 1224 2983; x_wconf 67' lang='grc' dir='ltr'><strong><em>ε</em></strong></span> 
     </span>
     <span class='ocr_line' id='line_1_49' title="bbox 176 3005 1230 3059; baseline -0.003 -13"><span class='ocrx_word' id='word_1_315' title='bbox 176 3020 418 3059; x_wconf 90' lang='lat' dir='ltr'>quaecunque</span> <span class='ocrx_word' id='word_1_316' title='bbox 433 3006 680 3057; x_wconf 85' lang='lat' dir='ltr'>ignorabant,</span> <span class='ocrx_word' id='word_1_317' title='bbox 698 3006 880 3058; x_wconf 86' lang='lat' dir='ltr'>fingendo</span> <span class='ocrx_word' id='word_1_318' title='bbox 898 3005 1082 3058; x_wconf 90' lang='lat' dir='ltr'>supplere</span> <span class='ocrx_word' id='word_1_319' title='bbox 1099 3018 1230 3056; x_wconf 87' lang='lat' dir='ltr'>aggre-</span> 
     </span>
     <span class='ocr_line' id='line_1_50' title="bbox 177 3065 1227 3119; baseline -0.003 -13"><span class='ocrx_word' id='word_1_320' title='bbox 177 3066 400 3106; x_wconf 81' lang='lat' dir='ltr'>diebantur.</span> <span class='ocrx_word' id='word_1_321' title='bbox 450 3066 583 3118; x_wconf 88' lang='lat' dir='ltr'>Neque</span> <span class='ocrx_word' id='word_1_322' title='bbox 616 3075 744 3105; x_wconf 87' lang='lat' dir='ltr'>tamen</span> <span class='ocrx_word' id='word_1_323' title='bbox 776 3075 983 3119; x_wconf 86' lang='lat' dir='ltr'>propterea</span> <span class='ocrx_word' id='word_1_324' title='bbox 1020 3065 1227 3117; x_wconf 89' lang='lat' dir='ltr'>quisquam</span> 
     </span>
     <span class='ocr_line' id='line_1_51' title="bbox 178 3126 1229 3178; baseline -0.001 -13"><span class='ocrx_word' id='word_1_325' title='bbox 178 3135 346 3165; x_wconf 89' lang='lat' dir='ltr'>veterem</span> <span class='ocrx_word' id='word_1_326' title='bbox 370 3126 477 3165; x_wconf 90' lang='lat' dir='ltr'>illam</span> <span class='ocrx_word' id='word_1_327' title='bbox 502 3140 588 3178; x_wconf 86' lang='lat' dir='ltr'>quae</span> <span class='ocrx_word' id='word_1_328' title='bbox 611 3136 699 3166; x_wconf 91' lang='lat' dir='ltr'>ante</span> <span class='ocrx_word' id='word_1_329' title='bbox 718 3127 887 3166; x_wconf 89' lang='lat' dir='ltr'>Socratis</span> <span class='ocrx_word' id='word_1_330' title='bbox 908 3135 1056 3165; x_wconf 89' lang='lat' dir='ltr'>aetatem</span> <span class='ocrx_word' id='word_1_331' title='bbox 1077 3126 1150 3164; x_wconf 90' lang='lat' dir='ltr'>fuit</span> <span class='ocrx_word' id='word_1_332' title='bbox 1168 3139 1229 3165; x_wconf 85' lang='lat' dir='ltr'>sa-</span> 
     </span>
     <span class='ocr_line' id='line_1_52' title="bbox 179 3185 1231 3238; baseline 0.001 -14"><span class='ocrx_word' id='word_1_333' title='bbox 179 3185 368 3237; x_wconf 85' lang='lat' dir='ltr'>pientiam</span> <span class='ocrx_word' id='word_1_334' title='bbox 390 3194 637 3225; x_wconf 86' lang='lat' dir='ltr'>contemnere</span> <span class='ocrx_word' id='word_1_335' title='bbox 659 3187 809 3226; x_wconf 88' lang='lat' dir='ltr'>audeat.</span> <span class='ocrx_word' id='word_1_336' title='bbox 845 3187 918 3225; x_wconf 83' lang='lat' dir='ltr'>Hic</span> <span class='ocrx_word' id='word_1_337' title='bbox 946 3186 1050 3225; x_wconf 91' lang='lat' dir='ltr'>enim</span> <span class='ocrx_word' id='word_1_338' title='bbox 1079 3186 1231 3238; x_wconf 88' lang='lat' dir='ltr'>primus</span> 
     </span>
     <span class='ocr_line' id='line_1_53' title="bbox 181 3245 1232 3296; baseline 0 -13"><span class='ocrx_word' id='word_1_339' title='bbox 181 3245 379 3296; x_wconf 79' lang='lat' dir='ltr'>sapientiae</span> <span class='ocrx_word' id='word_1_340' title='bbox 399 3245 570 3284; x_wconf 90' lang='lat' dir='ltr'>studium</span> <span class='ocrx_word' id='word_1_341' title='bbox 585 3274 596 3293; x_wconf 94' lang='lat'>‚</span> <span class='ocrx_word' id='word_1_342' title='bbox 612 3254 654 3284; x_wconf 90' lang='lat' dir='ltr'>ut</span> <span class='ocrx_word' id='word_1_343' title='bbox 671 3259 806 3285; x_wconf 91' lang='lat' dir='ltr'>omnes</span> <span class='ocrx_word' id='word_1_344' title='bbox 821 3246 1071 3293; x_wconf 85' lang='lat' dir='ltr'>confitentur,</span> <span class='ocrx_word' id='word_1_345' title='bbox 1093 3258 1114 3283; x_wconf 90' lang='lat' dir='ltr'>e</span> <span class='ocrx_word' id='word_1_346' title='bbox 1132 3245 1232 3283; x_wconf 89' lang='lat' dir='ltr'>coelo</span> 
     </span>
     <span class='ocr_line' id='line_1_54' title="bbox 182 3302 1231 3356; baseline 0.001 -15"><span class='ocrx_word' id='word_1_347' title='bbox 182 3302 390 3341; x_wconf 88' lang='lat' dir='ltr'>devocavit</span> <span class='ocrx_word' id='word_1_348' title='bbox 411 3312 449 3342; x_wconf 89' lang='lat' dir='ltr'>et</span> <span class='ocrx_word' id='word_1_349' title='bbox 469 3304 512 3342; x_wconf 92' lang='lat' dir='ltr'>in</span> <span class='ocrx_word' id='word_1_350' title='bbox 542 3303 711 3344; x_wconf 89' lang='lat' dir='ltr'>urbibus</span> <span class='ocrx_word' id='word_1_351' title='bbox 734 3305 945 3344; x_wconf 88' lang='lat' dir='ltr'>collocavit</span> <span class='ocrx_word' id='word_1_352' title='bbox 965 3313 1081 3356; x_wconf 86' lang='lat' dir='ltr'>atque</span> <span class='ocrx_word' id='word_1_353' title='bbox 1101 3304 1141 3342; x_wconf 90' lang='lat' dir='ltr'>in</span> <span class='ocrx_word' id='word_1_354' title='bbox 1162 3305 1231 3342; x_wconf 86' lang='lat' dir='ltr'>‹lo-</span> 
     </span>
    </p>
   </div>
   <div class='ocr_carea' id='block_1_6' title="bbox 1256 394 2346 3361">
    <p class='ocr_par' dir='ltr' id='par_1_6' title="bbox 1256 394 2346 3361">
     <span class='ocr_line' id='line_1_55' title="bbox 1257 394 2310 449; baseline 0.002 -14"><span class='ocrx_word' id='word_1_355' title='bbox 1257 395 1549 449; x_wconf 87' lang='lat' dir='ltr'>philosophiam</span> <span class='ocrx_word' id='word_1_356' title='bbox 1571 408 1594 433; x_wconf 90' lang='lat' dir='ltr'>a</span> <span class='ocrx_word' id='word_1_357' title='bbox 1624 394 1837 434; x_wconf 86' lang='lat' dir='ltr'>latentibus</span> <span class='ocrx_word' id='word_1_358' title='bbox 1855 408 1987 434; x_wconf 90' lang='lat' dir='ltr'>rerum</span> <span class='ocrx_word' id='word_1_359' title='bbox 2014 396 2143 435; x_wconf 90' lang='lat' dir='ltr'>causis</span> <span class='ocrx_word' id='word_1_360' title='bbox 2171 398 2310 449; x_wconf 89' lang='lat' dir='ltr'>anqui-</span> 
     </span>
     <span class='ocr_line' id='line_1_56' title="bbox 1256 454 2310 506; baseline 0.001 -12"><span class='ocrx_word' id='word_1_361' title='bbox 1256 455 1389 494; x_wconf 90' lang='lat' dir='ltr'>rendis</span> <span class='ocrx_word' id='word_1_362' title='bbox 1430 455 1610 494; x_wconf 86' lang='lat' dir='ltr'>avocavit</span> <span class='ocrx_word' id='word_1_363' title='bbox 1655 463 1770 506; x_wconf 91' lang='lat' dir='ltr'>atque</span> <span class='ocrx_word' id='word_1_364' title='bbox 1808 455 1858 492; x_wconf 90' lang='lat' dir='ltr'>ad</span> <span class='ocrx_word' id='word_1_365' title='bbox 1895 454 2018 493; x_wconf 88' lang='lat' dir='ltr'>vitam</span> <span class='ocrx_word' id='word_1_366' title='bbox 2065 468 2310 495; x_wconf 86' lang='lat' dir='ltr'>communem</span> 
     </span>
     <span class='ocr_line' id='line_1_57' title="bbox 1258 513 2313 567; baseline 0.002 -14"><span class='ocrx_word' id='word_1_367' title='bbox 1258 514 1442 553; x_wconf 82' lang='lat' dir='ltr'>traduxit.</span> <span class='ocrx_word' id='word_1_368' title='bbox 1483 513 1607 565; x_wconf 90' lang='lat' dir='ltr'>Cujus</span> <span class='ocrx_word' id='word_1_369' title='bbox 1638 513 1788 564; x_wconf 88' lang='lat' dir='ltr'>ingenii</span> <span class='ocrx_word' id='word_1_370' title='bbox 1819 513 2069 564; x_wconf 87' lang='lat' dir='ltr'>magnitudo,</span> <span class='ocrx_word' id='word_1_371' title='bbox 2106 515 2313 567; x_wconf 78' lang='lat' dir='ltr'>multiplex</span> 
     </span>
     <span class='ocr_line' id='line_1_58' title="bbox 1259 572 2312 624; baseline 0.001 -12"><span class='ocrx_word' id='word_1_372' title='bbox 1259 574 1361 612; x_wconf 91' lang='lat' dir='ltr'>ratio</span> <span class='ocrx_word' id='word_1_373' title='bbox 1397 573 1616 612; x_wconf 88' lang='lat' dir='ltr'>disserendi</span> <span class='ocrx_word' id='word_1_374' title='bbox 1651 585 1860 624; x_wconf 86' lang='lat' dir='ltr'>rerumque</span> <span class='ocrx_word' id='word_1_375' title='bbox 1895 572 2009 624; x_wconf 86' lang='lat' dir='ltr'>copia</span> <span class='ocrx_word' id='word_1_376' title='bbox 2043 581 2081 611; x_wconf 90' lang='lat' dir='ltr'>et</span> <span class='ocrx_word' id='word_1_377' title='bbox 2120 573 2312 621; x_wconf 87' lang='lat' dir='ltr'>varietas,</span> 
     </span>
     <span class='ocr_line' id='line_1_59' title="bbox 1258 631 2315 685; baseline 0 -13"><span class='ocrx_word' id='word_1_378' title='bbox 1258 646 1421 684; x_wconf 88' lang='lat' dir='ltr'>quarum</span> <span class='ocrx_word' id='word_1_379' title='bbox 1443 633 1527 671; x_wconf 86' lang='lat' dir='ltr'>aliae</span> <span class='ocrx_word' id='word_1_380' title='bbox 1552 633 1641 672; x_wconf 87' lang='lat' dir='ltr'>aliis</span> <span class='ocrx_word' id='word_1_381' title='bbox 1668 631 1891 685; x_wconf 89' lang='lat' dir='ltr'>placebant,</span> <span class='ocrx_word' id='word_1_382' title='bbox 1922 634 2036 683; x_wconf 90' lang='lat' dir='ltr'>plura</span> <span class='ocrx_word' id='word_1_383' title='bbox 2065 633 2219 685; x_wconf 87' lang='lat' dir='ltr'>peperit</span> <span class='ocrx_word' id='word_1_384' title='bbox 2248 646 2315 684; x_wconf 87' lang='lat' dir='ltr'>ge-</span> 
     </span>
     <span class='ocr_line' id='line_1_60' title="bbox 1259 691 2315 744; baseline -0.001 -12"><span class='ocrx_word' id='word_1_385' title='bbox 1259 706 1353 732; x_wconf 90' lang='lat' dir='ltr'>nera</span> <span class='ocrx_word' id='word_1_386' title='bbox 1402 693 1715 732; x_wconf 80' lang='lat' dir='ltr'>dissentientium</span> <span class='ocrx_word' id='word_1_387' title='bbox 1757 691 2096 744; x_wconf 88' lang='lat' dir='ltr'>philosophorum.</span> <span class='ocrx_word' id='word_1_388' title='bbox 2163 691 2315 731; x_wconf 86' lang='lat' dir='ltr'>Etenim</span> 
     </span>
     <span class='ocr_line' id='line_1_61' title="bbox 1259 751 2319 805; baseline 0 -14"><span class='ocrx_word' id='word_1_389' title='bbox 1259 762 1399 805; x_wconf 88' lang='lat' dir='ltr'>praeter</span> <span class='ocrx_word' id='word_1_390' title='bbox 1423 753 1622 791; x_wconf 91' lang='lat' dir='ltr'>Platonem</span> <span class='ocrx_word' id='word_1_391' title='bbox 1650 761 1688 791; x_wconf 92' lang='lat' dir='ltr'>et</span> <span class='ocrx_word' id='word_1_392' title='bbox 1714 751 2012 804; x_wconf 91' lang='lat' dir='ltr'>Xenophontem</span> <span class='ocrx_word' id='word_1_393' title='bbox 2042 751 2111 803; x_wconf 86' lang='lat' dir='ltr'>qui</span> <span class='ocrx_word' id='word_1_394' title='bbox 2142 752 2319 802; x_wconf 88' lang='lat' dir='ltr'>egregias</span> 
     </span>
     <span class='ocr_line' id='line_1_62' title="bbox 1259 810 2320 864; baseline -0.001 -14"><span class='ocrx_word' id='word_1_395' title='bbox 1259 812 1344 863; x_wconf 87' lang='lat' dir='ltr'>ejus</span> <span class='ocrx_word' id='word_1_396' title='bbox 1366 812 1650 864; x_wconf 89' lang='lat' dir='ltr'>disputationes</span> <span class='ocrx_word' id='word_1_397' title='bbox 1677 820 1716 850; x_wconf 91' lang='lat' dir='ltr'>et</span> <span class='ocrx_word' id='word_1_398' title='bbox 1742 811 1843 850; x_wconf 91' lang='lat' dir='ltr'>dicta</span> <span class='ocrx_word' id='word_1_399' title='bbox 1870 810 2145 850; x_wconf 89' lang='lat' dir='ltr'>memorabilia</span> <span class='ocrx_word' id='word_1_400' title='bbox 2175 810 2320 849; x_wconf 88' lang='lat' dir='ltr'>litteris</span> 
     </span>
     <span class='ocr_line' id='line_1_63' title="bbox 1260 871 2318 924; baseline 0.001 -14"><span class='ocrx_word' id='word_1_401' title='bbox 1260 872 1562 922; x_wconf 82' lang='lat' dir='ltr'>consignarunt,</span> <span class='ocrx_word' id='word_1_402' title='bbox 1599 871 1712 910; x_wconf 91' lang='lat' dir='ltr'>multi</span> <span class='ocrx_word' id='word_1_403' title='bbox 1746 871 1795 909; x_wconf 90' lang='lat' dir='ltr'>ab</span> <span class='ocrx_word' id='word_1_404' title='bbox 1833 884 1879 910; x_wconf 90' lang='lat' dir='ltr'>eo</span> <span class='ocrx_word' id='word_1_405' title='bbox 1913 871 2078 924; x_wconf 85' lang='lat' dir='ltr'>profecti</span> <span class='ocrx_word' id='word_1_406' title='bbox 2112 880 2203 909; x_wconf 93' lang='lat' dir='ltr'>sunt</span> <span class='ocrx_word' id='word_1_407' title='bbox 2236 871 2318 911; x_wconf 88' lang='lat' dir='ltr'>alii.</span> 
     </span>
     <span class='ocr_line' id='line_1_64' title="bbox 1261 930 2321 985; baseline -0.001 -15"><span class='ocrx_word' id='word_1_408' title='bbox 1261 932 1317 970; x_wconf 87' lang='lat' dir='ltr'>Ac</span> <span class='ocrx_word' id='word_1_409' title='bbox 1345 931 1395 985; x_wconf 88' lang='grc'>(8)</span> <span class='ocrx_word' id='word_1_410' title='bbox 1415 931 1546 984; x_wconf 90' lang='lat' dir='ltr'>primo</span> <span class='ocrx_word' id='word_1_411' title='bbox 1571 930 1620 970; x_wconf 91' lang='lat' dir='ltr'>ab</span> <span class='ocrx_word' id='word_1_412' title='bbox 1643 931 1730 983; x_wconf 91' lang='lat' dir='ltr'>ipso</span> <span class='ocrx_word' id='word_1_413' title='bbox 1750 931 1912 969; x_wconf 91' lang='lat' dir='ltr'>Platone</span> <span class='ocrx_word' id='word_1_414' title='bbox 1932 930 2160 970; x_wconf 89' lang='lat' dir='ltr'>Aristoteles</span> <span class='ocrx_word' id='word_1_415' title='bbox 2187 939 2225 969; x_wconf 94' lang='lat' dir='ltr'>et</span> <span class='ocrx_word' id='word_1_416' title='bbox 2242 930 2321 969; x_wconf 91' lang='lat' dir='ltr'>Xe-</span> 
     </span>
     <span class='ocr_line' id='line_1_65' title="bbox 1262 990 2320 1043; baseline -0.001 -14"><span class='ocrx_word' id='word_1_417' title='bbox 1262 999 1460 1039; x_wconf 88' lang='lat' dir='ltr'>nocrates;</span> <span class='ocrx_word' id='word_1_418' title='bbox 1484 1004 1650 1042; x_wconf 92' lang='lat' dir='ltr'>quorum</span> <span class='ocrx_word' id='word_1_419' title='bbox 1689 991 1785 1028; x_wconf 90' lang='lat' dir='ltr'>alter</span> <span class='ocrx_word' id='word_1_420' title='bbox 1823 990 2197 1043; x_wconf 90' lang='lat' dir='ltr'>Peripateticorum,</span> <span class='ocrx_word' id='word_1_421' title='bbox 2221 991 2320 1029; x_wconf 86' lang='lat' dir='ltr'>alter</span> 
     </span>
     <span class='ocr_line' id='line_1_66' title="bbox 1263 1049 2320 1098; baseline -0.001 -9"><span class='ocrx_word' id='word_1_422' title='bbox 1263 1051 1483 1089; x_wconf 83' lang='lat' dir='ltr'>Academiae</span> <span class='ocrx_word' id='word_1_423' title='bbox 1497 1064 1638 1089; x_wconf 90' lang='lat' dir='ltr'>nomen</span> <span class='ocrx_word' id='word_1_424' title='bbox 1658 1049 1829 1089; x_wconf 87' lang='lat' dir='ltr'>obtinuit</span> <span class='ocrx_word' id='word_1_425' title='bbox 1842 1065 1853 1098; x_wconf 92' lang='lat'>;</span> <span class='ocrx_word' id='word_1_426' title='bbox 1871 1050 2012 1089; x_wconf 90' lang='lat' dir='ltr'>deinde</span> <span class='ocrx_word' id='word_1_427' title='bbox 2028 1052 2076 1088; x_wconf 91' lang='lat' dir='ltr'>ab</span> <span class='ocrx_word' id='word_1_428' title='bbox 2090 1049 2320 1088; x_wconf 86' lang='lat' dir='ltr'>Antisthene</span> 
     </span>
     <span class='ocr_line' id='line_1_67' title="bbox 1264 1109 2322 1163; baseline -0.002 -14"><span class='ocrx_word' id='word_1_429' title='bbox 1264 1110 1333 1162; x_wconf 89' lang='lat' dir='ltr'>qui</span> <span class='ocrx_word' id='word_1_430' title='bbox 1363 1111 1590 1163; x_wconf 91' lang='lat' dir='ltr'>patientiam</span> <span class='ocrx_word' id='word_1_431' title='bbox 1629 1118 1668 1148; x_wconf 90' lang='lat' dir='ltr'>et</span> <span class='ocrx_word' id='word_1_432' title='bbox 1706 1109 1892 1148; x_wconf 90' lang='lat' dir='ltr'>duritiam</span> <span class='ocrx_word' id='word_1_433' title='bbox 1927 1109 1970 1148; x_wconf 89' lang='lat' dir='ltr'>in</span> <span class='ocrx_word' id='word_1_434' title='bbox 2006 1109 2204 1148; x_wconf 88' lang='lat' dir='ltr'>Socratico</span> <span class='ocrx_word' id='word_1_435' title='bbox 2239 1122 2322 1147; x_wconf 90' lang='lat' dir='ltr'>ser-</span> 
     </span>
     <span class='ocr_line' id='line_1_68' title="bbox 1264 1169 2323 1221; baseline -0.001 -13"><span class='ocrx_word' id='word_1_436' title='bbox 1264 1182 1380 1208; x_wconf 89' lang='lat' dir='ltr'>mone</span> <span class='ocrx_word' id='word_1_437' title='bbox 1405 1172 1572 1208; x_wconf 88' lang='lat' dir='ltr'>maxime</span> <span class='ocrx_word' id='word_1_438' title='bbox 1591 1169 1788 1209; x_wconf 90' lang='lat' dir='ltr'>adamarat</span> <span class='ocrx_word' id='word_1_439' title='bbox 1801 1198 1812 1218; x_wconf 96' lang='lat'>,</span> <span class='ocrx_word' id='word_1_440' title='bbox 1833 1169 1973 1221; x_wconf 83' lang='lat' dir='ltr'>Cynici</span> <span class='ocrx_word' id='word_1_441' title='bbox 1993 1171 2165 1221; x_wconf 88' lang='lat' dir='ltr'>primum</span> <span class='ocrx_word' id='word_1_442' title='bbox 2181 1199 2193 1218; x_wconf 96' lang='lat'>,</span> <span class='ocrx_word' id='word_1_443' title='bbox 2215 1169 2323 1207; x_wconf 89' lang='lat' dir='ltr'>dein-</span> 
     </span>
     <span class='ocr_line' id='line_1_69' title="bbox 1265 1229 2324 1282; baseline 0 -14"><span class='ocrx_word' id='word_1_444' title='bbox 1265 1229 1313 1268; x_wconf 88' lang='lat' dir='ltr'>de</span> <span class='ocrx_word' id='word_1_445' title='bbox 1345 1229 1491 1281; x_wconf 85' lang='lat' dir='ltr'>Stoici3</span> <span class='ocrx_word' id='word_1_446' title='bbox 1525 1239 1604 1269; x_wconf 89' lang='lat' dir='ltr'>tum</span> <span class='ocrx_word' id='word_1_447' title='bbox 1632 1229 1682 1269; x_wconf 90' lang='lat' dir='ltr'>ab</span> <span class='ocrx_word' id='word_1_448' title='bbox 1713 1229 1918 1281; x_wconf 85' lang='lat' dir='ltr'>Aristippo</span> <span class='ocrx_word' id='word_1_449' title='bbox 1945 1243 2063 1282; x_wconf 89' lang='lat' dir='ltr'>quem</span> <span class='ocrx_word' id='word_1_450' title='bbox 2091 1229 2170 1268; x_wconf 87' lang='lat' dir='ltr'>illae</span> <span class='ocrx_word' id='word_1_451' title='bbox 2198 1230 2324 1279; x_wconf 87' lang='lat' dir='ltr'>magis</span> 
     </span>
     <span class='ocr_line' id='line_1_70' title="bbox 1265 1289 2322 1340; baseline 0.001 -14"><span class='ocrx_word' id='word_1_452' title='bbox 1265 1289 1499 1340; x_wconf 80' lang='lat' dir='ltr'>voluptariae</span> <span class='ocrx_word' id='word_1_453' title='bbox 1527 1289 1810 1340; x_wconf 88' lang='lat' dir='ltr'>disputationes</span> <span class='ocrx_word' id='word_1_454' title='bbox 1831 1289 2086 1336; x_wconf 90' lang='lat' dir='ltr'>delectarant,</span> <span class='ocrx_word' id='word_1_455' title='bbox 2104 1289 2322 1340; x_wconf 88' lang='lat' dir='ltr'>Cyrenaica</span> 
     </span>
     <span class='ocr_line' id='line_1_71' title="bbox 1269 1346 2327 1399; baseline 0.003 -16"><span class='ocrx_word' id='word_1_456' title='bbox 1269 1346 1524 1399; x_wconf 86' lang='lat' dir='ltr'>philosophia</span> <span class='ocrx_word' id='word_1_457' title='bbox 1555 1347 1747 1394; x_wconf 85' lang='lat' dir='ltr'>manavit,</span> <span class='ocrx_word' id='word_1_458' title='bbox 1773 1360 1890 1399; x_wconf 88' lang='lat' dir='ltr'>quam</span> <span class='ocrx_word' id='word_1_459' title='bbox 1913 1348 1981 1387; x_wconf 90' lang='lat' dir='ltr'>ille</span> <span class='ocrx_word' id='word_1_460' title='bbox 2008 1356 2046 1385; x_wconf 92' lang='lat' dir='ltr'>et</span> <span class='ocrx_word' id='word_1_461' title='bbox 2072 1347 2158 1399; x_wconf 92' lang='lat' dir='ltr'>ejus</span> <span class='ocrx_word' id='word_1_462' title='bbox 2179 1347 2327 1399; x_wconf 88' lang='lat' dir='ltr'>posteri</span> 
     </span>
     <span class='ocr_line' id='line_1_72' title="bbox 1271 1405 2323 1459; baseline 0.002 -15"><span class='ocrx_word' id='word_1_463' title='bbox 1271 1405 1503 1457; x_wconf 89' lang='lat' dir='ltr'>simpliciter</span> <span class='ocrx_word' id='word_1_464' title='bbox 1533 1406 1807 1447; x_wconf 85' lang='lat' dir='ltr'>defenderunt.</span> <span class='ocrx_word' id='word_1_465' title='bbox 1830 1407 2016 1459; x_wconf 86' lang='lat' dir='ltr'>Epicurei</span> <span class='ocrx_word' id='word_1_466' title='bbox 2043 1420 2137 1445; x_wconf 87' lang='lat' dir='ltr'>vero</span> <span class='ocrx_word' id='word_1_467' title='bbox 2158 1408 2227 1458; x_wconf 90' lang='lat' dir='ltr'>qui</span> <span class='ocrx_word' id='word_1_468' title='bbox 2247 1420 2323 1448; x_wconf 78' lang='lat' dir='ltr'>vo·</span> 
     </span>
     <span class='ocr_line' id='line_1_73' title="bbox 1271 1466 2328 1518; baseline 0.002 -14"><span class='ocrx_word' id='word_1_469' title='bbox 1271 1466 1418 1518; x_wconf 90' lang='lat' dir='ltr'>luptate</span> <span class='ocrx_word' id='word_1_470' title='bbox 1443 1468 1577 1506; x_wconf 90' lang='lat' dir='ltr'>omnia</span> <span class='ocrx_word' id='word_1_471' title='bbox 1596 1467 1872 1515; x_wconf 87' lang='lat' dir='ltr'>metiebantur,</span> <span class='ocrx_word' id='word_1_472' title='bbox 1895 1467 1986 1506; x_wconf 93' lang='lat' dir='ltr'>dum</span> <span class='ocrx_word' id='word_1_473' title='bbox 2006 1467 2270 1507; x_wconf 87' lang='lat' dir='ltr'>verecundius</span> <span class='ocrx_word' id='word_1_474' title='bbox 2287 1467 2328 1506; x_wconf 92' lang='lat' dir='ltr'>id</span> 
     </span>
     <span class='ocr_line' id='line_1_74' title="bbox 1273 1526 2328 1578; baseline 0.002 -15"><span class='ocrx_word' id='word_1_475' title='bbox 1273 1533 1411 1575; x_wconf 89' lang='lat' dir='ltr'>agunt,</span> <span class='ocrx_word' id='word_1_476' title='bbox 1433 1538 1504 1564; x_wconf 93' lang='lat' dir='ltr'>nec</span> <span class='ocrx_word' id='word_1_477' title='bbox 1544 1526 1727 1578; x_wconf 88' lang='lat' dir='ltr'>dignitati</span> <span class='ocrx_word' id='word_1_478' title='bbox 1763 1526 2077 1574; x_wconf 84' lang='lat' dir='ltr'>satisfaciebant,</span> <span class='ocrx_word' id='word_1_479' title='bbox 2100 1539 2217 1578; x_wconf 89' lang='lat' dir='ltr'>quam</span> <span class='ocrx_word' id='word_1_480' title='bbox 2246 1540 2328 1565; x_wconf 92' lang='lat' dir='ltr'>non</span> 
     </span>
     <span class='ocr_line' id='line_1_75' title="bbox 1275 1585 2330 1638; baseline 0.001 -15"><span class='ocrx_word' id='word_1_481' title='bbox 1275 1585 1603 1638; x_wconf 88' lang='lat' dir='ltr'>aspernabantur,</span> <span class='ocrx_word' id='word_1_482' title='bbox 1627 1599 1699 1624; x_wconf 89' lang='lat' dir='ltr'>nec</span> <span class='ocrx_word' id='word_1_483' title='bbox 1728 1586 1948 1638; x_wconf 84' lang='lat' dir='ltr'>voluptates</span> <span class='ocrx_word' id='word_1_484' title='bbox 1980 1586 2205 1634; x_wconf 91' lang='lat' dir='ltr'>tuebantur,</span> <span class='ocrx_word' id='word_1_485' title='bbox 2231 1599 2330 1638; x_wconf 90' lang='lat' dir='ltr'>quas</span> 
     </span>
     <span class='ocr_line' id='line_1_76' title="bbox 1276 1644 2332 1697; baseline 0 -14"><span class='ocrx_word' id='word_1_486' title='bbox 1276 1645 1492 1697; x_wconf 88' lang='lat' dir='ltr'>amplexari</span> <span class='ocrx_word' id='word_1_487' title='bbox 1513 1644 1714 1686; x_wconf 81' lang='lat' dir='ltr'>volebant.</span> <span class='ocrx_word' id='word_1_488' title='bbox 1743 1644 1918 1684; x_wconf 88' lang='lat' dir='ltr'>Fuerunt</span> <span class='ocrx_word' id='word_1_489' title='bbox 1940 1646 2056 1687; x_wconf 85' lang='lat' dir='ltr'>etiam</span> <span class='ocrx_word' id='word_1_490' title='bbox 2084 1645 2161 1684; x_wconf 90' lang='lat' dir='ltr'>alia</span> <span class='ocrx_word' id='word_1_491' title='bbox 2190 1658 2332 1695; x_wconf 87' lang='lat' dir='ltr'>genera</span> 
     </span>
     <span class='ocr_line' id='line_1_77' title="bbox 1273 1704 2332 1757; baseline 0.001 -15"><span class='ocrx_word' id='word_1_492' title='bbox 1273 1705 1597 1757; x_wconf 87' lang='lat' dir='ltr'>philosophorum</span> <span class='ocrx_word' id='word_1_493' title='bbox 1639 1705 1707 1757; x_wconf 89' lang='lat' dir='ltr'>qui</span> <span class='ocrx_word' id='word_1_494' title='bbox 1737 1718 1779 1744; x_wconf 91' lang='lat' dir='ltr'>se</span> <span class='ocrx_word' id='word_1_495' title='bbox 1816 1719 1951 1744; x_wconf 91' lang='lat' dir='ltr'>omnes</span> <span class='ocrx_word' id='word_1_496' title='bbox 1989 1705 2067 1743; x_wconf 89' lang='lat' dir='ltr'>sere</span> <span class='ocrx_word' id='word_1_497' title='bbox 2107 1704 2332 1744; x_wconf 85' lang='lat' dir='ltr'>Socraticos</span> 
     </span>
     <span class='ocr_line' id='line_1_78' title="bbox 1274 1764 2330 1816; baseline 0.001 -13"><span class='ocrx_word' id='word_1_498' title='bbox 1274 1777 1358 1803; x_wconf 88' lang='lat' dir='ltr'>esse</span> <span class='ocrx_word' id='word_1_499' title='bbox 1375 1765 1547 1804; x_wconf 91' lang='lat' dir='ltr'>dicerent</span> <span class='ocrx_word' id='word_1_500' title='bbox 1560 1795 1571 1816; x_wconf 90' lang='lat'>,</span> <span class='ocrx_word' id='word_1_501' title='bbox 1589 1764 1852 1804; x_wconf 87' lang='lat' dir='ltr'>Eretricorum</span> <span class='ocrx_word' id='word_1_502' title='bbox 1868 1796 1878 1813; x_wconf 92' lang='lat'>,</span> <span class='ocrx_word' id='word_1_503' title='bbox 1900 1765 2152 1804; x_wconf 78' lang='lat' dir='ltr'>Hei-illiorum</span> <span class='ocrx_word' id='word_1_504' title='bbox 2168 1793 2179 1812; x_wconf 94' lang='lat'>‚</span> <span class='ocrx_word' id='word_1_505' title='bbox 2199 1767 2330 1815; x_wconf 86' lang='lat' dir='ltr'>Mega-</span> 
     </span>
     <span class='ocr_line' id='line_1_79' title="bbox 1274 1825 2333 1876; baseline 0.001 -13"><span class='ocrx_word' id='word_1_506' title='bbox 1274 1825 1469 1872; x_wconf 88' lang='lat' dir='ltr'>ricorum,</span> <span class='ocrx_word' id='word_1_507' title='bbox 1505 1825 1850 1876; x_wconf 81' lang='lat' dir='ltr'>Pyrrhoneomm,</span> <span class='ocrx_word' id='word_1_508' title='bbox 1881 1825 1948 1864; x_wconf 92' lang='lat' dir='ltr'>sed</span> <span class='ocrx_word' id='word_1_509' title='bbox 1974 1838 2019 1864; x_wconf 89' lang='lat' dir='ltr'>ea</span> <span class='ocrx_word' id='word_1_510' title='bbox 2050 1825 2191 1864; x_wconf 93' lang='lat' dir='ltr'>horum</span> <span class='ocrx_word' id='word_1_511' title='bbox 2224 1825 2266 1864; x_wconf 84' lang='lat' dir='ltr'>vi</span> <span class='ocrx_word' id='word_1_512' title='bbox 2294 1833 2333 1864; x_wconf 85' lang='lat' dir='ltr'>et</span> 
     </span>
     <span class='ocr_line' id='line_1_80' title="bbox 1275 1883 2334 1936; baseline 0 -13"><span class='ocrx_word' id='word_1_513' title='bbox 1275 1884 1608 1936; x_wconf 87' lang='lat' dir='ltr'>disputationibus</span> <span class='ocrx_word' id='word_1_514' title='bbox 1637 1885 1757 1923; x_wconf 85' lang='lat' dir='ltr'>fracta</span> <span class='ocrx_word' id='word_1_515' title='bbox 1784 1893 1822 1923; x_wconf 87' lang='lat' dir='ltr'>et</span> <span class='ocrx_word' id='word_1_516' title='bbox 1842 1885 2031 1924; x_wconf 89' lang='lat' dir='ltr'>exstincta</span> <span class='ocrx_word' id='word_1_517' title='bbox 2060 1893 2166 1924; x_wconf 88' lang='lat' dir='ltr'>sunt.</span> <span class='ocrx_word' id='word_1_518' title='bbox 2205 1883 2334 1923; x_wconf 91' lang='lat' dir='ltr'>Taceo</span> 
     </span>
     <span class='ocr_line' id='line_1_81' title="bbox 1277 1943 2331 1996; baseline -0.001 -14"><span class='ocrx_word' id='word_1_519' title='bbox 1277 1944 1602 1983; x_wconf 86' lang='lat' dir='ltr'>Academicorum</span> <span class='ocrx_word' id='word_1_520' title='bbox 1631 1944 1796 1983; x_wconf 90' lang='lat' dir='ltr'>dissidia</span> <span class='ocrx_word' id='word_1_521' title='bbox 1824 1958 1908 1996; x_wconf 83' lang='lat' dir='ltr'>quae</span> <span class='ocrx_word' id='word_1_522' title='bbox 1940 1945 2073 1996; x_wconf 89' lang='lat' dir='ltr'>plures</span> <span class='ocrx_word' id='word_1_523' title='bbox 2101 1943 2331 1982; x_wconf 86' lang='lat' dir='ltr'>Academias</span> 
     </span>
     <span class='ocr_line' id='line_1_82' title="bbox 1275 2002 2335 2055; baseline -0.001 -14"><span class='ocrx_word' id='word_1_524' title='bbox 1275 2003 1502 2051; x_wconf 80' lang='lat' dir='ltr'>effecerunt,</span> <span class='ocrx_word' id='word_1_525' title='bbox 1518 2003 1609 2041; x_wconf 91' lang='lat' dir='ltr'>item</span> <span class='ocrx_word' id='word_1_526' title='bbox 1623 2002 1844 2042; x_wconf 87' lang='lat' dir='ltr'>Platonicos</span> <span class='ocrx_word' id='word_1_527' title='bbox 1857 2012 1894 2042; x_wconf 91' lang='lat' dir='ltr'>et</span> <span class='ocrx_word' id='word_1_528' title='bbox 1905 2003 2186 2055; x_wconf 82' lang='lat' dir='ltr'>Pythagoricos</span> <span class='ocrx_word' id='word_1_529' title='bbox 2202 2015 2335 2041; x_wconf 88' lang='lat' dir='ltr'>recen-</span> 
     </span>
     <span class='ocr_line' id='line_1_83' title="bbox 1277 2061 2336 2114; baseline 0 -15"><span class='ocrx_word' id='word_1_530' title='bbox 1277 2062 1397 2100; x_wconf 88' lang='lat' dir='ltr'>tiores</span> <span class='ocrx_word' id='word_1_531' title='bbox 1423 2061 1471 2100; x_wconf 93' lang='lat' dir='ltr'>de</span> <span class='ocrx_word' id='word_1_532' title='bbox 1498 2061 1642 2113; x_wconf 90' lang='lat' dir='ltr'>quibus</span> <span class='ocrx_word' id='word_1_533' title='bbox 1673 2062 1779 2100; x_wconf 89' lang='lat' dir='ltr'>aliud</span> <span class='ocrx_word' id='word_1_534' title='bbox 1801 2062 1876 2100; x_wconf 90' lang='lat' dir='ltr'>erit</span> <span class='ocrx_word' id='word_1_535' title='bbox 1896 2062 2249 2114; x_wconf 83' lang='lat' dir='ltr'>dicenditempus.</span> <span class='ocrx_word' id='word_1_536' title='bbox 2286 2062 2336 2100; x_wconf 79' lang='lat' dir='ltr'>At</span> 
     </span>
     <span class='ocr_line' id='line_1_84' title="bbox 1277 2121 2338 2174; baseline 0 -15"><span class='ocrx_word' id='word_1_537' title='bbox 1277 2135 1356 2159; x_wconf 91' lang='lat' dir='ltr'>non</span> <span class='ocrx_word' id='word_1_538' title='bbox 1371 2121 1663 2173; x_wconf 78' lang='lat' dir='ltr'>praetereundus</span> <span class='ocrx_word' id='word_1_539' title='bbox 1677 2121 1864 2171; x_wconf 91' lang='lat' dir='ltr'>Diogenis</span> <span class='ocrx_word' id='word_1_540' title='bbox 1878 2122 1988 2160; x_wconf 93' lang='lat' dir='ltr'>locus</span> <span class='ocrx_word' id='word_1_541' title='bbox 2000 2129 2058 2161; x_wconf 89' lang='lat' dir='ltr'>est</span> <span class='ocrx_word' id='word_1_542' title='bbox 2075 2135 2154 2171; x_wconf 87' lang='lat' dir='ltr'>quo</span> <span class='ocrx_word' id='word_1_543' title='bbox 2167 2121 2338 2174; x_wconf 87' lang='lat' dir='ltr'>philoso-</span> 
     </span>
     <span class='ocr_line' id='line_1_85' title="bbox 1278 2179 2334 2232; baseline 0 -14"><span class='ocrx_word' id='word_1_544' title='bbox 1278 2181 1446 2232; x_wconf 86' lang='lat' dir='ltr'>phorum</span> <span class='ocrx_word' id='word_1_545' title='bbox 1470 2181 1735 2219; x_wconf 86' lang='lat' dir='ltr'>successiones</span> <span class='ocrx_word' id='word_1_546' title='bbox 1755 2179 1827 2221; x_wconf 90' lang='lat' dir='ltr'>lib.</span> <span class='ocrx_word' id='word_1_547' title='bbox 1858 2179 1900 2228; x_wconf 93' lang='lat' dir='ltr'>I,</span> <span class='ocrx_word' id='word_1_548' title='bbox 1922 2181 1967 2218; x_wconf 85' lang='lat'>13</span> <span class='ocrx_word' id='word_1_549' title='bbox 1987 2180 2029 2219; x_wconf 92' lang='lat' dir='ltr'>in</span> <span class='ocrx_word' id='word_1_550' title='bbox 2048 2180 2153 2219; x_wconf 89' lang='lat' dir='ltr'>hunc</span> <span class='ocrx_word' id='word_1_551' title='bbox 2173 2181 2334 2219; x_wconf 84' lang='lat' dir='ltr'>modum</span> 
     </span>
     <span class='ocr_line' id='line_1_86' title="bbox 1282 2238 2339 2293; baseline 0 -15"><span class='ocrx_word' id='word_1_552' title='bbox 1282 2241 1400 2279; x_wconf 85' lang='lat' dir='ltr'>tradit</span> <span class='ocrx_word' id='word_1_553' title='bbox 1421 2252 1431 2278; x_wconf 73' lang='grc' dir='ltr'>ε</span> <span class='ocrx_word' id='word_1_554' title='bbox 1458 2239 1679 2293; x_wconf 77' lang='grc' dir='ltr'>Φιλοσοφίας</span> <span class='ocrx_word' id='word_1_555' title='bbox 1700 2238 1734 2278; x_wconf 85' lang='grc' dir='ltr'>δὲ</span> <span class='ocrx_word' id='word_1_556' title='bbox 1750 2238 1810 2278; x_wconf 86' lang='grc' dir='ltr'>δύο</span> <span class='ocrx_word' id='word_1_557' title='bbox 1827 2239 2012 2291; x_wconf 83' lang='grc' dir='ltr'>γεγόνασιν</span> <span class='ocrx_word' id='word_1_558' title='bbox 2028 2239 2149 2293; x_wconf 82' lang='grc' dir='ltr'>ἀρχαί,</span> <span class='ocrx_word' id='word_1_559' title='bbox 2164 2238 2188 2286; x_wconf 84' lang='grc' dir='ltr'>ἥ</span> <span class='ocrx_word' id='word_1_560' title='bbox 2208 2254 2246 2278; x_wconf 87' lang='grc' dir='ltr'>τε</span> <span class='ocrx_word' id='word_1_561' title='bbox 2265 2240 2339 2279; x_wconf 76' lang='grc' dir='ltr'>ἀπὸ</span> 
     </span>
     <span class='ocr_line' id='line_1_87' title="bbox 1281 2296 2337 2353; baseline 0 -15"><span class='ocrx_word' id='word_1_562' title='bbox 1281 2298 1553 2352; x_wconf 80' lang='grc' dir='ltr'>Ἀναξιμάνδρου</span> <span class='ocrx_word' id='word_1_563' title='bbox 1578 2298 1639 2337; x_wconf 82' lang='grc' dir='ltr'>καὶ</span> <span class='ocrx_word' id='word_1_564' title='bbox 1658 2301 1680 2345; x_wconf 84' lang='grc' dir='ltr'>ἡ</span> <span class='ocrx_word' id='word_1_565' title='bbox 1707 2298 1778 2337; x_wconf 78' lang='grc' dir='ltr'>ἀπὸ</span> <span class='ocrx_word' id='word_1_566' title='bbox 1799 2297 2004 2353; x_wconf 84' lang='grc' dir='ltr'>Πυθαγόρου</span> <span class='ocrx_word' id='word_1_567' title='bbox 2017 2329 2027 2346; x_wconf 92' lang='grc'>,</span> <span class='ocrx_word' id='word_1_568' title='bbox 2045 2302 2106 2338; x_wconf 76' lang='grc' dir='ltr'>τοῦ</span> <span class='ocrx_word' id='word_1_569' title='bbox 2127 2296 2190 2350; x_wconf 85' lang='grc' dir='ltr'>μὲν</span> <span class='ocrx_word' id='word_1_570' title='bbox 2211 2299 2337 2338; x_wconf 76' lang='grc' dir='ltr'>Θαλοῦ</span> 
     </span>
     <span class='ocr_line' id='line_1_88' title="bbox 1282 2356 2334 2411; baseline 0 -15"><span class='ocrx_word' id='word_1_571' title='bbox 1282 2357 1529 2407; x_wconf 78' lang='grc' dir='ltr'>διακηκοότος,</span> <span class='ocrx_word' id='word_1_572' title='bbox 1551 2356 1758 2411; x_wconf 85' lang='grc' dir='ltr'>Πυθαγόρου</span> <span class='ocrx_word' id='word_1_573' title='bbox 1781 2356 1817 2396; x_wconf 82' lang='grc' dir='ltr'>δὲ</span> <span class='ocrx_word' id='word_1_574' title='bbox 1852 2356 2057 2409; x_wconf 79' lang='grc' dir='ltr'>Φερεκύδης</span> <span class='ocrx_word' id='word_1_575' title='bbox 2083 2356 2334 2409; x_wconf 79' lang='grc' dir='ltr'>καθηγήσατο·</span> 
     </span>
     <span class='ocr_line' id='line_1_89' title="bbox 1282 2414 2340 2468; baseline 0 -12"><span class='ocrx_word' id='word_1_576' title='bbox 1282 2418 1343 2456; x_wconf 79' lang='grc' dir='ltr'>καὶ</span> <span class='ocrx_word' id='word_1_577' title='bbox 1363 2418 1525 2457; x_wconf 81' lang='grc' dir='ltr'>ἐκαλεῖτο</span> <span class='ocrx_word' id='word_1_578' title='bbox 1544 2420 1566 2465; x_wconf 87' lang='grc' dir='ltr'>ἡ</span> <span class='ocrx_word' id='word_1_579' title='bbox 1582 2415 1645 2468; x_wconf 77' lang='grc' dir='ltr'>μὲν</span> <span class='ocrx_word' id='word_1_580' title='bbox 1657 2415 1799 2464; x_wconf 81' lang='grc' dir='ltr'>Ἰωνικὴ</span> <span class='ocrx_word' id='word_1_581' title='bbox 1820 2414 1872 2454; x_wconf 80' lang='grc' dir='ltr'>ὅτι</span> <span class='ocrx_word' id='word_1_582' title='bbox 1887 2417 2012 2465; x_wconf 84' lang='grc' dir='ltr'>Θαλῆς</span> <span class='ocrx_word' id='word_1_583' title='bbox 2029 2415 2111 2456; x_wconf 82' lang='grc' dir='ltr'>Ἴων</span> <span class='ocrx_word' id='word_1_584' title='bbox 2128 2414 2177 2454; x_wconf 87' lang='grc' dir='ltr'>ὤν</span> <span class='ocrx_word' id='word_1_585' title='bbox 2193 2419 2204 2467; x_wconf 91' lang='grc'>(</span> <span class='ocrx_word' id='word_1_586' title='bbox 2220 2417 2340 2464; x_wconf 71' lang='grc' dir='ltr'>Μιλή-</span> 
     </span>
     <span class='ocr_line' id='line_1_90' title="bbox 1283 2473 2333 2529; baseline 0 -14"><span class='ocrx_word' id='word_1_587' title='bbox 1283 2492 1355 2520; x_wconf 87' lang='grc' dir='ltr'>σιος</span> <span class='ocrx_word' id='word_1_588' title='bbox 1371 2476 1485 2529; x_wconf 86' lang='grc' dir='ltr'>γάρ),</span> <span class='ocrx_word' id='word_1_589' title='bbox 1506 2474 1737 2527; x_wconf 73' lang='grc' dir='ltr'>καθηγήσατο</span> <span class='ocrx_word' id='word_1_590' title='bbox 1754 2473 2028 2529; x_wconf 81' lang='grc' dir='ltr'>Ἀναξιμάνδρου</span> <span class='ocrx_word' id='word_1_591' title='bbox 2041 2504 2053 2524; x_wconf 91' lang='grc'>,</span> <span class='ocrx_word' id='word_1_592' title='bbox 2073 2478 2095 2523; x_wconf 85' lang='grc' dir='ltr'>ἡ</span> <span class='ocrx_word' id='word_1_593' title='bbox 2119 2475 2155 2514; x_wconf 81' lang='grc' dir='ltr'>δὲ</span> <span class='ocrx_word' id='word_1_594' title='bbox 2173 2474 2333 2523; x_wconf 82' lang='grc' dir='ltr'>Ἰταλικὴ</span> 
     </span>
     <span class='ocr_line' id='line_1_91' title="bbox 1285 2533 2340 2587; baseline -0.002 -13"><span class='ocrx_word' id='word_1_595' title='bbox 1285 2535 1355 2575; x_wconf 83' lang='grc' dir='ltr'>ἀπὸ</span> <span class='ocrx_word' id='word_1_596' title='bbox 1371 2534 1597 2587; x_wconf 82' lang='grc' dir='ltr'>Πυθαγόρου,</span> <span class='ocrx_word' id='word_1_597' title='bbox 1614 2534 1667 2573; x_wconf 81' lang='grc' dir='ltr'>ὅτι</span> <span class='ocrx_word' id='word_1_598' title='bbox 1686 2533 1731 2573; x_wconf 84' lang='grc' dir='ltr'>τὰ</span> <span class='ocrx_word' id='word_1_599' title='bbox 1746 2534 1895 2573; x_wconf 81' lang='grc' dir='ltr'>πλεῖστα</span> <span class='ocrx_word' id='word_1_600' title='bbox 1912 2533 2005 2574; x_wconf 81' lang='grc' dir='ltr'>κατὰ</span> <span class='ocrx_word' id='word_1_601' title='bbox 2025 2533 2248 2581; x_wconf 87' lang='grc' dir='ltr'>τὴνἸταλίαν</span> <span class='ocrx_word' id='word_1_602' title='bbox 2263 2535 2340 2584; x_wconf 81' lang='grc' dir='ltr'>ἐφι-</span> 
     </span>
     <span class='ocr_line' id='line_1_92' title="bbox 1284 2592 2338 2647; baseline -0.001 -14"><span class='ocrx_word' id='word_1_603' title='bbox 1284 2595 1472 2647; x_wconf 72' lang='grc' dir='ltr'>λοσόφησε.</span> <span class='ocrx_word' id='word_1_604' title='bbox 1506 2593 1712 2645; x_wconf 78' lang='grc' dir='ltr'>Καταλήγει</span> <span class='ocrx_word' id='word_1_605' title='bbox 1733 2592 1769 2632; x_wconf 84' lang='grc' dir='ltr'>δὲ</span> <span class='ocrx_word' id='word_1_606' title='bbox 1794 2596 1817 2641; x_wconf 85' lang='grc' dir='ltr'>ἡ</span> <span class='ocrx_word' id='word_1_607' title='bbox 1839 2592 1902 2644; x_wconf 84' lang='grc' dir='ltr'>μὲν</span> <span class='ocrx_word' id='word_1_608' title='bbox 1930 2594 1976 2637; x_wconf 87' lang='grc' dir='ltr'>εἷς</span> <span class='ocrx_word' id='word_1_609' title='bbox 2006 2593 2256 2646; x_wconf 83' lang='grc' dir='ltr'>Κλειτόμαχον</span> <span class='ocrx_word' id='word_1_610' title='bbox 2276 2594 2338 2632; x_wconf 84' lang='grc' dir='ltr'>καὶ</span> 
     </span>
     <span class='ocr_line' id='line_1_93' title="bbox 1286 2651 2337 2707; baseline -0.004 -12"><span class='ocrx_word' id='word_1_611' title='bbox 1286 2652 1497 2707; x_wconf 85' lang='grc' dir='ltr'>Χρύσιππον</span> <span class='ocrx_word' id='word_1_612' title='bbox 1517 2652 1578 2691; x_wconf 78' lang='grc' dir='ltr'>καὶ</span> <span class='ocrx_word' id='word_1_613' title='bbox 1597 2652 1843 2707; x_wconf 79' lang='grc' dir='ltr'>Θεόφραστον,</span> <span class='ocrx_word' id='word_1_614' title='bbox 1864 2655 1887 2700; x_wconf 88' lang='grc' dir='ltr'>ἡ</span> <span class='ocrx_word' id='word_1_615' title='bbox 1907 2652 2100 2704; x_wconf 82' lang='grc' dir='ltr'>Ἰωνική,ἡ</span> <span class='ocrx_word' id='word_1_616' title='bbox 2122 2652 2159 2691; x_wconf 81' lang='grc' dir='ltr'>δὲ</span> <span class='ocrx_word' id='word_1_617' title='bbox 2177 2651 2337 2700; x_wconf 84' lang='grc' dir='ltr'>Ἰταλικὴ</span> 
     </span>
     <span class='ocr_line' id='line_1_94' title="bbox 1286 2705 2337 2765; baseline -0.001 -14"><span class='ocrx_word' id='word_1_618' title='bbox 1286 2715 1333 2757; x_wconf 85' lang='grc' dir='ltr'>εἷς</span> <span class='ocrx_word' id='word_1_619' title='bbox 1345 2712 1567 2762; x_wconf 87' lang='grc' dir='ltr'>Ἐπίκουρον.</span> <span class='ocrx_word' id='word_1_620' title='bbox 1589 2713 1712 2753; x_wconf 77' lang='grc' dir='ltr'>Θαλοῦ</span> <span class='ocrx_word' id='word_1_621' title='bbox 1728 2712 1791 2764; x_wconf 88' lang='grc' dir='ltr'>μὲν</span> <span class='ocrx_word' id='word_1_622' title='bbox 1806 2711 1875 2765; x_wconf 81' lang='grc' dir='ltr'>γὰρ</span> <span class='ocrx_word' id='word_1_623' title='bbox 1888 2711 2171 2764; x_wconf 80' lang='grc' dir='ltr'>Ἀναξίμανδρος,</span> <span class='ocrx_word' id='word_1_624' title='bbox 2183 2705 2222 2750; x_wconf 61' lang='grc' dir='ltr'>οὗ</span> <span class='ocrx_word' id='word_1_625' title='bbox 2234 2711 2337 2751; x_wconf 82' lang='grc' dir='ltr'>Ἀνα-</span> 
     </span>
     <span class='ocr_line' id='line_1_95' title="bbox 1288 2765 2339 2825; baseline -0.002 -15"><span class='ocrx_word' id='word_1_626' title='bbox 1288 2772 1443 2824; x_wconf 86' lang='grc' dir='ltr'>ξιμένης,</span> <span class='ocrx_word' id='word_1_627' title='bbox 1466 2766 1505 2812; x_wconf 62' lang='grc' dir='ltr'>οὗ</span> <span class='ocrx_word' id='word_1_628' title='bbox 1522 2770 1774 2825; x_wconf 83' lang='grc' dir='ltr'>Ἀναξαγόρας,</span> <span class='ocrx_word' id='word_1_629' title='bbox 1789 2765 1828 2810; x_wconf 67' lang='grc' dir='ltr'>οὗ</span> <span class='ocrx_word' id='word_1_630' title='bbox 1848 2771 2060 2825; x_wconf 83' lang='grc' dir='ltr'>Ἀρχέλαος,</span> <span class='ocrx_word' id='word_1_631' title='bbox 2085 2765 2339 2823; x_wconf 69' lang='grc' dir='ltr'>οῧΣωκράτης</span> 
     </span>
     <span class='ocr_line' id='line_1_96' title="bbox 1286 2825 2342 2885; baseline -0.004 -13"><span class='ocrx_word' id='word_1_632' title='bbox 1286 2836 1305 2872; x_wconf 80' lang='grc' dir='ltr'>ὁ</span> <span class='ocrx_word' id='word_1_633' title='bbox 1323 2832 1386 2880; x_wconf 85' lang='grc' dir='ltr'>τὴν</span> <span class='ocrx_word' id='word_1_634' title='bbox 1406 2832 1534 2881; x_wconf 81' lang='grc' dir='ltr'>ἠθικὴν</span> <span class='ocrx_word' id='word_1_635' title='bbox 1560 2831 1780 2885; x_wconf 76' lang='grc' dir='ltr'>εἷσάγαγών,</span> <span class='ocrx_word' id='word_1_636' title='bbox 1796 2826 1835 2872; x_wconf 67' lang='grc' dir='ltr'>οἷ</span> <span class='ocrx_word' id='word_1_637' title='bbox 1865 2830 1955 2872; x_wconf 81' lang='grc' dir='ltr'>οἵτε</span> <span class='ocrx_word' id='word_1_638' title='bbox 1985 2831 2087 2871; x_wconf 85' lang='grc' dir='ltr'>ἄλλοι</span> <span class='ocrx_word' id='word_1_639' title='bbox 2114 2825 2342 2883; x_wconf 78' lang='grc' dir='ltr'>Σωκρατικοὶ</span> 
     </span>
     <span class='ocr_line' id='line_1_97' title="bbox 1287 2889 2342 2945; baseline -0.004 -14"><span class='ocrx_word' id='word_1_640' title='bbox 1287 2892 1347 2932; x_wconf 72' lang='grc' dir='ltr'>καὶ</span> <span class='ocrx_word' id='word_1_641' title='bbox 1370 2892 1523 2931; x_wconf 85' lang='grc' dir='ltr'>Πλάτων</span> <span class='ocrx_word' id='word_1_642' title='bbox 1542 2893 1561 2930; x_wconf 85' lang='grc' dir='ltr'>ὁ</span> <span class='ocrx_word' id='word_1_643' title='bbox 1577 2891 1641 2941; x_wconf 82' lang='grc' dir='ltr'>τὴν</span> <span class='ocrx_word' id='word_1_644' title='bbox 1657 2890 1810 2945; x_wconf 84' lang='grc' dir='ltr'>ἀρχαίαν</span> <span class='ocrx_word' id='word_1_645' title='bbox 1828 2890 2047 2942; x_wconf 84' lang='grc' dir='ltr'>Ἀκαδημίαν</span> <span class='ocrx_word' id='word_1_646' title='bbox 2065 2889 2342 2940; x_wconf 80' lang='grc' dir='ltr'>συστησάμενος,</span> 
     </span>
     <span class='ocr_line' id='line_1_98' title="bbox 1288 2942 2342 3004; baseline -0.005 -13"><span class='ocrx_word' id='word_1_647' title='bbox 1288 2946 1327 2991; x_wconf 69' lang='grc' dir='ltr'>οὗ</span> <span class='ocrx_word' id='word_1_648' title='bbox 1363 2951 1594 2996; x_wconf 71' lang='grc' dir='ltr'>Σπεύσιππος</span> <span class='ocrx_word' id='word_1_649' title='bbox 1629 2951 1691 2990; x_wconf 82' lang='grc' dir='ltr'>καὶ</span> <span class='ocrx_word' id='word_1_650' title='bbox 1724 2950 1973 3004; x_wconf 85' lang='grc' dir='ltr'>Ξενοκράτης,</span> <span class='ocrx_word' id='word_1_651' title='bbox 2005 2944 2045 2990; x_wconf 68' lang='grc' dir='ltr'>οἷ</span> <span class='ocrx_word' id='word_1_652' title='bbox 2078 2948 2276 2999; x_wconf 86' lang='grc' dir='ltr'>Πολέμων,</span> <span class='ocrx_word' id='word_1_653' title='bbox 2303 2942 2342 2987; x_wconf 64' lang='grc' dir='ltr'>οὗ</span> 
     </span>
     <span class='ocr_line' id='line_1_99' title="bbox 1290 3004 2341 3065; baseline -0.005 -14"><span class='ocrx_word' id='word_1_654' title='bbox 1290 3011 1467 3065; x_wconf 81' lang='grc' dir='ltr'>Κράντωρ</span> <span class='ocrx_word' id='word_1_655' title='bbox 1498 3011 1560 3051; x_wconf 74' lang='grc' dir='ltr'>καὶ</span> <span class='ocrx_word' id='word_1_656' title='bbox 1592 3009 1761 3064; x_wconf 84' lang='grc' dir='ltr'>Κράτης,</span> <span class='ocrx_word' id='word_1_657' title='bbox 1784 3004 1823 3050; x_wconf 63' lang='grc' dir='ltr'>οὗ</span> <span class='ocrx_word' id='word_1_658' title='bbox 1853 3009 2076 3063; x_wconf 85' lang='grc' dir='ltr'>Ἀρκεσίλαος</span> <span class='ocrx_word' id='word_1_659' title='bbox 2100 3011 2118 3047; x_wconf 84' lang='grc' dir='ltr'><strong>ὃ</strong></span> <span class='ocrx_word' id='word_1_660' title='bbox 2138 3007 2202 3056; x_wconf 81' lang='grc' dir='ltr'>τὴν</span> <span class='ocrx_word' id='word_1_661' title='bbox 2230 3007 2341 3059; x_wconf 81' lang='grc' dir='ltr'>μέσην</span> 
     </span>
     <span class='ocr_line' id='line_1_100' title="bbox 1289 3064 2343 3123; baseline -0.005 -12"><span class='ocrx_word' id='word_1_662' title='bbox 1289 3070 1509 3123; x_wconf 80' lang='grc' dir='ltr'>Ἀκαδημίαν</span> <span class='ocrx_word' id='word_1_663' title='bbox 1538 3069 1840 3123; x_wconf 80' lang='grc' dir='ltr'>εἰσηγησάμενος,</span> <span class='ocrx_word' id='word_1_664' title='bbox 1871 3064 1910 3109; x_wconf 67' lang='grc' dir='ltr'>οἷ</span> <span class='ocrx_word' id='word_1_665' title='bbox 1930 3068 2137 3117; x_wconf 81' lang='grc' dir='ltr'>Λακύδηςδ</span> <span class='ocrx_word' id='word_1_666' title='bbox 2165 3067 2228 3116; x_wconf 85' lang='grc' dir='ltr'>τὴν</span> <span class='ocrx_word' id='word_1_667' title='bbox 2261 3066 2343 3106; x_wconf 77' lang='grc' dir='ltr'>νέαν</span> 
     </span>
     <span class='ocr_line' id='line_1_101' title="bbox 1291 3122 2343 3183; baseline -0.005 -14"><span class='ocrx_word' id='word_1_668' title='bbox 1291 3128 1510 3181; x_wconf 84' lang='grc' dir='ltr'>Ἀκαδημίαν</span> <span class='ocrx_word' id='word_1_669' title='bbox 1559 3129 1792 3183; x_wconf 77' lang='grc' dir='ltr'>ιλοσοφήσας,</span> <span class='ocrx_word' id='word_1_670' title='bbox 1816 3125 1856 3168; x_wconf 64' lang='grc' dir='ltr'>οὗ</span> <span class='ocrx_word' id='word_1_671' title='bbox 1883 3129 2111 3183; x_wconf 82' lang='grc' dir='ltr'>Καρνεάδης,</span> <span class='ocrx_word' id='word_1_672' title='bbox 2133 3122 2173 3167; x_wconf 73' lang='grc' dir='ltr'>οἷ</span> <span class='ocrx_word' id='word_1_673' title='bbox 2194 3126 2343 3166; x_wconf 87' lang='grc' dir='ltr'>Κλειτό-</span> 
     </span>
     <span class='ocr_line' id='line_1_102' title="bbox 1291 3146 2344 3247; baseline -0.003 -20"><span class='ocrx_word' id='word_1_674' title='bbox 1291 3204 1418 3242; x_wconf 79' lang='grc' dir='ltr'>μαχος.</span> <span class='ocrx_word' id='word_1_675' title='bbox 1434 3188 1506 3229; x_wconf 70' lang='grc' dir='ltr'>Καὶ</span> <span class='ocrx_word' id='word_1_676' title='bbox 1522 3146 1591 3229; x_wconf 58' lang='lat' dir='ltr'>g&amp;</span> <span class='ocrx_word' id='word_1_677' title='bbox 1611 3188 1674 3241; x_wconf 84' lang='grc' dir='ltr'>μὲν</span> <span class='ocrx_word' id='word_1_678' title='bbox 1696 3191 1744 3234; x_wconf 85' lang='grc' dir='ltr'>εἷς</span> <span class='ocrx_word' id='word_1_679' title='bbox 1763 3188 2011 3242; x_wconf 85' lang='grc' dir='ltr'>Κλειτόμαχον</span> <span class='ocrx_word' id='word_1_680' title='bbox 2026 3218 2037 3239; x_wconf 86' lang='grc'>,</span> <span class='ocrx_word' id='word_1_681' title='bbox 2052 3189 2100 3232; x_wconf 85' lang='grc' dir='ltr'>εἷς</span> <span class='ocrx_word' id='word_1_682' title='bbox 2116 3186 2153 3225; x_wconf 80' lang='grc' dir='ltr'>δὲ</span> <span class='ocrx_word' id='word_1_683' title='bbox 2179 3187 2344 3247; x_wconf 62' lang='grc' dir='ltr'>Χρύσιπ;</span> 
     </span>
     <span class='ocr_line' id='line_1_103' title="bbox 1293 3246 2344 3300; baseline -0.003 -15"><span class='ocrx_word' id='word_1_684' title='bbox 1293 3262 1358 3286; x_wconf 87' lang='grc' dir='ltr'>πον</span> <span class='ocrx_word' id='word_1_685' title='bbox 1400 3247 1490 3287; x_wconf 78' lang='grc' dir='ltr'>οὕτω</span> <span class='ocrx_word' id='word_1_686' title='bbox 1521 3248 1735 3295; x_wconf 77' lang='grc' dir='ltr'>καταλήγει·</span> <span class='ocrx_word' id='word_1_687' title='bbox 1779 3248 1992 3300; x_wconf 88' lang='grc' dir='ltr'>Σωκράτους</span> <span class='ocrx_word' id='word_1_688' title='bbox 2025 3246 2267 3293; x_wconf 84' lang='grc' dir='ltr'>Ἀντισθένης,</span> <span class='ocrx_word' id='word_1_689' title='bbox 2305 3247 2344 3282; x_wconf 77' lang='grc' dir='ltr'>οὗ</span> 
     </span>
     <span class='ocr_line' id='line_1_104' title="bbox 1293 3299 2346 3361; baseline -0.005 -15"><span class='ocrx_word' id='word_1_690' title='bbox 1293 3306 1457 3358; x_wconf 80' lang='grc' dir='ltr'>Διογένης</span> <span class='ocrx_word' id='word_1_691' title='bbox 1473 3311 1491 3347; x_wconf 82' lang='grc' dir='ltr'>δ</span> <span class='ocrx_word' id='word_1_692' title='bbox 1507 3307 1621 3355; x_wconf 87' lang='grc' dir='ltr'>κύων,</span> <span class='ocrx_word' id='word_1_693' title='bbox 1644 3301 1682 3346; x_wconf 73' lang='grc' dir='ltr'>οῧ</span> <span class='ocrx_word' id='word_1_694' title='bbox 1708 3306 1854 3361; x_wconf 85' lang='grc' dir='ltr'>Κράτης</span> <span class='ocrx_word' id='word_1_695' title='bbox 1874 3309 1892 3345; x_wconf 84' lang='grc' dir='ltr'>ὁ</span> <span class='ocrx_word' id='word_1_696' title='bbox 1919 3306 2101 3355; x_wconf 74' lang='grc' dir='ltr'>Θηὸαῒος,</span> <span class='ocrx_word' id='word_1_697' title='bbox 2123 3299 2163 3344; x_wconf 60' lang='grc' dir='ltr'>οὗ</span> <span class='ocrx_word' id='word_1_698' title='bbox 2184 3304 2307 3352; x_wconf 77' lang='grc' dir='ltr'>Ζήνων</span> <span class='ocrx_word' id='word_1_699' title='bbox 2327 3305 2346 3341; x_wconf 80' lang='grc' dir='ltr'>ὁ</span> 
     </span>
    </p>
   </div>
   <div class='ocr_carea' id='block_1_7' title="bbox 184 3361 2345 3420">
    <p class='ocr_par' dir='ltr' id='par_1_7' title="bbox 184 3361 2345 3420">
     <span class='ocr_line' id='line_1_105' title="bbox 184 3361 2345 3420; baseline 0.001 -21"><span class='ocrx_word' id='word_1_700' title='bbox 184 3375 267 3401; x_wconf 89' lang='lat' dir='ltr'>mos</span> <span class='ocrx_word' id='word_1_701' title='bbox 283 3362 398 3400; x_wconf 90' lang='lat' dir='ltr'>etiam</span> <span class='ocrx_word' id='word_1_702' title='bbox 414 3363 680 3402; x_wconf 83' lang='lat' dir='ltr'>introduxitet</span> <span class='ocrx_word' id='word_1_703' title='bbox 701 3365 828 3415; x_wconf 88' lang='lat' dir='ltr'>coegit</span> <span class='ocrx_word' id='word_1_704' title='bbox 844 3365 891 3403; x_wconf 89' lang='lat' dir='ltr'>de</span> <span class='ocrx_word' id='word_1_705' title='bbox 908 3365 990 3403; x_wconf 87' lang='lat' dir='ltr'>vita</span> <span class='ocrx_word' id='word_1_706' title='bbox 1005 3373 1042 3402; x_wconf 92' lang='lat' dir='ltr'>et</span> <span class='ocrx_word' id='word_1_707' title='bbox 1058 3363 1234 3402; x_wconf 89' lang='lat' dir='ltr'>moribus</span> <span class='ocrx_word' id='word_1_708' title='bbox 1296 3366 1461 3415; x_wconf 84' lang='grc' dir='ltr'>Κιτιεύς,</span> <span class='ocrx_word' id='word_1_709' title='bbox 1490 3362 1529 3405; x_wconf 68' lang='grc' dir='ltr'>οὗ</span> <span class='ocrx_word' id='word_1_710' title='bbox 1560 3366 1764 3416; x_wconf 84' lang='grc' dir='ltr'>Κλεάνθης,</span> <span class='ocrx_word' id='word_1_711' title='bbox 1786 3361 1824 3406; x_wconf 71' lang='grc' dir='ltr'>οἷ</span> <span class='ocrx_word' id='word_1_712' title='bbox 1853 3367 2075 3420; x_wconf 85' lang='grc' dir='ltr'>Χρύσιππος.</span> <span class='ocrx_word' id='word_1_713' title='bbox 2100 3366 2162 3410; x_wconf 86' lang='grc' dir='ltr'>Εἷς</span> <span class='ocrx_word' id='word_1_714' title='bbox 2181 3363 2217 3403; x_wconf 85' lang='grc' dir='ltr'>δὲ</span> <span class='ocrx_word' id='word_1_715' title='bbox 2246 3362 2345 3403; x_wconf 80' lang='grc' dir='ltr'>Θεό-</span> 
     </span>
    </p>
   </div>
   <div class='ocr_carea' id='block_1_8' title="bbox 187 3452 2342 3469">
    <p class='ocr_par' dir='ltr' id='par_1_8' title="bbox 187 3452 2342 3469">
     <span class='ocr_line' id='line_1_106' title="bbox 187 3452 2342 3469; baseline 0 345"><span class='ocrx_word' id='word_1_716' title='bbox 187 3452 2342 3469; x_wconf 95' lang='lat' dir='ltr'> </span> 
     </span>
    </p>
   </div>
   <div class='ocr_carea' id='block_1_9' title="bbox 228 3510 707 3553">
    <p class='ocr_par' dir='ltr' id='par_1_9' title="bbox 228 3510 707 3553">
     <span class='ocr_line' id='line_1_107' title="bbox 228 3510 707 3553; baseline 0.008 -12"><span class='ocrx_word' id='word_1_717' title='bbox 228 3510 273 3551; x_wconf 87' lang='grc'>(8)</span> <span class='ocrx_word' id='word_1_718' title='bbox 294 3510 405 3544; x_wconf 85' lang='lat' dir='ltr'>Cicero</span> <span class='ocrx_word' id='word_1_719' title='bbox 422 3510 461 3543; x_wconf 85' lang='lat' dir='ltr'>de</span> <span class='ocrx_word' id='word_1_720' title='bbox 474 3513 556 3544; x_wconf 83' lang='lat' dir='ltr'>orat.</span> <span class='ocrx_word' id='word_1_721' title='bbox 574 3513 636 3553; x_wconf 85' lang='lat' dir='ltr'>m,</span> <span class='ocrx_word' id='word_1_722' title='bbox 661 3515 707 3545; x_wconf 85' lang='grc'>17.</span> 
     </span>
    </p>
   </div>
  </div>
 </body>
</html>
