2612 3814
318 224 412 262 xxiv

305 303 544 341 divinitatem
576 302 758 342 humanm
792 306 942 342 naturae
975 303 1144 342 claustra
1179 301 1343 352 perfrin-

308 367 433 416 genda
451 378 548 418 esse,
567 372 703 407 vatum
732 379 839 407 more
858 368 951 407 deos
970 368 1177 418 compellat
1195 367 1245 405 ad
1263 377 1348 404 eos-

304 441 401 482 que,
427 432 466 470 id
497 436 577 478 est,
596 433 628 470 si
650 432 768 471 altius
795 434 878 482 ejus
895 434 1137 471 voluntatem
1157 434 1346 476 scrutere,

306 496 356 535 ad
374 496 552 535 divinum
585 498 727 536 mentis
752 498 980 536 instinctum
1002 496 1191 546 confugit.
1215 495 1349 544 Neque

305 562 407 600 enim
427 572 663 612 quemquam
692 563 773 600 sine
791 561 1099 600 inflammatione
1128 562 1348 598 animorum

306 629 346 664 et
364 627 447 665 sine
467 627 636 676 quodam
654 626 794 665 afflatu
814 627 925 676 quasi
946 625 1083 664 furoris
1097 625 1243 663 bonum
1262 634 1350 674 poe-

306 694 387 730 tam
407 692 589 729 exsistere
606 702 711 740 posse
722 695 868 729 veteres
880 690 1187 729 arbitrabantur.

359 754 442 793 Hoc
467 758 598 793 autem
629 755 762 792 divino
794 755 929 803 spiritu
965 757 1005 791 et
1036 754 1155 791 animi
1190 751 1348 800 ardore,

306 829 422 870 quem
437 820 585 868 antiqui
607 820 644 856 in
664 820 782 868 poetis
797 820 924 856 inesse
943 817 1145 866 volebant,
1163 827 1208 855 eo
1226 817 1351 865 magis

309 884 449 935 egebat
476 885 752 935 Agrigentinus
768 887 876 922 vates
895 882 1001 932 quod
1020 883 1155 920 vitatis
1180 881 1351 930 vulgari-

307 948 380 987 bus
410 950 625 986 carminum
646 948 888 996 argumentis
915 947 1108 985 sanctiora
1138 949 1176 983 et
1211 945 1351 982 altiora

307 1023 425 1061 quam
444 1013 581 1062 reliqui
598 1015 719 1061 poetae
735 1011 908 1050 versibus
921 1020 1158 1061 exaggerare
1179 1009 1347 1051 volebat.

306 1075 395 1114 Jam
424 1076 456 1114 si
495 1076 583 1125 quis
617 1086 662 1114 ea
693 1085 779 1124 quae
803 1074 979 1113 versibus
1016 1074 1068 1123 (1)
1099 1075 1137 1111 in
1172 1077 1347 1111 extrema

306 1141 480 1189 prooemii
500 1144 611 1190 parte
642 1141 778 1189 positis
812 1140 1057 1178 continentur
1082 1140 1214 1188 paucis
1242 1125 1349 1176 com-

307 1203 419 1253 plecti
431 1204 538 1250 velit,
548 1205 626 1242 tria
642 1204 882 1254 potissimum
899 1203 988 1242 inde
1006 1202 1163 1251 efficiat,
1181 1203 1348 1252 primum

306 1266 524 1306 abstrusam
546 1277 627 1305 esse
651 1270 694 1306 et
714 1266 916 1305 difficilem
946 1266 1175 1304 mortalibus
1204 1269 1351 1304 naturae

306 1332 586 1382 cognitionem,
602 1331 740 1369 deinde
759 1331 943 1370 obscuros
963 1334 1002 1369 et
1022 1330 1176 1368 fallaces
1198 1341 1346 1377 sensus,

307 1405 444 1445 resque
476 1396 571 1433 alias
605 1405 704 1444 saepe
726 1396 773 1433 iis
807 1394 947 1441 videri,
968 1394 1062 1433 alias
1090 1405 1222 1433 revera
1252 1405 1347 1440 esse,

307 1459 473 1509 denique
491 1470 569 1498 non
587 1459 759 1498 humana
778 1469 871 1509 ope,
894 1459 961 1497 sed
979 1459 1111 1497 divino
1133 1461 1261 1508 potius
1282 1460 1351 1497 im-

307 1527 398 1573 petu
418 1527 457 1561 et
477 1524 621 1572 ingenii
637 1526 731 1561 aestu
760 1523 990 1577 sapientiam
1009 1524 1223 1572 comparari
1245 1533 1348 1560 eam·

307 1596 383 1636 que
402 1596 492 1624 cum
509 1588 712 1624 sanctitate
732 1590 770 1624 et
786 1586 974 1624 modestia
991 1597 1072 1624 esse
1088 1588 1348 1636 conjunctam.

307 1649 457 1689 Horum
486 1651 653 1700 primum
686 1655 724 1688 et
744 1651 911 1689 alterum
930 1651 1131 1701 aliquoties
1152 1651 1284 1690 Cicero
1307 1651 1349 1689 in

306 1713 548 1752 Academicis
568 1713 853 1761 Quaestionibus
872 1718 1062 1753 memorat
1074 1744 1085 1765 ,
1107 1715 1213 1753 unde
1233 1715 1348 1754 disci-

306 1787 395 1816 mus
423 1788 512 1816 cum
532 1779 626 1815 alios
655 1776 908 1816 Academicos
930 1782 1015 1816 tum
1037 1770 1249 1817 Arcesilam
1270 1779 1347 1818 De-

309 1843 459 1880 mocriti
471 1870 482 1888 ,
501 1842 739 1891 Anaxagorae
750 1869 762 1889 ‚
782 1841 1043 1891 Empedoclis,
1063 1841 1229 1882 Socratis
1245 1844 1350 1882 dicta

307 1906 360 1944 ita
374 1915 457 1943 esse
469 1906 755 1954 interpretatos,
770 1905 815 1943 ut
828 1905 1026 1944 veteribus
1039 1906 1115 1944 illis
1129 1917 1213 1945 eam
1232 1918 1349 1956 quam

307 1968 379 2016 ipsi
412 1966 694 2016 profitebantur
717 1967 919 2006 formulam
948 1967 1220 2007 obtruderent.
1260 1970 1349 2008 Em-

310 2031 490 2081 pedocles
516 2033 632 2082 igitur
659 2031 782 2071 fertur
814 2033 997 2071 statuisse
1028 2032 1086 2083 (2)
1110 2046 1130 2070 «
1161 2033 1259 2072 nihil
1290 2045 1351 2073 eo-

310 2095 464 2144 gnosci,
488 2095 582 2133 nihil
604 2096 771 2146 percipi,
793 2095 889 2134 nihil
909 2097 996 2134 sciri
1012 2107 1121 2146 posse
1134 2125 1144 2143 ,
1164 2101 1350 2147 angustos

306 2168 442 2196 sensus
453 2186 464 2204 ,
481 2158 693 2197 imbecillos
712 2160 882 2207 animos,
899 2159 1031 2199 brevia
1045 2162 1234 2200 curricula
1247 2163 1348 2211 vitae,

307 2222 476 2272 denique
495 2225 624 2261 omnia
643 2222 814 2262 tenebris
833 2235 918 2263 esse
940 2226 1191 2267 circumfusa.
1215 2240 1234 2263 i>
1258 2226 1350 2266 Haec

307 2296 545 2335 quamquam
562 2297 608 2324 ex
628 2287 720 2336 ipsis
734 2290 856 2336 poetae
871 2287 999 2327 verbis
1015 2289 1175 2327 collecta
1190 2319 1200 2337 ,
1217 2294 1350 2329 tamen

308 2351 445 2388 mirum
462 2354 650 2399 quantum
666 2355 779 2390 aucta
793 2355 896 2390 sunt.
913 2352 1054 2392 Verius
1072 2353 1258 2394 Lucullus
1271 2355 1352 2394 An-

307 2415 427 2454 tiochi
446 2415 597 2454 auditor
614 2415 689 2454 illis
704 2417 974 2456 contradicens
996 2417 1045 2468 (3)
1065 2430 1074 2457 :
1094 2432 1114 2454 α
1133 2419 1210 2458 Sed
1223 2431 1350 2470 neque

309 2477 561 2526 Saturninus,
578 2480 726 2528 inquit,
747 2480 872 2519 simile
890 2482 1107 2532 quidquam
1128 2483 1263 2522 habuit
1283 2495 1350 2523 ve-

309 2546 433 2581 terum
445 2543 613 2589 iliorum,
632 2554 701 2581 nec
716 2544 893 2584 Arcesilae
906 2547 1100 2586 calumnia
1115 2548 1352 2588 conferenda

309 2610 368 2645 est
388 2617 477 2645 eum
515 2606 725 2647 Democriti
756 2611 1002 2651 verecundia.
1027 2612 1100 2651 Isti
1131 2613 1349 2663 philosophi

311 2681 397 2709 raro
419 2670 629 2709 admodum
652 2683 774 2721 quum
790 2672 939 2714 haerent
954 2676 1085 2726 aliquo
1103 2677 1187 2716 loco
1198 2707 1209 2726 ,
1225 2678 1351 2716 excla-

310 2737 420 2773 mant
447 2736 556 2784 quasi
579 2740 706 2774 mente
722 2737 890 2789 incitati,
908 2739 1155 2789 Empedocles
1175 2742 1348 2792 quidem,

283 2843 286 2846 ⁴
309 2801 355 2836 ut
372 2798 568 2837 interdum
590 2799 684 2838 mihi
702 2799 828 2839 furere
846 2801 1041 2854 videatur,
1071 2805 1250 2845 abstrusa
1268 2817 1351 2845 esse

310 2862 464 2911 omnia,
492 2861 586 2900 nihil
618 2874 687 2902 nos
715 2865 880 2913 sentire,
910 2866 1005 2905 nihil
1041 2878 1218 2918 cernere,
1251 2870 1351 2910 nibil

1165 213 1229 252 DE
1259 214 1580 253 EMPEDOCLE.

1404 302 1500 340 scire
1519 311 1639 350 quam
1656 301 1800 339 sciunt.
1827 316 1843 333 υ
1871 298 1924 338 At
1941 309 1992 337 ne
2010 297 2091 337 liaec
2111 297 2270 347 quidem
2291 307 2455 336 consen·

1406 371 1520 405 tanea
1537 371 1629 404 sunt
1645 364 1820 404 versibus
1833 356 2101 414 Empedocleis
2114 392 2125 413 ,
2142 365 2183 401 in
2199 362 2342 413 quibus
2351 363 2459 403 Sicu-

1408 431 1468 469 lus
1485 434 1596 479 poeta
1615 440 1694 467 non
1711 429 1805 467 dicit
1815 427 1923 467 nihil
1936 429 2118 478 cognosci
2138 437 2271 476 posse,
2287 425 2356 464 sed
2370 427 2461 465 uni-

1408 503 1562 532 versum
1604 492 1769 542 perspici
1803 502 1914 541 posse
1945 495 2080 542 negat.
2133 489 2211 529 Sed
2260 489 2460 540 quomodo

1407 558 1640 608 posteriores
1659 555 1880 606 philosophi
1899 557 2112 606 simplicem
2132 555 2240 594 illam
2264 553 2460 604 Empedo-

1408 623 1477 661 clis
1518 622 1738 661 doctrinam
1774 621 1824 659 ad
1868 620 2163 660 dialecticorum
2204 619 2461 658 subtilitatem

1409 688 1672 725 revocaverint
1711 686 1944 736 intelligitur
1961 697 1983 724 e
2010 685 2123 724 Sexti
2151 684 2204 736 (⁴)
2225 685 2367 724 verbis.
2386 685 2460 724 Hic

1409 753 1512 791 enim
1539 755 1708 791 testatur
1737 751 1857 790 fuisse
1884 752 1954 801 qui
1981 751 2155 789 dicerent
2182 750 2461 800 Empedoclem

1411 820 1491 856 veri
1512 817 1722 868 indagandi
1743 818 1848 855 viam
1862 820 1901 855 et
1917 817 2029 865 quasi
2045 816 2356 854 instrumentum
2377 813 2463 866 (κρι-

1410 882 1546 935 τήριον)
1562 894 1641 922 non
1658 893 1807 932 sensus,
1821 881 1888 921 sed
1904 884 2051 919 rectam
2061 882 2251 918 rationem
2265 879 2460 930 habuisse,

1410 949 1510 988 hanc
1534 960 1626 987 vero
1650 948 1844 998 duplicem
1864 957 1946 985 esse
1964 946 2025 984 vel
2046 945 2221 984 divinam
2243 944 2305 983 vel
2322 943 2463 984 huma-

1409 1026 1516 1064 nam,
1531 1014 1694 1053 alteram
1709 1014 1822 1052 licere
1835 1014 1875 1051 in
1889 1011 2031 1062 vulgus
2044 1010 2191 1059 efferri,
2201 1010 2368 1051 alteram
2381 1021 2464 1049 non

1411 1080 1534 1118 licere.
1546 1079 1590 1118 In
1605 1079 1664 1118 his
1676 1081 1844 1129 primum
1855 1075 2033 1129 κριτήριον
2043 1075 2462 1126 offendit,vocabulum

1409 1146 1626 1193 optimum,
1650 1143 1718 1182 sed
1746 1144 1906 1182 minime
1938 1141 2267 1191 Empedocleum;
2298 1139 2462 1190 deinde,

1410 1210 1562 1247 etiamsi
1578 1218 1858 1257 nonnunquam
1872 1206 1986 1257 jubet
2002 1216 2074 1245 nos
2093 1207 2239 1255 mente,
2261 1215 2343 1244 non
2369 1215 2464 1244 ocu-

1411 1272 1465 1310 lis
1485 1283 1645 1312 eernere
1662 1270 1731 1325 (5),
1743 1283 1824 1311 non
1843 1275 1976 1310 tamen
1992 1275 2163 1311 excaecat
2179 1282 2252 1309 nos
2271 1270 2466 1320 Empedo-

1409 1337 1487 1375 cles
1495 1367 1508 1386 ,
1524 1348 1603 1376 non
1617 1337 1729 1375 orbat
1744 1336 1937 1385 sensibus,
1952 1337 2097 1386 quippe
2114 1336 2183 1385 qui
2196 1346 2331 1374 eorum
2346 1333 2465 1374 fidem

1409 1401 1450 1438 in
1470 1400 1682 1440 scrutanda
1702 1410 1833 1438 rerum
1851 1404 1993 1438 natura
2013 1409 2095 1437 non
2115 1398 2244 1437 tollat.
2266 1398 2466 1438 Judicavit

1409 1468 1562 1503 tantum
1576 1493 1587 1515 ,
1606 1474 1742 1503 sensus
1767 1474 1906 1513 parum
1930 1463 2060 1502 valere
2078 1462 2130 1501 ad
2153 1473 2284 1502 rerum
2307 1463 2465 1502 univer-

1409 1529 1562 1566 sitatem
1589 1527 1893 1577 pernoscendam
1908 1555 1919 1573 ,
1934 1527 1976 1565 id
1991 1530 2050 1565 est
2070 1526 2121 1565 ad
2140 1527 2313 1566 universi
2332 1530 2466 1566 ortum

1409 1595 1798 1634 animadvertendum
1826 1599 1866 1633 et
1901 1593 2003 1645 leges
2037 1593 2348 1645 perspiciendas;
2382 1592 2466 1631 haec

1412 1672 1492 1699 non
1509 1662 1683 1711 corporis
1702 1662 1824 1700 oculis
1846 1661 1913 1700 sed
1937 1662 2081 1699 mentis
2100 1662 2182 1699 acie
2202 1660 2322 1698 cerni.
2343 1658 2466 1698 Deni-

1412 1736 1489 1774 que
1508 1726 1613 1774 quod
1635 1725 1828 1776 duplicem
1849 1726 2100 1776 distinguunt
2124 1727 2317 1764 rationem
2330 1752 2342 1772 ,
2364 1724 2465 1763 divi·

1410 1800 1502 1828 nam
1520 1790 1683 1828 alteram
1697 1819 1709 1841 ,
1737 1790 1901 1828 alteram
1926 1789 2165 1840 humanam,
2188 1789 2230 1828 id
2249 1789 2301 1828 ad
2317 1789 2466 1839 ingenii

1409 1854 1567 1893 humani
1597 1854 1932 1906 imbecillitatem,
1954 1856 2117 1905 eJusque
2147 1853 2388 1900 remedium,
2409 1853 2469 1892 di·

1410 1920 1543 1957 vinam
1563 1920 1704 1957 mentis
1719 1920 1985 1957 incitationem
2004 1922 2044 1956 et
2059 1919 2343 1967 permotionem
2363 1915 2463 1956 refe·

1410 1983 1577 2022 rendum
1594 1987 1673 2031 est,
1686 1983 1877 2033 siquidem
1890 1983 2145 2033 Empedocles
2161 1993 2290 2022 rerum
2306 1992 2464 2028 arcana,

1410 2059 1495 2097 quae
1513 2059 1630 2098 supra
1652 2049 1759 2099 vulgi
1779 2052 1938 2098 captum
1959 2052 2088 2101 sunt,
2103 2059 2183 2086 non
2202 2048 2362 2097 agnosci
2389 2047 2465 2085 nisi

1411 2112 1555 2150 coelesti
1575 2114 1717 2151 mentis
1736 2114 1925 2151 instinctu
1944 2112 2088 2151 docuit.
2104 2111 2198 2150 Haec
2213 2111 2261 2150 de
2277 2111 2466 2161 prooemio

1410 2175 1514 2212 dicta
1526 2174 1736 2214 sufficiant.

1465 2240 1685 2288 Aristippus
1705 2243 1744 2277 et
1776 2238 1942 2290 Satyrus
1972 2239 2076 2289 apud
2107 2238 2322 2289 Diogenem
2351 2237 2471 2285 Laerf

1412 2305 1512 2342 tium
1533 2304 1598 2343 lib.
1623 2304 1738 2354 VIII,
1761 2310 1806 2343 61
1840 2305 2037 2342 memoriae
2065 2303 2345 2354 prodiderunt,
2368 2302 2466 2341 Em-

1411 2368 1611 2418 pedoclem
1631 2372 1713 2407 tres
1732 2368 1780 2406 de
1805 2378 1937 2406 rerum
1957 2372 2101 2406 natura
2120 2367 2243 2406 libros
2261 2366 2467 2406 Pausaniae

1411 2434 1537 2472 amico
1555 2434 1797 2483 inscripsisse
1819 2445 1829 2471 t
1862 2425 1905 2479 ἦν
1924 2430 1961 2470 δὲ
1985 2434 2004 2470 ὁ
2036 2429 2262 2479 Παυσανίας,
2283 2429 2332 2475 ὥς
2359 2445 2466 2484 φησιν

1411 2496 1636 2550 Ἀρίστιππος
1666 2495 1726 2536 καὶ
1746 2496 1925 2550 Σάτυρος,
1947 2494 2122 2549 ἐρώμενος
2147 2497 2253 2535 αὐτοῦ
2266 2525 2276 2545 ,
2290 2488 2320 2549 ᾧ
2341 2493 2384 2544 δὴ
2403 2493 2465 2534 καὶ

1410 2560 1454 2599 τὰ
1468 2560 1548 2614 περὶ
1568 2564 1631 2608 τῆς
1650 2560 1785 2614 φύσεως
1798 2559 2098 2614 προσπεφώνηκεν
2118 2558 2247 2604 οὕτως·

1463 2669 1667 2718 Παυσανία,
1682 2668 1723 2708 σὺ
1738 2668 1774 2708 δὲ
1789 2670 1889 2708 κλῦθι
1900 2666 2084 2722 δαΐφρονος
2094 2666 2257 2721 Ἀγχίτου
2271 2665 2325 2706 υἱέ
2338 2666 2408 2720 (6).
2425 2662 2434 2670 ’

1411 2760 1529 2799 Hunc
1561 2759 1799 2798 Pausaniam
1829 2757 1987 2797 Anchiti
2018 2757 2147 2796 filium
2167 2757 2322 2807 egregia
2351 2755 2467 2794 laude

1410 2826 1568 2864 ornavit
1587 2824 1838 2874 Empedocles
1866 2825 2011 2873 scripto
2033 2824 2335 2872 epigrammate,
2359 2821 2466 2872 quod

1410 2890 1514 2940 apud
1532 2888 1742 2938 Diogenem
1759 2887 1963 2926 Laertium
1985 2888 2011 2925 l.
2034 2897 2070 2925 e.
2096 2891 2135 2925 et
2156 2888 2195 2924 in
2223 2885 2466 2936 Anthologia

311 2926 470 2964 omnino
487 2928 602 2976 quale
620 2929 669 2966 sit
689 2939 798 2977 posse
816 2932 994 2979 reperire.
1013 2931 1199 2982 Majorem
1219 2939 1350 2974 autem
1409 2953 1588 2993 Palatina
1603 2952 1696 3002 VH,
1719 2956 1797 2990 508
1819 2955 1948 2990 exstat
1967 2963 1978 2990 :

311 2992 458 3037 partem
494 2990 589 3029 mihi
613 2991 767 3040 quidem
789 3004 924 3032 omnes
941 2996 1004 3033 isti
1024 2997 1207 3036 videntur
1231 3000 1349 3038 nimis

310 3054 427 3091 etiam
459 3054 635 3115 quaedam
669 3056 864 3096 affirmare
895 3058 1060 3109 plusque
1100 3060 1273 3109 profiteri
1312 3073 1353 3100 se

356 3205 383 3246 1)
406 3207 480 3238 Vss.
502 3209 613 3240 36-57.

352 3253 383 3293 2)
406 3253 516 3286 Cicero
532 3258 654 3293 Quaesl.
678 3257 775 3290 Acad.
793 3260 822 3298 i,
844 3262 892 3291 12.

350 3302 382 3341 3)
403 3301 487 3335 Ibid.
509 3304 564 3341 W,
586 3307 616 3335 5.

355 3348 386 3387 6)
410 3349 527 3380 Sextus
547 3349 725 3389 Empiricus
747 3351 824 3383 adv.
851 3352 951 3385 Math.
971 3354 1046 3392 vu,
1075 3356 1209 3387 123-124
1231 3367 1239 3387 ι
1263 3355 1350 3388 ἄλλοι

317 3397 349 3429 δὲ
363 3394 445 3434 ἦσαν
469 3397 500 3427 ol.
523 3396 660 3437 λέγοντες
684 3399 766 3430 κατὰ
792 3399 844 3432 τὸν
861 3399 1075 3440 Ἐμπεδοκλέα
1093 3403 1247 3444 κριτήριον
1272 3404 1350 3436 εἶναι

311 3443 363 3479 τῆς
375 3442 518 3481 &inflatae
531 3444 567 3476 οὐ
584 3445 638 3481 τὰς
656 3446 830 3488 αἰσθήσεις,
849 3447 927 3480 &uda
945 3449 998 3481 τὸν
1014 3449 1102 3491 ὀρθὸν
1122 3450 1225 3491 λόγον,
1240 3454 1296 3483 τοῦ
1316 3451 1349 3483 δὲ

1465 3058 1672 3106 Παυσανίην
1690 3057 1807 3111 ἰητρὸν
1829 3056 2030 3107 ἐπώνυμον,
2048 3055 2210 3108 Ἀγχίτου
2227 3053 2301 3093 υἱόν
2313 3084 2323 3102 ,

1412 3217 1504 3259 ὀρθοῦ
1519 3215 1614 3255 λόγου
1629 3215 1682 3247 τὸν
1698 3215 1753 3255 μέν
1771 3225 1841 3246 τινα
1857 3214 1937 3246 Θεῖον
1956 3212 2118 3255 ὑπάρχειν,
2132 3213 2185 3245 τὸν
2199 3213 2231 3244 δὲ
2253 3212 2463 3254 ἀνθρώπινον,

1410 3264 1454 3295 ὧν
1466 3264 1519 3296 τὸν
1537 3263 1591 3304 μὲν
1601 3263 1681 3295 Θεῖον
1695 3262 1870 3299 ἀνέξοιστον
1884 3261 1975 3299 εἶναι,
1990 3262 2042 3292 τὸν
2053 3261 2085 3292 δὲ
2099 3260 2290 3302 ἀνθρώπινον
2307 3258 2458 3296 ἐξοιστὸν.

1455 3310 1486 3352 5)
1508 3313 1567 3344 Vs.
1599 3315 1652 3343 82.
1675 3311 1731 3349 τὴν
1755 3310 1795 3342 σὺ
1822 3309 1886 3349 νόῳ
1908 3309 2015 3350 δέρκευ
2034 3307 2105 3349 μηδ’
2126 3308 2265 3349 ὄμμασιν
2296 3307 2359 3348 ἧσο
2374 3307 2465 3344 τεθη·

1411 3370 1488 3446 awti)-
1511 3404 1593 3438 Vide
1621 3413 1695 3446 quae
1723 3403 1763 3437 de
1790 3403 1840 3436 his
1871 3402 1979 3435 verbis
2010 3402 2077 3435 dixi
2102 3403 2134 3434 in
2160 3400 2404 3435 Commentario
2423 3399 2466 3432 ad

1412 3460 1463 3484 vs.
1484 3457 1536 3486 58.

2604 3165 2612 3284 ,ῳ-Ληη
2608 3118 2612 3144 ..ᾼ
2608 3075 2612 3085 -
