2612 3814
1093 234 1379 283 RELIQUIAE.
2258 253 2332 286 541

159 322 309 367 πολλοὺς
333 321 466 376 ἔχουσα
486 323 549 369 τῆς
573 319 763 373 εὐκοσμίας
782 321 954 372 φύλακας.
1027 321 1073 362 ‘O
1094 322 1129 361 δὲ
1151 339 1220 373 μη-
1252 329 1256 386 ]
1282 324 1435 375 ἀμείνων
1460 326 1478 363 ὁ
1495 327 1557 372 τῆς
1577 326 1681 378 ὂργῆς
1700 325 1866 376 κρείττων
1889 327 2021 376 μᾶλλον
2041 329 2101 365 τοῦ
2128 327 2184 367 διὰ
2205 327 2336 371 ταύτης

158 382 248 422 νύων
270 380 417 430 εὖσεῦὴς
448 380 540 420 ἔστω
569 380 630 420 καὶ
649 379 743 419 κατὰ
760 382 831 419 τῶν
863 381 1086 421 οἰκειοτάτων
1115 382 1221 434 ἐξαγ-
1253 389 1256 409 ⁵
1280 385 1583 434 πλημμελοῦντος.
1640 382 1685 423 Ὁ
1715 383 1793 433 ἱερὰ
1824 383 1884 422 καὶ
1912 385 2036 437 ἀρχεῖα
2067 387 2264 440 ὑπεραίρων
2292 389 2337 440 τῇ

157 443 304 492 γὲλλων·
326 440 423 480 οὐδὲν
443 439 511 493 γάρ
532 441 626 478 ἐστιν
648 438 855 492 οἰκειότερον
885 440 1065 494 πατρίδος.
1127 441 1220 492 Ἔμ-
1253 472 1256 505 Ι
1281 442 1489 494 πολυτελείᾳ
1504 445 1573 480 τῶν
1596 442 1691 481 ἰδίων
1714 441 1764 493 μὴ
1786 442 1988 490 εὗδοξείτω,
2008 445 2086 482 ἀλλ’
2103 447 2333 492 ὀνειδιζέσθω·

159 499 369 553 φανιζόντων
393 499 429 539 δὲ
450 498 501 550 μὴ
520 497 565 537 τὰ
595 497 639 537 δι’
661 498 823 538 ἀκούσιον
845 498 988 552 ἄγνοιαν
1005 500 1220 553 γιγνόμενα,
1254 507 1256 526 ³
1282 501 1392 551 μηδὲν
1425 500 1493 554 γὰρ
1528 500 1619 540 ἔστω
1662 500 1836 539 ἰδιωτικὸν
1869 503 2240 558 μεγαλοπρεπέστερον
2278 505 2338 545 καὶ

159 560 238 598 ἀλλ’
261 559 341 599 ὅσον
361 557 402 598 ἂν
422 559 463 597 ἐκ
481 557 646 611 προνοίας
664 573 698 596 τι
717 558 982 611 ἁμαρτάνωσιν.
1039 558 1084 599 Ὁ
1106 561 1136 599 δ’
1155 562 1220 610 ἐμ·
1253 601 1256 614 Ι
1282 560 1487 613 σεμνότερον
1516 563 1585 599 τῶν
1609 560 1802 610 δημοσίων.
1861 559 1908 600 Ὁ
1927 560 2069 613 πλούτῳ
2096 562 2156 601 καὶ
2177 564 2339 616 χρήμασι

162 616 360 671 φανισθείς,
377 615 420 656 ἂν
440 618 628 670 ἕθελεχθρῇ
648 618 699 668 τῷ
725 616 942 667 μηνύσαντι,
964 617 1134 668 μισείσθω
1153 618 1222 657 ὑπὸ
1282 618 1453 658 δουλεύων
1474 618 1759 671 καταφρονείσθω
1789 620 1837 664 ὡς
1858 619 2076 673 μικρόψυχος
2101 620 2149 659 ὢν
2175 622 2234 660 καὶ
2255 626 2338 662 ἀνε-

160 675 317 726 πάντων,
343 674 443 722 δίκην
479 675 591 720 διδοὺς
624 675 854 729 ἀχαριστίας,
876 671 918 724 ἧς
944 679 1131 729 ἀποστερεῖ
1163 677 1220 716 τὸν
1254 661 1256 727 Ε
1281 678 1441 731 λεύθερος
1461 678 1522 716 καὶ
1543 677 1877 729 καταπληττόμενος
1898 678 1968 718 ὑπὸ
1986 679 2178 730 κτημάτων
2198 682 2341 719 πολυτε-

161 734 366 787 ἰατρεύοντα
410 734 584 787 μεγίστην
628 735 727 775 νόσον
778 735 1020 789 ἰατρευόμενος
1067 737 1219 776 ἀδικίαν.
1254 728 1350 793 ίλῶν
1372 735 1434 775 καὶ
1455 735 1530 789 βίου
1560 735 1868 789 τραγῳδουμένου,
1892 735 1953 774 καὶ
1988 735 2130 784 εὐτελὴς
2163 730 2253 777 εἶναι
2277 738 2340 785 τὴν

158 794 283 834 Ἔστω
311 792 348 832 δὲ
368 793 520 846 μέγιστα
549 795 755 848 ἀδικήματα
776 798 862 835 θεῶν
883 796 1142 849 καταφρόνησις
1160 796 1220 836 καὶ
1255 809 1257 824 1
1281 794 1399 848 ψυχὴν
1424 795 1741 846 ὓπολαμὸανέσθω.
1801 794 1848 834 ‘O
1878 795 1947 849 γὰρ
1979 796 2225 850 μεγαλόψυχος
2255 813 2340 850 προ.

161 852 293 904 γονέων
328 853 484 898 κάκωσις
515 853 670 899 ἑκούσιος
705 853 766 894 καὶ
802 854 981 909 ἀρχόντων
1014 856 1074 895 καὶ
1105 855 1220 907 νόμων
1254 829 1258 908 ξ
1284 855 1473 893 διανοεῖται
1495 854 1613 894 πάντα
1635 854 1719 908 παρ’
1739 856 1854 908 ἑαυτῷ
1873 853 1918 893 τὰ
1940 856 2024 909 παρ’
2045 855 2257 908 ἀνθρώποις,
2283 857 2343 895 καὶ
2366 869 2369 872 ’

162 910 334 964 ὀλιγωρία
355 911 415 950 καὶ
443 912 601 957 ἑκούσιος
631 912 757 964 ἀτιμία
786 913 1021 962 δικαιοσύνης.
1080 914 1223 954 Δικαιό-
1285 915 1330 951 δι’
1349 914 1484 958 οὐδενὸς
1504 914 1703 967 θορυὸεῖται
1723 913 1880 954 τοιούτου
1901 913 1983 954 ὅταν
2004 915 2213 968 παραπέσῃ.
2278 918 2343 956 Αἰ-

163 985 269 1014 τατος
299 969 335 1009 δὲ
369 970 462 1010 ἔστω
480 971 540 1010 καὶ
559 971 750 1016 ὁσιώτατος
778 972 923 1021 πολίτης
939 976 958 1012 ὁ
976 978 1088 1013 ταῦτα
1111 976 1223 1025 τιμῶν
1287 973 1600 1027 σχροῤῥημονείτω
1621 974 1657 1011 δὲ
1681 973 1820 1025 μηδείς,
1845 973 1938 1019 ὅπως
1958 973 1999 1012 ἂν
2022 974 2072 1025 μὴ
2096 972 2341 1027 προσοικειοῖ(Ι

159 1029 222 1068 καὶ
242 1031 440 1084 ἐμφανίζων
458 1030 545 1084 πρὸς
570 1031 717 1076 πολίτας
743 1031 805 1070 καὶ
825 1032 998 1086 ἄρχοντας
1030 1031 1123 1071 κατὰ
1151 1035 1220 1071 τῶν
1284 1032 1347 1079 τὴν
1383 1032 1536 1072 διάνοιαν
1573 1033 1684 1086 ἔργοις
1717 1033 1896 1086 αἰσχροῖς,
1921 1032 2010 1084 μηδὲ
2040 1035 2251 1086 ἀναπιμπλῇ
2280 1033 2340 1081 τὴν

159 1089 488 1143 καταφρονούντων.
546 1090 660 1143 Ὑπὲρ
696 1091 863 1143 πατρίδος
895 1090 1130 1139 ἀποθνήσκειν
1164 1107 1223 1130 σε·
1284 1090 1402 1144 ψυχὴν
1436 1091 1612 1135 ἀναιδείας
1633 1091 1694 1131 καὶ
1723 1091 1952 1144 μιασμάτων.
2008 1093 2067 1133 Τὰ
2087 1091 2150 1145 μὲν
2185 1092 2253 1145 γὰρ
2288 1095 2344 1132 εὖ·

162 1147 326 1201 μνότερον
337 1148 462 1197 ἔστωῆ
476 1149 685 1202 γλιχόμενον
698 1153 758 1189 τοῦ
774 1152 836 1198 ζῆν
848 1152 1096 1202 ἐγκαταλιπεῖν
1111 1150 1220 1197 αὐτὴν
1285 1150 1450 1203 σχήμονα
1471 1150 1532 1191 καὶ
1552 1150 1637 1204 φίλα
1661 1156 1733 1195 τοῖς
1761 1151 1899 1196 οἰκείοις
1919 1149 2070 1203 ὀνόμασι
2093 1151 2153 1190 καὶ
2173 1151 2346 1202 κειμένοις

160 1208 222 1248 καὶ
252 1209 292 1248 τὸ
321 1208 443 1249 καλόν.
502 1210 672 1261 Κρεῖττον
697 1208 765 1261 γὰρ
797 1209 959 1248 τεθνάναι
980 1210 1098 1254 καλῶς
1116 1207 1139 1256 ἢ
1161 1211 1223 1257 ζῆν
1286 1208 1354 1248 ὑπὸ
1373 1214 1432 1250 τοῦ
1450 1210 1557 1260 νόμου
1576 1210 1898 1263 προσαγορεύομεν,
1915 1210 2000 1263 πρὸς
2021 1210 2044 1249 ἃ
2064 1210 2093 1249 δ’
2114 1212 2247 1263 ἐχθρῶς
2267 1211 2345 1264 ἔχο-

162 1268 320 1320 αἰσχρῶς
351 1267 412 1306 καὶ
437 1267 695 1312 ἐπονειδίστως.
753 1268 835 1321 Χρὴ
862 1267 900 1306 δὲ
926 1267 986 1306 καὶ
1007 1269 1077 1306 τῶν
1103 1269 1223 1307 τελευ-
1286 1284 1366 1324 μεν,
1388 1268 1599 1320 ἐξιστάμεθα
1620 1269 1680 1307 καὶ
1702 1272 1763 1316 τ’ῆς
1783 1269 2019 1322 προσηγορίας
2040 1269 2096 1309 διὰ
2116 1269 2156 1309 τὸ
2180 1269 2343 1322 αἰσχρόν.

161 1328 303 1366 τώντων
333 1326 482 1365 ἕκαστον
509 1331 616 1377 τιμᾶν
654 1325 704 1377 μὴ
745 1326 908 1380 δακρύοις
945 1326 1033 1377 μηδὲ
1072 1326 1222 1377 οἴκτοις,
1284 1325 1406 1367 Ἔστω
1427 1329 1463 1366 δὲ
1483 1327 1544 1367 καὶ
1562 1328 1705 1380 αἰσχρὸν
1723 1330 1831 1367 εἰπεῖν
1850 1328 1889 1367 τὸ
1911 1329 2070 1382 αἰσχρόν.
2130 1329 2287 1368 Γυναῖκα
2309 1327 2345 1366 δὲ

162 1386 255 1427 ἀλλὰ
274 1386 399 1439 μνήμῃ
425 1388 539 1439 ἀγαθῇ
558 1386 618 1426 καὶ
639 1389 682 1439 τῇ
703 1388 772 1426 τῶν
796 1387 876 1425 κατ’
896 1386 972 1431 ἔτος
987 1386 1126 1439 ὡραίων
1145 1388 1223 1426 ἐπι·
1284 1385 1350 1434 τὴν
1381 1386 1473 1425 κατὰ
1504 1385 1631 1437 νόμους
1663 1385 1808 1432 ἕκαστος
1846 1387 2021 1441 στεργέτω
2052 1386 2111 1426 καὶ
2143 1389 2183 1426 ἐκ
2215 1386 2347 1434 ταύτης

164 1450 275 1499 φορᾷ,
304 1448 350 1490 ὡς
381 1444 590 1498 ἀχαριστίας
617 1444 724 1494 οὔσης
753 1445 841 1499 πρὸς
871 1445 1040 1497 δαίμονας
1069 1446 1224 1500 χθονίους
1284 1445 1571 1493 τεκνοποιείσθω,
1605 1447 1651 1490 εἰς
1684 1445 1771 1486 ἄλλο
1807 1446 1842 1485 δὲ
1868 1447 1977 1497 μηδὲν
2007 1446 2182 1499 προῖέσθω
2217 1445 2345 1484 τέκνων

163 1506 277 1551 λύπης
296 1504 383 1556 ὑπὲρ
399 1503 440 1543 τὸ
465 1503 591 1557 μέτρον
614 1505 834 1558 γιγνομένης.
894 1505 1159 1561 Βλασφημείτω
1187 1506 1222 1544 δὲ
1286 1506 1355 1543 τῶν
1397 1507 1502 1544 αὑτοῦ
1536 1505 1683 1556 σποράν·
1715 1505 1804 1557 μηδὲ
1829 1506 1869 1545 τὸ
1897 1507 1980 1560 φύσι
2011 1505 2071 1545 καὶ
2101 1506 2199 1559 νόμῳ
2232 1505 2347 1556 τίμιον

166 1564 288 1615 μηδεὶς
320 1565 376 1602 ἐπ’
407 1562 517 1615 ἀδίκῳ
557 1562 675 1617 βλάὸῃ
715 1563 798 1618 περὶ
838 1564 1004 1615 μηδενός·
1040 1563 1224 1617 ὁσιώτερον
1289 1564 1427 1615 ἀνόμως
1449 1564 1668 1603 ἀναλισκέτω
1685 1565 1744 1603 καὶ
1764 1564 1949 1619 ὓὸριζέτω.
2009 1565 2054 1605 Ἡ
2075 1564 2142 1617 γὰρ
2164 1563 2264 1618 φύσις
2286 1581 2347 1604 τε-

164 1622 233 1675 γὰρ
265 1622 423 1676 εὐφημία
469 1622 699 1675 κακηγορίας.
772 1623 980 1675 Νομιζέσθω
1010 1623 1046 1662 δὲ
1079 1623 1225 1671 πολίτης
1290 1623 1470 1669 κνοποιίας
1487 1623 1599 1663 ἕνεκεν
1617 1624 1680 1661 οὐκ
1700 1624 1893 1669 ἀκολασίας
1925 1624 2067 1673 ἐποίησε
2099 1623 2164 1671 τὴν
2194 1624 2343 1676 σποράν,

166 1831 290 1864 consilii
304 1839 433 1872 poenam
446 1831 535 1864 dabit
549 1831 651 1871 geniis
661 1831 801 1863 civitatis
813 1831 1016 1864 custodibus.
1062 1831 1228 1872 Principes
1288 1841 1450 1874 quemque
1468 1841 1531 1864 non
1552 1832 1691 1864 lacrimis
1710 1835 1766 1864 aut
1782 1832 1903 1872 ejulatu
1917 1855 1926 1871 ,
1946 1832 2002 1864 sed
2022 1831 2107 1864 bona
2125 1833 2346 1865 recordatione

166 1890 253 1923 enim
269 1890 434 1923 civitatem
454 1889 641 1932 civiumque
661 1890 799 1923 salutem
814 1890 1003 1923 custodiunt
1022 1899 1059 1923 ac
1078 1891 1226 1924 tuentur.
1289 1892 1321 1924 et
1355 1887 1521 1924 fructuum
1561 1891 1732 1932 quotannis
1774 1891 1979 1923 nascentium
2016 1900 2150 1923 munere
2189 1891 2346 1924 honorare

169 1949 233 1982 Sed
252 1950 284 1982 et
311 1949 470 1991 principes
497 1949 585 1990 juste
602 1949 729 1982 civibus
753 1958 888 1991 praeesse
908 1951 1052 1992 oportet,
1073 1951 1233 1992 tanquam
1288 1951 1435 1991 oportet,
1450 1950 1528 1991 quia
1547 1949 1662 1990 ingrati
1681 1949 1780 1981 animi
1797 1949 1950 1982 adversus
1964 1949 2084 1982 inferos
2096 1951 2206 1991 genios
2222 1950 2348 1982 videtur

170 2008 279 2041 liberis
295 2009 381 2050 suis,
396 2008 596 2042 inimicitiam
614 2008 854 2050 amicitiamque
871 2010 905 2042 et
919 2010 999 2042 iram
1012 2009 1229 2050 injudicando
1288 2009 1384 2041 nimis
1412 2017 1559 2042 moerere.
1606 2011 1710 2042 Nemo
1739 2010 1847 2041 autem
1877 2009 2038 2041 immerito
2060 2010 2214 2042 damnum
2236 2019 2337 2050 passu.

168 2069 344 2109 sopientes.
364 2070 467 2101 Porro
484 2068 609 2101 laudari
626 2077 664 2101 ac
680 2068 834 2102 celebrari
849 2068 967 2102 debent
980 2069 1037 2111 qui
1050 2069 1228 2111 locupletes
1289 2069 1351 2101 ulla
1370 2069 1402 2101 in
1422 2078 1456 2101 re
1478 2069 1677 2101 convicietur
1700 2081 1708 2101 ι
1726 2077 1800 2100 nam
1821 2069 1910 2110 pium
1933 2068 2097 2101 hominem
2116 2069 2215 2109 magis
2231 2069 2346 2101 decent

169 2137 274 2170 quum
305 2129 371 2162 sint
397 2121 600 2162 tenuioribus
634 2138 730 2170 opem
758 2129 883 2169 serunt,
909 2130 1021 2170 utpote
1052 2129 1227 2162 liberorum
1289 2128 1371 2160 bona
1388 2128 1485 2161 verba
1501 2136 1598 2169 quam
1613 2127 1798 2168 maledicta.
1845 2127 1932 2160 Civis
1948 2128 2002 2169 qui
2020 2129 2134 2161 vicerit
2154 2128 2234 2160 iram
2254 2129 2347 2175 longe

171 2187 351 2230 patriaeque
367 2188 576 2221 defensorum
601 2191 856 2222 conservatores.
901 2188 1102 2222 subveniant
1121 2190 1228 2221 autem
1289 2188 1399 2219 melior
1419 2187 1651 2220 existimandus
1671 2190 1719 2219 est
1745 2187 1800 2219 illo
1825 2187 1881 2228 qui
1911 2188 2041 2228 propter
2062 2187 2141 2218 iram
2165 2186 2340 2227 delinquit.

171 2247 210 2280 iis
225 2247 283 2289 qui
299 2247 440 2280 satorum
457 2247 651 2289 acerbitate,
665 2256 730 2280 non
748 2247 823 2281 vitae
836 2248 950 2281 otiosae
967 2250 1000 2280 et
1017 2248 1230 2289 intemperan·
1288 2247 1443 2288 Quisquis
1464 2248 1583 2288 templa
1601 2249 1633 2280 et
1652 2247 1800 2288 praetoria
1820 2247 2019 2288 privatorum
2045 2246 2254 2278 aedificiorum
2278 2256 2348 2279 ma·

171 2305 213 2338 tis
237 2305 333 2347 culpa
353 2314 510 2347 pauperes
525 2306 613 2338 sunt.
656 2307 739 2338 Nam
756 2305 859 2338 satum
887 2307 919 2338 et
939 2306 1066 2338 fortuna
1084 2305 1230 2337 omnium
1289 2307 1473 2348 gnificentia
1490 2307 1639 2347 superat,
1660 2315 1726 2339 non
1745 2306 1860 2345 laude,
1876 2306 1932 2340 sed
1961 2306 2207 2347 reprehensione
2232 2306 2347 2347 dignus

172 2364 360 2397 communia
373 2366 470 2405 sunt,
488 2367 522 2397 at
537 2365 603 2397 vita
621 2365 725 2397 otiosa
738 2365 770 2397 et
786 2365 987 2398 incontinens
1001 2365 1159 2397 malorum
1176 2364 1233 2396 ho·
1290 2366 1447 2398 habeatur
1475 2375 1484 2398 :
1514 2366 1593 2398 nihil
1622 2366 1709 2398 enim
1740 2365 1903 2407 privatum
1930 2365 2130 2407 splendidius
2151 2366 2183 2397 et
2201 2365 2347 2398 ornatius

172 2424 299 2456 minum
325 2423 454 2464 propria
481 2425 543 2456 est.
588 2426 668 2457 Item
699 2424 872 2457 honestum
902 2424 1064 2465 judicetur
1092 2424 1233 2456 indicare
1290 2435 1388 2468 quam
1412 2425 1539 2467 publica
1568 2434 1640 2458 esse
1663 2425 1770 2458 debet.
1825 2425 1955 2457 Divitiis
1977 2427 2008 2458 et
2032 2425 2177 2466 pecuniae
2206 2425 2348 2457 serviens

174 2482 249 2515 mali
264 2482 415 2515 facinoris
440 2483 608 2515 conscium
621 2507 632 2523 ,
650 2483 687 2515 ut
705 2482 886 2524 respublica
904 2483 1075 2516 incolumis
1106 2492 1232 2524 perma-
1290 2486 1516 2518 contemnatur
1534 2485 1569 2517 ut
1581 2484 1731 2517 sordidus
1745 2486 1778 2517 et
1790 2484 1951 2517 illiberalis
1967 2484 2178 2525 stupidusque
2192 2484 2348 2525 pretiosa-

173 2542 248 2575 neat
264 2541 385 2574 multos
405 2541 527 2574 habens
546 2542 660 2575 formae
679 2550 748 2574 suae
764 2542 845 2575 bene
860 2542 1050 2583 compositae
1067 2543 1229 2576 custodes
1292 2553 1363 2576 rum
1393 2544 1631 2585 possessionum
1660 2544 1693 2576 et
1720 2544 1795 2576 vitae
1819 2543 1925 2576 mollis
1953 2544 2129 2576 admirator
2155 2544 2348 2586 humilisque

174 2604 204 2634 Is
219 2610 296 2633 vero
312 2601 375 2642 qui
393 2600 513 2633 indicat
536 2601 608 2642 pius
623 2601 843 2642 existimetur,
860 2601 986 2634 etiamsi
1013 2603 1233 2642 proximorum
1290 2603 1389 2636 animi
1415 2603 1512 2635 homo
1543 2611 1612 2636 esse
1641 2602 1854 2635 existimetur.
1902 2601 2028 2642 Quippe
2056 2601 2105 2633 vir
2127 2603 2349 2642 magnanimus

174 2660 293 2693 delicta
317 2659 432 2693 efferat
451 2669 460 2692 t
478 2659 558 2692 nihil
577 2660 663 2693 enim
681 2660 786 2702 patria
815 2660 908 2693 nobis
936 2660 1141 2701 conjunctius
1169 2663 1231 2694 est.
1291 2671 1364 2704 quae
1382 2662 1416 2695 in
1432 2662 1529 2695 rebus
1545 2662 1694 2694 humanis
1710 2661 1840 2694 evenire
1853 2661 1979 2702 possint
2004 2661 2113 2693 omnia
2130 2669 2239 2693 secum
2264 2669 2342 2701 prae-

174 2718 398 2752 Patet'acienda
414 2720 493 2752 sunt
506 2721 615 2752 autem
632 2728 697 2752 non
717 2728 755 2752 ea
770 2728 845 2766 quae
861 2719 955 2752 inviti
968 2723 1000 2752 et
1017 2719 1235 2761 imprudentes
1293 2721 1466 2754 meditatus
1483 2721 1571 2753 nulla
1586 2721 1641 2754 tali
1658 2720 1867 2762 perturbatur
1881 2720 2028 2759 fortuna,
2051 2719 2180 2761 quando
2203 2720 2348 2760 contigit.

173 2779 308 2820 quidam
324 2779 545 2812 commiserint
565 2778 622 2812 sed
644 2769 719 2820 qhoe
735 2779 883 2811 consulto
904 2778 1116 2820 peccaverint.
1162 2780 1233 2811 Cae-
1293 2782 1454 2813 Caeterum
1467 2780 1575 2820 turpia
1589 2788 1683 2812 nemo
1699 2780 1863 2820 loquatur,
1876 2787 1917 2811 ne
1926 2778 2069 2811 animum
2086 2778 2177 2810 tactis
2191 2778 2350 2810 obscoenis

175 2839 284 2870 terum
321 2837 499 2878 indicatus,
532 2837 558 2870 si
597 2838 776 2871 accusatori
809 2846 868 2870 sua
901 2839 1015 2879 sponte
1055 2837 1235 2870 inimicitias
1291 2839 1421 2879 adjiciat
1448 2839 1656 2880 mentemque
1682 2837 1882 2879 impudentia
1912 2846 1950 2870 ac
1975 2837 2147 2870 sceleribus
2174 2837 2345 2878 compleat.

175 2897 395 2937 denuntiarit,
414 2906 432 2930 a
451 2897 575 2930 cunctis
591 2897 666 2930 odio
687 2897 856 2938 habeatur,
875 2898 911 2930 ut
926 2906 1053 2939 poenam
1069 2897 1125 2930 det
1138 2898 1234 2930 animi
1294 2898 1419 2931 Etenim
1432 2906 1507 2939 quae
1523 2898 1656 2930 honesta
1670 2898 1703 2930 et
1720 2902 1793 2930 cam
1815 2896 1908 2929 nobis
1933 2897 2026 2937 sunt,
2053 2896 2135 2938 aptis
2165 2895 2350 2927 nominibus

175 2957 292 2998 ingrati
317 2966 383 2998 quo
411 2956 529 2989 deserit
558 2956 722 2989 medicum
754 2957 898 2989 maximo
931 2957 1045 2989 morbo
1070 2956 1235 2996 injustitiae
1292 2957 1390 2997 atque
1411 2955 1444 2987 in
1466 2955 1534 2996 lege
1556 2954 1681 2996 scriptis
1699 2954 1922 2996 appellamus,
1947 2964 2022 2996 quae
2045 2963 2121 2987 vero
2143 2954 2292 2994 odimus,
2310 2953 2350 2985 ab

177 3016 371 3049 medicinam
390 3016 569 3049 facientem.
615 3015 679 3049 Sed
693 3016 836 3048 maxima
853 3016 973 3048 scelera
987 3017 1140 3057 putentur
1157 3015 1235 3048 deo·
1293 3023 1407 3047 eorum
1428 3014 1480 3047 vel
1505 3013 1717 3055 appellatione
1740 3014 1869 3056 propter
1886 3013 2117 3055 turpitudinem
2144 3012 2348 3045 discedimus.

179 3084 252 3108 rum
275 3076 472 3116 contemtio,
492 3075 677 3109 voluntaria
694 3077 863 3117 parentum
883 3075 1029 3115 vexatio,
1053 3075 1237 3116 principum
1295 3076 1372 3107 Esto
1388 3074 1485 3115 igitur
1507 3075 1600 3115 turpe
1625 3073 1720 3106 etiam
1740 3082 1809 3106 rem
1826 3075 1953 3115 turpem
1974 3080 2162 3106 memorare.
2207 3072 2349 3104 Uxorem

179 3134 352 3175 legumque
364 3134 522 3175 neglectio
546 3136 580 3169 et
602 3134 784 3167 voluntaria
799 3134 971 3175 ignominia
983 3134 1119 3175 justitiae
1137 3134 1236 3167 illata.
1295 3133 1472 3175 legitimam
1502 3133 1724 3180 unusquisque
1745 3133 1832 3166 amet
1852 3141 1893 3165 ex
1917 3140 2019 3173 eaque
2038 3130 2155 3164 liberos
2178 3130 2353 3171 suscipiat,

179 3192 402 3231 Quamobrem
422 3193 621 3234 iustissimus
640 3194 719 3226 civis
739 3193 889 3235 idemque
911 3193 1131 3226 sanctissimus
1150 3193 1238 3234 judi·
1298 3202 1357 3226 nec
1374 3195 1482 3234 tamen
1499 3192 1565 3224 ullo
1585 3192 1646 3224 alio
1668 3192 1803 3224 consilio
1816 3190 1960 3223 effundat
1973 3198 2082 3222 semen
2095 3188 2136 3221 ad
2149 3188 2266 3221 liberos
2281 3197 2353 3229 pro—

180 3253 274 3284 cetur
292 3251 348 3292 qui
362 3252 433 3285 haec
447 3252 585 3286 honorat
601 3256 634 3286 et
647 3254 890 3286 contemnentes
907 3252 992 3294 apud
1006 3253 1092 3286 cives
1107 3254 1139 3286 et
1155 3253 1240 3295 prin·
1297 3252 1454 3285 creandos
1475 3251 1688 3292 destinatum,
1717 3251 1749 3282 id
1773 3249 1859 3291 quod
1886 3250 2001 3281 natura
2020 3249 2053 3281 et
2080 3248 2147 3289 lege
2177 3247 2351 3288 pretiosum

182 3310 269 3351 cipes
282 3310 413 3344 indicat.
458 3312 524 3344 Pro
555 3312 658 3354 patria
673 3313 755 3345 mori
775 3312 875 3354 magis
902 3312 1056 3345 decorum
1088 3312 1238 3353 ducatur,
1296 3314 1347 3345 est
1380 3310 1536 3352 flagitiose
1565 3318 1758 3343 consumens
1777 3311 1809 3342 et
1830 3308 1871 3340 ad
1896 3306 2088 3349 stuprandas
2111 3307 2250 3347 virgines
2273 3315 2352 3337 con-

184 3378 283 3410 quam
305 3369 434 3402 vivendi
451 3370 628 3412 cupiditate
651 3372 791 3413 patriam
814 3373 846 3405 et
871 3371 1073 3404 honestatem
1102 3371 1241 3404 derelin-
1298 3373 1442 3404 vertens.
1487 3371 1611 3403 Natura
1641 3370 1727 3402 enim
1755 3367 1852 3417 prolis
1887 3366 2093 3408 generandae,
2118 3374 2182 3399 non
2212 3364 2353 3396 lasciviae

182 3436 295 3468 quere.
341 3430 481 3461 Praestat
514 3429 599 3462 enim
631 3429 766 3463 honesta
788 3432 892 3463 morte
925 3429 1117 3463 occumbere
1143 3438 1239 3471 quam
1298 3438 1397 3462 causa
1408 3438 1519 3463 semen
1535 3428 1709 3471 produxit.
1757 3429 1900 3460 Uxorem
1913 3434 1991 3458 vero
2002 3426 2121 3458 castam
2133 3433 2201 3456 esse
2214 3425 2353 3464 oportet,

184 3488 322 3529 turpiter
343 3490 375 3522 et
390 3488 542 3530 probrose
559 3489 679 3523 vivere.
698 3491 858 3523 Caeterum
879 3489 1105 3523 ‹terunctorum
1122 3498 1240 3523 unum·
1299 3498 1403 3531 neque
1420 3489 1553 3531 impium
1570 3488 1707 3521 aliorum
1720 3487 1863 3519 virorum
1880 3485 2001 3519 coitum
2020 3484 2188 3517 admittere
2201 3508 2209 3524 ,
2228 3483 2353 3534 impen-
