2612 3814
287 201 364 236 ⁴82
998 193 1280 234 nnffloctls
1309 193 1722 235 COMMENTARIUS

410 281 554 323 μανθάνω
575 282 630 323 μὲν
648 281 701 314 olet
718 282 820 323 μέλλω
846 282 920 323 δρᾶν
934 281 1018 314 κακά
1031 306 1041 322 ,

367 330 514 370 ἐπιθυμία
532 329 565 361 δὲ
586 329 744 371 κρείσσων
767 332 830 362 τῶν
844 329 928 371 ἐμῶν
945 329 1191 372 βουλευμάτων,

282 406 360 453 καί,

365 486 409 519 Εὖ
424 487 478 527 μέν
493 498 545 529 μοι
566 488 667 524 δοκεῖς
684 487 783 526 λέγειν
793 511 802 525 .
817 487 957 519 πέπονθα
969 487 1000 519 δὲ
1012 486 1048 519 τὸ
1067 489 1130 518 τῶν
1146 487 1269 518 πολλῶν
1280 491 1338 519 πα·

365 530 415 566 θος
427 554 436 569 ,
461 530 498 561 οὐ
514 529 595 561 πάνυ
611 540 661 561 σοι
678 529 837 569 πείθομαι.

281 600 335 640 Τὸ
351 599 420 654 γὰρ
438 601 577 652 λογικὸν
593 599 688 653 γένος
702 601 786 653 πρὸς
805 598 867 647 τὴν
881 602 950 638 τῶν
970 601 1088 638 καλῶν
1106 600 1266 647 αἴσθησιν
1285 601 1341 638 εὖ·

282 662 377 712 φυῶς
404 660 640 711 διακείμενον,
679 658 942 710 εὖανάμνηστόν
968 660 1043 697 ἐστι
1079 659 1140 697 καὶ
1164 658 1339 711 εὐάγωγον

282 718 369 771 πρὸς
390 718 455 766 τὴν
478 722 539 757 τοῦ
568 720 667 771 ὀρθοῦ
686 719 791 769 λόγου
815 717 1069 766 διδασκαλίαν,
1088 716 1171 756 ὅταν
1192 717 1243 767 μὴ
1262 723 1340 761 ταῖς

281 780 494 825 παθητικαῖς
510 779 629 822 ὁλκαῒς
639 809 648 827 ,
665 776 784 829 ὥσπερ
798 777 867 816 τισὶ
883 776 1107 827 μολυὸδίσιν,
1122 776 1339 831 ὑποφέρηται

281 836 368 889 πρὸς
400 837 541 876 κακίαν.
599 839 663 876 Δεῖ
690 831 747 875 οὖν
769 837 830 875 καὶ
863 836 987 880 αὐτοὺς
1019 839 1112 886 ἡμᾶς
1146 835 1276 875 εἰδέναι
1295 836 1338 875 τὰ

282 895 404 935 δέοντα
418 927 428 947 ,
451 895 511 935 καὶ
526 895 588 940 τὰς
606 895 749 946 ἀλόγους
766 894 926 946 δυνάμεις
941 894 1074 943 ἐθίσαι,
1092 894 1172 933 ὅσον
1192 888 1262 933 οἶόν
1283 911 1336 943 τε,

279 955 340 994 καὶ
361 955 468 1000 αὐτὰς
498 956 547 1007 τῷ
577 956 612 993 ἐν
641 958 725 1006 ἡμῖν
757 953 850 1008 λόγῳ
886 953 1109 995 συνέπεσθαι.
1168 953 1275 994 Οὕτω
1303 955 1338 994 δὲ

279 1013 479 1065 ταχθέντων
500 1015 570 1052 τῶν
601 1015 741 1061 παθῶν,
759 1012 875 1056 ἱκανὸς
907 1014 925 1051 δ
944 1011 1113 1064 λογισμὸς
1130 1012 1266 1066 γε’νοιτο
1296 1013 1338 1052 ἂν

280 1072 550 1124 ἀπερισπάστως
567 1072 718 1126 φυλάξαι
738 1072 778 1110 τὰ
797 1073 922 1124 πρῶτα
942 1071 1241 1124 παραγγέλματα,
1258 1072 1339 1126 περὶ

280 1124 328 1168 ὧν
351 1130 488 1184 εἴρηται
516 1135 657 1170 ταῦτα
679 1130 754 1183 μὲν
784 1132 919 1176 οὕτως
937 1130 1043 1170 ἴσθι.
1103 1131 1194 1185 Περὶ
1213 1132 1249 1171 δὲ
1269 1135 1337 1172 τῶν

278 1189 355 1238 ἑξῆς
382 1190 528 1236 ἐθίζου
549 1196 732 1245 κρατεῖν
755 1184 870 1240 εἶπεν,
903 1190 1190 1242 ἐνδεικνύμενος,
1221 1192 1275 1231 ὅτι
1301 1193 1340 1232 τὸ

279 1248 342 1299 μὲν
361 1249 500 1301 λογικὸν
518 1249 730 1303 διδασκαλία
751 1250 812 1288 καὶ
833 1249 1015 1304 ἐπιστήμῃ
1036 1250 1225 1300 τάττεται,
1246 1251 1286 1291 τὸ
1302 1252 1336 1290 δὲ

278 1307 405 1361 ἄλογον
423 1310 576 1360 ἐθισμοῖς
593 1309 654 1348 καὶ
675 1309 829 1348 πλάσεσι
853 1309 985 1364 τρόπον
1002 1309 1079 1350 τινὰ
1101 1316 1337 1361 σωματικαῖς·

277 1365 371 1406 οὕτω
392 1366 428 1407 δὲ
446 1367 506 1406 καὶ
521 1370 589 1406 τῶν
609 1367 705 1414 ζώων
728 1367 771 1407 τὰ
792 1368 903 1419 ἄλογα
922 1369 1019 1422 μόνῳ
1039 1369 1108 1408 ἔθει
1127 1369 1251 1421 ἄγεται
1270 1370 1337 1408 ὑπὸ

277 1427 346 1465 τῶν
381 1426 587 1479 ἀνθρώπων.
647 1426 850 1466 Ἐθισθεῒσα
879 1421 938 1467 οὖν
969 1428 1106 1481 γαστὴρ
1142 1431 1257 1477 ζητεῖν
1294 1430 1338 1469 τὰ

278 1484 426 1538 μέτρια,
443 1484 505 1529 τάς
523 1500 561 1524 τε
582 1484 691 1529 ἄλλας
709 1486 895 1537 ἐπιθυμίας
912 1491 974 1526 τοῦ
997 1487 1160 1537 σώματος
1180 1504 1335 1538 κοσμιω-

276 1543 378 1597 τέρας
397 1539 595 1597 παρέχεται
618 1545 679 1584 καὶ
701 1545 760 1584 τὸν
781 1545 892 1595 θυμὸν
912 1545 1193 1599 ἐμμελέστερον,
1217 1545 1261 1584 ἵν’
1282 1548 1334 1600 ἐφ’

275 1603 426 1657 ἡσυχίας
443 1603 487 1643 τὰ
515 1603 597 1656 περὶ
616 1607 684 1642 τῶν
706 1604 853 1643 δεόντων
876 1604 1124 1656 βουλευώμεθα
1138 1634 1148 1652 ,
1174 1604 1223 1655 μὴ
1251 1606 1336 1660 σφό-

276 1663 341 1716 δρα
368 1662 435 1701 ὕπὸ
469 1665 539 1701 τῶν
561 1662 778 1716 συνεχόντων
803 1665 926 1702 παθῶν
956 1662 1224 1716 ἐνοχλούμενοι,
1259 1666 1335 1704 ὅθεν

275 1721 336 1760 καὶ
354 1721 394 1760 τὸ
414 1721 556 1765 ἑαυτοὺς
575 1725 705 1774 γνῶναι
729 1720 749 1759 ὅ
776 1724 881 1773 ἔσμεν
903 1725 947 1775 τῇ
970 1722 1119 1775 ἀληθείᾳ
1141 1723 1201 1761 καὶ
1219 1722 1259 1761 τὸ
1280 1724 1336 1760 αἷ-
1357 1773 1368 1781 ⁴

1402 282 1534 321 δεῖσθαι
1550 281 1609 324 οὓς
1622 281 1777 334 ἔγνωμεν
1793 283 2044 334 διδασκόμεθα.
2077 284 2143 324 Ἐκ
2162 285 2199 324 δὲ
2218 288 2280 333 τῆς
2296 287 2457 338 γνώσεως

1401 340 1532 388 ταύτης
1552 340 1613 379 καὶ
1639 345 1702 389 τῆς
1725 341 1895 390 συνούσης
1913 344 2003 396 αὐτῇ
2024 344 2139 388 αἰδοῦς
2161 348 2184 393 ἡ
2208 346 2280 383 ’τῶν
2299 347 2458 401 αἰσχρῶν

1402 398 1493 453 φυγὴ
1512 397 1758 452 παραγίνεται.
1815 400 1874 441 Τὰ
1887 400 1956 455 γὰρ
1975 401 2070 441 κακὰ
2086 402 2219 457 αἰσχρὰ
2232 403 2396 456 λέγεται,
2410 407 2461 450 ὡς

1403 460 1544 511 ἀπρεπῆ
1568 457 1630 496 καὶ
1647 457 1770 504 ἀνάξια
1787 459 1938 512 δρᾶσθαι
1959 460 2027 500 ὕπὸ
2049 462 2195 514 λογικῆς
2213 463 2351 508 οὐσίας·
2377 464 2459 518 περὶ

1402 511 1450 555 ὧν
1463 516 1508 555 τὰ
1530 516 1607 564 ἑξῆς
1631 518 1803 571 ἐπιλέγει.

1790 614 1861 654 IX.
1898 621 2067 656 11-12.

1483 706 1606 747 Πρήξῃς
1622 706 1649 739 δ’
1659 706 1791 749 αἰσχρὸν
1799 717 1879 739 ποτε
1902 708 1980 748 μήτε
2006 713 2074 749 μετ’
2094 709 2207 749 ἄλλου,

1491 753 1562 795 μήτ’
1576 753 1639 794 ἰδίῃ
1651 762 1660 770 ·
1676 753 1801 786 πάντων
1814 754 1847 786 δὲ
1869 754 1996 794 μάλιστ’
2009 756 2159 796 αἰσχύνεο
2179 755 2310 788 σαυτόν.

1455 833 1506 875 Ἢ
1528 834 1595 889 γὰρ
1616 838 1695 874 καθ’
1723 834 1865 879 ἑαυτοὺς
1891 835 2102 889 πράττοντές
2119 853 2153 875 τι
2178 837 2324 891 αἰσχρὸν
2345 839 2455 878 ἀδιά-

1402 909 1506 948 φορον
1527 894 1612 933 αὐτὸ
1625 892 1827 946 ἡγούμεθα,
1848 894 1867 932 ὃ
1888 894 1965 946 μετ’
1984 894 2090 934 ἄλλου
2114 896 2176 934 οὐκ
2196 894 2238 934 ἂν
2258 896 2458 950 ἐπράξαμέν

1400 969 1504 1000 ποτε,
1524 953 1583 992 τὸν
1604 952 1766 992 κοινωνὸν
1786 955 1850 999 τῆς
1869 953 2027 1008 πράξεως
2044 954 2308 1007 αἰσχυνόμενοι·
2327 955 2351 1004 ἢ
2372 957 2459 997 ἀνά·

1400 1011 1527 1058 παλιν,
1546 1011 1889 1065 συμπεριφερόμενοί
1901 1028 1973 1051 τισι
1992 1013 2195 1063 πράττομεν
2212 1012 2236 1052 ἃ
2254 1012 2306 1064 μή
2324 1013 2403 1054 ποτ’
2416 1013 2459 1054 ἂν

1400 1072 1478 1107 καθ’
1512 1069 1655 1114 ἑαυτοὺς
1678 1071 1903 1123 ἐδράσαμεν,
1924 1074 1968 1124 τῇ
1997 1070 2161 1124 κοινωνία
2180 1073 2250 1111 τῶν
2270 1087 2460 1127 συμπρατ·

1400 1128 1532 1170 τόντων
1547 1131 1594 1173 εἷς
1613 1130 1815 1184 παῤῥησίαν
1837 1135 1898 1169 τοῦ
1919 1130 2020 1183 ἔργου
2039 1130 2332 1185 προκαλούμενοι.
2388 1133 2460 1173 Διὰ

1401 1192 1503 1228 τοῦτο
1521 1189 1726 1241 προανεῖλεν
1745 1190 1914 1243 ἑκατέραν
1933 1191 2011 1230 ὁδὸν
2030 1193 2093 1238 τῆς
2108 1192 2156 1235 εἷς
2172 1191 2212 1230 τὸ
2232 1190 2378 1248 αἰσχρὸν
2398 1193 2459 1232 καὶ

1399 1247 1439 1286 τὸ
1455 1248 1563 1287 κακὸν
1584 1249 1850 1301 παρεκὸἄσεως.
1910 1251 1956 1289 Εἰ
1975 1249 2044 1303 γὰρ
2065 1250 2105 1289 τὸ
2125 1250 2271 1303 αἰσχρὸν
2292 1254 2336 1304 τῇ
2364 1251 2459 1299 ἁλη-

1402 1306 1476 1360 θεία
1496 1307 1643 1361 φευκτόν
1657 1338 1667 1357 ,
1687 1309 1750 1346 οὗκ
1771 1308 1812 1347 ἄν
1829 1324 1915 1348 ποτε
1935 1309 1993 1347 διὰ
2013 1309 2219 1361 περίστασιν
2239 1309 2376 1362 αἱρετὸν
2398 1309 2459 1362 γε’-

1400 1382 1505 1405 νοιτο.
1564 1366 1628 1406 Διὸ
1660 1367 1817 1418 συνάψας
1847 1361 1922 1406 εἶπε
1935 1398 1946 1420 ‚
1978 1367 2068 1419 μήτε
2101 1369 2179 1418 μετ’
2209 1367 2316 1407 ἄλλου
2329 1397 2341 1419 ,
2375 1367 2458 1419 μήτ’

1399 1425 1489 1479 ἰδίῃ·
1508 1425 1566 1466 ἵνα
1588 1426 1679 1477 μήτε
1711 1427 1861 1477 μόνωσις
1886 1427 2049 1480 ἐπεγείρῃ
2070 1443 2109 1467 σε
2127 1427 2213 1481 πρὸς
2241 1428 2281 1467 τὸ
2301 1428 2351 1479 μὴ
2371 1428 2457 1482 πρέ·

1399 1503 1462 1525 πον
1477 1517 1489 1537 ,
1524 1486 1613 1536 μήτε
1642 1486 1808 1524 κοινωνία
1847 1487 2107 1537 εὖαπολόγητόν
2141 1501 2195 1526 σοι
2224 1487 2355 1540 ποιήσῃ
2393 1487 2459 1535 τὴν

1399 1546 1591 1598 ἁμαρτίαν.
1651 1538 1730 1585 Εἶτ’
1754 1546 1913 1598 ἐπήγαγε
1933 1546 1998 1594 τὴν
2015 1546 2153 1596 αἰτίαν,
2173 1546 2238 1595 τὴν
2260 1546 2370 1598 μόνην
2387 1550 2458 1588 τῶν

1398 1606 1518 1643 κακῶν
1533 1603 1820 1657 ἀποτρέπουσαν,
1837 1604 2021 1644 πάντων
2042 1604 2084 1643 δὲ
2101 1605 2282 1656 μάλιστ’
2301 1607 2459 1660 αἰσχύ·

1397 1680 1414 1701 ν
1425 1679 1466 1703 εο
1485 1678 1564 1701 σαυ
1577 1663 1667 1702 τόν.
1725 1662 1812 1702 Ἐὰν
1832 1663 1901 1717 γὰρ
1922 1665 2059 1716 ἐθισθῇς
2075 1664 2201 1704 σαυτόν
2217 1664 2459 1718 αἰσχύνεσθαι,

1398 1721 1483 1766 ἕξεις
1503 1724 1705 1774 πανταχοῦ,
1724 1720 1761 1760 ὃν
1780 1722 1971 1776 αἷδεσθήσῃ
1984 1753 1995 1775 ,
2011 1722 2224 1762 οἰκειότατον
2243 1723 2384 1777 φύλακα
2397 1724 2459 1764 καὶ

361 1873 507 1914 intelligo
527 1873 679 1913 quidem,
697 1873 803 1913 qualia
829 1873 944 1905 moliar
960 1873 1062 1914 mala,

362 1920 419 1953 sed
440 1921 562 1953 ratione
579 1920 691 1953 fortior
709 1920 787 1952 milli
800 1920 961 1962 cupiditas
975 1923 1038 1953 est.

278 2004 337 2049 Et,

361 2096 427 2128 Nec
450 2094 588 2127 absurde
602 2103 680 2128 sane
707 2096 786 2128 mihi
808 2096 927 2129 videris
942 2096 1068 2138 dicere3
1096 2096 1206 2130 laboro
1223 2099 1332 2131 autem

276 2141 400 2183 vulgari
424 2141 510 2174 malo
522 2166 532 2183 ,
543 2141 769 2184 obtemperare
781 2143 840 2176 tibi
858 2153 984 2185 nequeo

275 2226 423 2262 Etenim
443 2227 596 2264 suboles
605 2229 745 2265 mentis
759 2241 919 2277 compos
932 2255 943 2274 ‚
962 2241 1079 2277 quum
1094 2229 1142 2266 ad
1157 2230 1334 2267 honestas

275 2297 334 2322 res
363 2287 631 2336 percipiendas
673 2288 812 2325 natura
842 2295 1060 2337 comparata
1093 2290 1140 2326 sit
1154 2317 1165 2335 ‚
1198 2302 1330 2326 earum

275 2356 426 2382 memor
449 2352 507 2382 est
535 2353 572 2383 et
590 2345 729 2384 docilis
748 2347 799 2384 ad
824 2354 941 2384 rectae
969 2349 1128 2385 rationis
1161 2350 1304 2385 monita
1320 2377 1330 2396 ‚

277 2405 432 2452 quando
478 2418 559 2442 non
608 2407 815 2444 affectuum
856 2408 1094 2457 ponderibus
1108 2438 1118 2458 ,
1151 2416 1332 2458 tanquam

275 2463 463 2511 plumbei⁵
484 2466 712 2514 quibusdam
737 2467 880 2516 globis,
893 2467 942 2504 ad
961 2469 1052 2505 vitia
1072 2468 1252 2505 deorsum
1269 2481 1333 2505 ra-

276 2522 392 2571 pitur.
409 2523 573 2572 Oportet
591 2525 709 2574 igitur
727 2538 798 2562 nos
818 2538 863 2563 ea
874 2554 885 2573 ,
902 2539 986 2575 quae
1000 2527 1123 2563 nostri
1137 2534 1224 2564 sunt
1240 2526 1335 2564 offi-

278 2580 327 2616 cii
339 2608 350 2629 ,
368 2582 482 2627 scire,
499 2582 737 2621 irrationales
753 2591 881 2622 autem
904 2585 1101 2623 facultates
1113 2612 1126 2632 ,
1147 2594 1332 2635 quantum

276 2636 357 2676 ficri
376 2647 520 2688 potest,
543 2642 831 2680 assuefaciendae
863 2652 952 2682 sunt
986 2652 1024 2682 et
1055 2645 1146 2694 ipsae
1169 2646 1331 2693 rationi,

278 2710 362 2746 quae
381 2700 421 2735 in
439 2699 551 2736 nobis
563 2708 638 2749 est,
655 2702 934 2752 obtemperare.
954 2704 1165 2741 Affectibus
1176 2718 1266 2742 vero
1280 2706 1334 2742 sic

278 2757 320 2793 iu
342 2758 518 2795 ordinem
537 2759 703 2798 redactis
716 2790 726 2810 ‚
750 2769 829 2798 tum
847 2762 1002 2799 demum
1017 2765 1159 2813 poterit
1177 2765 1258 2814 ipsa
1276 2778 1335 2802 ra·

278 2816 333 2852 tio
353 2817 457 2854 nulla
472 2830 516 2854 re
535 2818 811 2857 interveniente
829 2822 952 2870 prima
964 2823 1029 2859 illa
1047 2830 1242 2873 praecepta
1260 2825 1331 2861 ob-

278 2887 448 2922 servare,
467 2877 515 2913 de
543 2878 680 2926 quibus
709 2879 854 2916 dictum
878 2888 933 2918 est
966 2894 975 2917 t
998 2881 1086 2919 hoec
1112 2885 1263 2932 quidem
1283 2887 1336 2920 sic

279 2941 422 2973 teneas.
445 2937 502 2972 De
521 2938 767 2985 sequentibus
787 2947 914 2976 autem
933 2940 1048 2987 dicit,
1069 2945 1257 2991 imperare
1275 2956 1334 2979 as·

278 3006 419 3040 suesce,
444 2993 680 3045 significanS‚
702 2997 742 3033 id
762 2998 869 3046 quod
888 3005 942 3035 est
966 3001 1114 3038 ratione
1130 3002 1334 3050 praeditum

279 3052 480 3103 disciplina
503 3067 548 3091 ac
567 3055 722 3092 scientia
748 3057 854 3105 regi,
875 3057 972 3094 illud
989 3066 1116 3095 autem
1148 3060 1256 3108 quod
1274 3073 1334 3098 ra-

279 3112 383 3148 tione
413 3120 517 3150 caret
543 3115 784 3151 assuetudine
809 3122 847 3152 et
877 3116 1107 3154 formatione
1142 3119 1333 3166 quodam-

278 3169 398 3206 modo
429 3183 617 3220 corporea
645 3173 790 3209 institui
812 3185 821 3211 :
841 3174 893 3210 sic
923 3175 1023 3211 enim
1050 3183 1088 3212 et
1114 3176 1227 3214 bruta
1254 3179 1334 3214 ani·

277 3229 580 3274 maliaqhomines
602 3232 681 3269 sola
701 3233 976 3270 consuetudine
998 3234 1331 3274 condocefaciunt.

279 3291 419 3326 Venter
445 3289 564 3338 igitur
585 3292 651 3339 qui
668 3292 868 3329 moderata
883 3300 1063 3342 appetere
1081 3296 1333 3345 consueverit,

280 3360 365 3384 cum
386 3355 537 3386 caeteras
550 3352 725 3399 corporis
738 3352 965 3401 cupiditates
978 3353 1107 3389 reddit
1122 3360 1336 3402 temperan-

279 3405 415 3454 tiores,
435 3414 515 3443 tum
528 3409 622 3445 iram
636 3410 756 3459 ipsam
771 3411 1023 3448 remissiorem
1040 3440 1050 3453 ,
1069 3419 1113 3449 ut
1132 3412 1180 3449 de
1194 3413 1238 3449 iis
1252 3425 1336 3462 quae

1398 1876 1447 1913 ad
1482 1876 1653 1914 officinm
1688 1879 1883 1927 pertinent
1929 1880 2133 1928 tranquille
2176 1879 2454 1925 deliberemus,

1399 1937 1722 1973 commotionibus
1744 1937 1903 1973 internis
1919 1938 2077 1974 minime
2103 1939 2234 1988 agitati
2256 1951 2266 1975 ε
2289 1938 2394 1976 unde
2419 1947 2459 1976 et

1397 1995 1638 2044 nosmetipsi
1668 1995 1763 2045 quid
1794 2007 1885 2032 vere
1911 1996 2028 2033 simus
2045 2009 2178 2046 nosse,
2198 2005 2236 2035 et
2259 1999 2315 2036 sic
2342 2004 2457 2036 notos
2483 2026 2493 2041 2

1398 2054 1564 2090 revereri
1580 2053 1770 2091 discimus.
1790 2056 1845 2090 Ex
1858 2053 1930 2091 hac
1945 2068 2040 2092 vero
2057 2057 2276 2105 cognitione
2295 2069 2457 2106 eamque

1398 2114 1602 2149 comitante
1618 2113 1769 2161 pudore
1784 2126 1918 2151 eorum
1930 2114 2019 2163 fuga
2028 2113 2072 2151 fit
2086 2127 2170 2163 quae
2189 2113 2358 2167 (αἰσχρὰ)
2374 2122 2457 2153 tur-

1396 2173 1461 2220 pia
1477 2179 1585 2218 sunt3
1611 2172 1705 2208 vitia
1725 2173 1825 2209 enirn
1842 2171 1976 2224 αἰσχρὰ
1991 2174 2187 2220 dicuntur,
2206 2181 2250 2211 ut
2268 2173 2455 2211 indecora

1397 2238 1434 2267 et
1467 2231 1625 2280 indigna
1649 2244 1732 2280 quae
1767 2231 1814 2268 ab
1838 2233 2063 2281 intelligenti
2098 2241 2233 2270 natura
2258 2232 2372 2283 fiant,
2403 2233 2455 2271 de

1398 2290 1536 2339 quibus
1554 2302 1600 2327 ea
1616 2303 1699 2339 quae
1715 2297 1930 2339 sequuntur
1943 2290 2090 2338 adjicit.

1801 2379 1872 2415 IX.
1913 2391 2052 2415 11—12.

1480 2460 1528 2491 Ne
1547 2458 1625 2499 quid
1646 2466 1791 2499 unquam
1808 2460 1902 2499 turpe
1917 2458 2104 2491 committas
2121 2457 2191 2491 sive
2207 2466 2283 2491 cum
2295 2458 2361 2492 alio

1481 2506 1551 2539 sive
1571 2514 1717 2539 seorsum
1728 2529 1738 2547 ‚
1753 2505 1809 2538 sed
1825 2506 1969 2538 maxime
1991 2505 2137 2538 omnium
2152 2515 2264 2539 verere
2279 2507 2312 2539 te
2333 2506 2454 2549 ipsum.

1399 2585 1474 2623 Aut
1494 2585 1598 2622 enim
1625 2591 1737 2634 turpe
1758 2584 1906 2633 aliquid
1927 2585 1999 2620 soli
2029 2584 2209 2622 facientes
2233 2584 2467 2630 indifferens

1397 2644 1492 2681 illud
1526 2644 1770 2690 arbitramur,
1806 2643 1914 2692 quod
1946 2651 2132 2692 praesente
2160 2644 2234 2680 alio
2257 2657 2454 2694 nunquam

1397 2705 1612 2742 fecissemus
1626 2733 1636 2752 ‚
1655 2704 1834 2740 facinoris
1848 2709 1978 2739 testem
1993 2703 2178 2740 adhibere
2190 2704 2455 2741 verecundan-

1400 2772 1476 2810 tes3
1498 2771 1563 2801 aut
1597 2769 1730 2800 contra
1749 2763 1831 2799 aliis
1863 2762 2114 2810 obsequentes
2132 2762 2196 2798 illa
2215 2763 2328 2798 simul
2352 2761 2454 2799 saci-

1398 2837 1482 2860 mus
1498 2853 1508 2872 ‚
1526 2836 1610 2873 quae
1631 2823 1702 2859 soli
1717 2834 1916 2870 nunquam
1938 2821 2173 2866 fecissemus,
2192 2820 2239 2857 ab
2259 2821 2343 2870 ipsa
2357 2820 2453 2857 faci-

1396 2883 1502 2918 noris
1526 2882 1706 2918 societate
1731 2880 1782 2916 ad
1802 2880 1839 2916 id
1870 2879 2032 2916 fidenter
2065 2878 2294 2928 patrandum
2313 2879 2451 2917 allecti.

1398 2943 1643 2991 Quapropter
1669 2946 1871 2987 utramque
1898 2938 1949 2975 ad
1979 2937 2076 2974 illud
2088 2965 2099 2984 ,
2131 2937 2238 2986 quod
2275 2944 2388 2987 turpe
2418 2946 2454 2975 et

1397 3003 1576 3038 vitiosum
1605 3006 1674 3044 est,
1701 2997 2001 3047 transgrediendi
2039 2998 2141 3033 viam
2173 2997 2378 3045 praeclusit.
2415 2997 2454 3034 Si

1398 3061 1499 3097 enim
1523 3058 1714 3108 quidquid
1741 3065 1853 3106 turpe
1875 3063 1929 3093 est
1945 3085 1956 3105 ‚
1975 3067 2110 3105 reapse
2137 3054 2362 3104 fugiendum
2381 3056 2452 3101 sit,

1397 3132 1595 3169 nunquam
1614 3118 1655 3155 id
1673 3124 1836 3167 propter
1856 3123 2030 3164 tempora
2059 3114 2234 3163 quaedam
2250 3127 2455 3164 rerumque

1397 3185 1535 3215 statum
1555 3178 1628 3214 erit
1643 3175 1873 3226 eligendum.
1891 3175 2081 3222 Quocirca
2101 3173 2334 3222 conjunctim
2354 3173 2456 3211 dixit

1399 3250 1515 3286 neque
1530 3249 1613 3272 cum
1634 3235 1712 3271 alio
1733 3245 1852 3283 neque
1877 3245 2056 3278 seorsum,
2078 3240 2121 3269 ut
2140 3244 2265 3281 neque
2283 3232 2454 3269 solitudo

1400 3303 1436 3333 te
1453 3296 1503 3333 ad
1530 3296 1572 3333 id
1590 3294 1698 3344 quod
1717 3293 1945 3330 indecorum
1965 3299 2019 3328 est
2039 3293 2194 3339 incitet,
2211 3305 2284 3329 nec
2306 3291 2453 3329 facilem

1397 3356 1547 3404 peccati
1563 3355 1843 3392 excusationem
1857 3352 1927 3388 tibi
1943 3353 2111 3402 praebeat
2125 3352 2294 3390 societas.
2309 3350 2455 3387 Deinde

1400 3415 1612 3461 rationem,
1635 3426 1719 3463 quae
1742 3413 1822 3450 sola
1841 3423 1864 3448 a
1888 3412 1988 3448 vitiis
2009 3411 2216 3458 deterreat,
2242 3411 2340 3447 hanc
2359 3409 2453 3446 sub·

2599 136 2602 139 ,
2595 71 2597 75 Δ
2586 0 2601 56 ι,ι’ωιι

2606 165 2612 197 ..n
2605 0 2612 155 ...ι-Α*-
