2612 3814
205 281 281 315 524

203 438 278 466 ras.

258 499 323 534 27.
357 485 463 525 Deus
506 485 664 538 sapiens
700 485 768 524 lux
795 494 875 533 est,
908 498 988 523 non
1021 498 1144 536 capax
1178 497 1274 522 con-

202 547 329 586 trarii.

256 607 323 646 28.
355 606 608 658 Quaecunque
623 606 713 644 fecit
732 606 859 653 Deus,
883 619 956 657 pro
978 603 1207 643 hominibus
1227 616 1271 641 ea

201 667 304 706 fecit.

258 741 322 777 29.
353 727 526 777 Angelus
539 726 718 766 minister
731 734 789 764 est
804 725 877 764 Dei
895 724 943 763 ad
960 724 1174 763 hominem.
1194 723 1267 777 (Cf.

199 785 398 838 Porphyr.
421 786 484 826 ad.
510 786 629 825 Marc.
651 799 738 838 cap.
759 786 837 835 21.)

258 847 323 885 30.
355 846 454 885 Tam
497 846 696 899 pretiosus
734 854 793 885 est
822 844 943 884 homo
978 844 1083 897 apud
1119 844 1243 882 Deum
1257 872 1267 892 ‚

200 920 317 958 quam
339 907 517 958 angelus,

255 969 320 1008 31.
353 967 511 1005 Primus
531 966 731 1004 beneficus
759 974 816 1004 est
837 966 966 1014 l)eus;
989 965 1185 1004 secundus
1214 973 1271 1003 est

198 1027 257 1074 is,
281 1028 350 1079 qui
380 1026 564 1066 beneficii
595 1024 682 1076 ejus
717 1026 759 1063 fit
791 1025 989 1077 particeps
1019 1025 1151 1081 homo.
1175 1023 1272 1063 Vive

197 1087 320 1138 igitur
338 1088 415 1136 ita,
440 1097 623 1138 tanquam
644 1086 714 1136 qui
735 1085 789 1124 sis
811 1085 1009 1124 secundus
1035 1092 1126 1136 post
1145 1084 1269 1122 Deum

198 1156 235 1185 et
251 1148 397 1186 electus
418 1146 468 1185 ab
497 1160 556 1186 eo,
575 1145 703 1199 (Conf.
722 1145 836 1196 Orig.
854 1154 991 1184 contra
1009 1144 1113 1184 Cels.
1131 1143 1203 1184 lib.
1220 1142 1270 1181 IV

197 1221 287 1260 pag.
315 1221 390 1258 179
410 1207 473 1248 ed.
497 1206 701 1258 Spencer.)

253 1269 318 1307 32.
352 1266 482 1306 Habes
506 1266 699 1320 (inquam)
726 1266 769 1305 in
792 1275 829 1304 te
850 1265 1002 1317 aliquid
1019 1265 1150 1305 simile
1171 1265 1267 1313 Dei,

194 1337 232 1366 et
257 1328 348 1367 ideo
368 1337 479 1367 utere
500 1336 537 1366 te
563 1328 651 1380 ipso
666 1356 677 1376 ,
696 1327 807 1366 velut
827 1327 975 1379 templo
994 1326 1088 1375 Dei,
1107 1336 1271 1379 propter

194 1387 316 1436 illud,
342 1387 449 1439 quod
467 1388 509 1426 in
526 1396 564 1426 te
585 1387 716 1426 simile
737 1395 796 1426 est
816 1387 903 1427 Dei.
930 1386 1012 1439 (Cf.
1037 1387 1268 1439 Demophili

194 1456 295 1489 sent.
321 1447 372 1494 45
388 1456 426 1486 et
445 1447 596 1500 Porph.
618 1447 668 1485 ad
687 1446 810 1487 Marc.
831 1460 916 1499 cap.
940 1461 955 1485 1
970 1447 1020 1498 1.)

251 1508 316 1548 33.
348 1507 590 1546 Revereatur
605 1507 728 1546 vitam
747 1515 852 1546 tuam
875 1507 1059 1546 mundus.
1081 1506 1188 1546 Nihil
1206 1506 1270 1545 ad-

194 1567 351 1615 mittas,
372 1566 480 1618 quod
499 1566 573 1605 tibi
593 1566 753 1605 invehat
771 1575 920 1607 notam.

250 1627 316 1672 34.
348 1626 451 1666 Male
483 1627 684 1679 viventes,
704 1640 793 1665 cum
823 1639 872 1665 ex
899 1640 1070 1679 corpore
1091 1640 1270 1666 excesse-

194 1687 299 1735 rint,
320 1686 515 1727 cruciabit
534 1689 660 1726 malus
685 1687 840 1726 daemon
854 1717 865 1736 ,
890 1701 1015 1740 usque
1043 1701 1123 1740 quo
1151 1689 1267 1727 etiam

193 1749 458 1789 novissimum
478 1748 737 1801 quadrantem
760 1748 893 1799 exigat
910 1747 960 1787 ab
978 1748 1048 1787 eis.

249 1809 315 1848 35.
347 1809 488 1848 Beatus
507 1809 588 1860 vir,
607 1808 722 1860 cujus
737 1808 908 1847 animam
925 1822 1040 1848 nemo
1057 1808 1268 1862 reprehen-

194 1869 253 1909 dit
272 1869 321 1908 ad
339 1869 465 1908 Deum
485 1877 657 1909 euntem.

250 1925 315 1964 36.
346 1924 472 1962 Deum
493 1936 589 1974 ergo
609 1923 763 1962 honora
781 1937 901 1976 super
929 1923 1084 1972 omnia,
1107 1932 1151 1962 ut
1182 1924 1269 1976 ipse

194 1983 422 2022 dominetur
442 1981 532 2022 tibi.

249 2043 314 2092 37.
343 2042 544 2094 Quicquid
573 2055 694 2095 super
714 2043 851 2082 omnia
884 2044 1171 2096 honoraveris,
1192 2044 1268 2084 hoc

194 2102 269 2142 tibi
316 2102 604 2142 dominabitur.
652 2103 694 2142 Si
746 2113 876 2143 autem
922 2104 1169 2144 dominatum
1210 2107 1265 2145 tui

195 2165 295 2212 gerit
326 2164 458 2212 Deus,
489 2164 545 2202 ita
571 2172 615 2202 tu
650 2163 810 2204 demum
845 2163 1118 2204 dominaberis
1139 2166 1267 2205 omni·

194 2222 282 2263 bus.

251 2283 316 2322 38.
351 2282 488 2322 Honor
518 2295 697 2323 summus
733 2283 820 2323 Deo
856 2284 958 2323 scire
991 2297 1080 2323 eum
1103 2293 1142 2323 et
1177 2285 1267 2324 imi-

195 2343 282 2382 tari.

250 2403 316 2454 39.
348 2403 486 2443 Simile
506 2404 667 2456 quidem
688 2405 773 2445 Deo
793 2417 866 2458 per
891 2405 1027 2444 omnia
1056 2404 1155 2444 nihil
1183 2415 1265 2455 est,

195 2472 305 2514 grata
330 2473 462 2504 tamen
481 2464 518 2504 ei
538 2473 598 2504 est
616 2465 843 2518 inferioris,
867 2474 1057 2518 quantum
1075 2465 1268 2518 possibile

194 2532 252 2562 est
265 2553 275 2572 ,
295 2524 480 2565 imitatio.

250 2588 314 2628 40.
345 2584 549 2636 Templum
579 2594 758 2624 sanctum
790 2594 850 2625 est
868 2585 953 2624 Deo
982 2598 1094 2625 mens
1126 2586 1206 2638 pii,
1230 2595 1268 2625 et

194 2643 316 2683 altare
338 2652 396 2682 est
422 2644 615 2695 optimum
635 2645 674 2684 ei
700 2659 770 2685 cor
790 2644 982 2684 mundum
1012 2654 1051 2684 et
1068 2645 1155 2684 sine
1179 2659 1267 2699 pec-

196 2710 296 2740 cato.
322 2702 448 2752 (Conf.
471 2703 597 2744 Graec.
614 2703 725 2744 Sexti
743 2712 842 2745 sent.
868 2718 916 2744 10
936 2713 975 2744 et
990 2704 1193 2758 Porphyr.
1219 2707 1266 2746 ad

195 2762 368 2802 Marcell.
395 2776 481 2816 cap.
508 2764 582 2815 19.)

252 2828 299 2869 41
310 2853 319 2863 .
353 2822 492 2862 Hostia
501 2824 576 2862 soli
591 2823 676 2877 (leg.
693 2825 790 2876 sola)
806 2826 890 2866 Deo
907 2825 1179 2879 acceptabilis,
1197 2826 1269 2866 be—

196 2882 376 2923 nefacere
400 2883 632 2923 hominibus
661 2898 735 2936 pro
760 2886 858 2927 Deo.
888 2884 961 2939 (Cf.
980 2885 1184 2939 Porphyr.
1219 2886 1267 2925 ad

196 2942 372 2983 Marcell.
398 2957 482 2996 cap.
507 2942 584 2997 17.)

254 3007 321 3048 42.
353 3003 437 3041 Deo
458 3003 623 3054 gratiam
648 3013 805 3056 praestat
818 3004 960 3054 homo,
980 3006 1051 3058 qui
1076 3015 1266 3058 quantum

197 3061 390 3114 possibile
412 3071 494 3110 est,
515 3063 619 3102 vivit
642 3063 856 3102 secundum
874 3065 1013 3104 Deum.

256 3122 322 3168 43.
354 3123 460 3162 Deus
480 3123 641 3175 quidem
675 3123 825 3163 nullius
847 3134 956 3174 eget,
982 3124 1111 3164 fidelis
1137 3134 1266 3165 autem

198 3180 273 3219 Dei
307 3181 458 3230 solius3
483 3182 690 3221 aemulatur
720 3196 814 3234 ergo
839 3183 973 3230 illum,
1016 3184 1086 3235 qui
1117 3185 1268 3226 nullius

199 3248 310 3290 eget,
345 3242 380 3280 is
414 3242 484 3293 qui
523 3243 662 3294 paucis
694 3242 737 3280 in
771 3242 891 3282 rebus
938 3244 1173 3284 necessariis
1204 3245 1268 3284 in-

199 3299 319 3350 diget.

256 3366 323 3407 44.
354 3360 495 3412 Satage
514 3374 679 3412 magnus
699 3361 858 3414 quidem
880 3375 965 3401 esse
985 3362 1091 3415 apud
1113 3363 1263 3416 Deum,

200 3420 305 3472 apud
324 3420 507 3461 homines
523 3434 619 3460 vero
639 3422 833 3461 invidiam
850 3422 952 3474 fuge.

257 3478 324 3524 45.
355 3479 397 3519 Si
425 3479 622 3532 benignus
648 3482 703 3521 sis
722 3495 815 3534 erga
834 3482 1079 3535 indigentes,
1104 3496 1269 3536 magnus

203 3539 283 3578 eris
309 3540 413 3592 apud
437 3541 574 3580 Deum.

1021 275 1174 314 SEXTI
1205 273 1575 314 ENCHlRIDION.

258 367 323 406 26.
346 365 454 404 Nihil
475 378 569 417 ergo
591 365 640 404 de
664 366 747 404 Deo
761 394 771 414 ,
792 364 899 417 quod
929 378 1011 403 non
1031 364 1123 403 licet
1137 393 1147 412 ,
1166 377 1273 416 quae·
1300 386 1307 391 ·

1394 364 1459 408 46.
1492 362 1659 415 Sapiens
1677 364 1753 416 vir,
1770 365 1884 418 cujus
1908 368 2083 408 viventis
2104 371 2262 421 quidem
2286 386 2406 424 parva

1335 430 1393 460 est
1420 422 1525 474 apud
1550 422 1731 463 homines
1753 424 1914 478 opinio,
1945 427 2122 467 defuncti
2152 443 2248 468 vero
2281 432 2408 482 gloria

1336 482 1589 533 praedicatur.

1392 548 1456 590 47.
1492 542 1618 581 Omne
1638 551 1817 596 tempus,
1841 559 1919 598 quo
1941 546 1990 587 de
2009 548 2094 588 Deo
2121 563 2200 588 non
2230 553 2404 602 cogitas,

1335 600 1409 640 hoc
1429 611 1523 654 puta
1542 611 1577 641 te
1595 603 1831 655 perdidisse.

1391 663 1457 706 48.
1491 662 1647 715 Corpus
1686 664 1848 715 quidem
1879 674 1987 705 tuum
2016 668 2174 708 incedat
2204 671 2247 709 in
2276 680 2403 721 terra,

1333 723 1466 761 anima
1482 731 1609 762 autem
1630 737 1785 776 semper
1805 726 1856 764 sit
1873 727 1976 779 apud
1998 728 2139 768 Deum.

1390 788 1456 832 49.
1490 781 1671 834 lntellige
1683 814 1696 834 ‚
1719 797 1807 835 quae
1824 785 1904 824 sint
1922 786 2051 836 bona,
2067 798 2111 828 ut
2131 791 2232 829 bene
2249 805 2351 842 agas.

1389 842 1454 883 50,
1488 842 1597 880 Bona
1622 844 1809 895 cogitatio
1836 845 2012 886 hominis
2038 848 2164 887 Deum
2188 864 2268 889 non
2287 852 2404 902 latet,

1332 910 1370 940 et
1393 901 1483 940 ideo
1506 903 1693 952 cogitatio
1711 912 1780 943 tua
1802 918 1903 956 pura
1922 906 1974 945 sit
1994 907 2044 946 ab
2067 909 2177 947 omni
2195 911 2313 951 malo.

1389 962 1456 1002 51.
1488 962 1643 1013 Dignus
1660 972 1741 1002 esto
1759 977 1806 1003 eo
1819 993 1830 1013 ,
1848 966 1918 1017 qui
1939 975 1976 1005 te
1990 967 2175 1018 dignatus
2196 979 2254 1008 est
2280 971 2406 1012 filium

1333 1021 1466 1060 dicere
1481 1051 1491 1070 ,
1512 1031 1550 1060 et
1567 1036 1637 1073 age
1657 1024 1792 1062 omnia
1811 1033 1855 1063 ut
1880 1026 1986 1066 filius
2006 1027 2089 1066 Dei.
2204 1023 2206 1025 ¹

1388 1083 1455 1123 52.
1487 1083 1604 1129 Quod
1625 1085 1749 1123 Deum
1766 1095 1918 1137 patrem
1935 1101 2072 1140 vocas,
2091 1089 2211 1141 hujus
2225 1092 2267 1129 in
2283 1091 2405 1130 actio·

1333 1142 1453 1182 nibus
1474 1144 1551 1182 tuis
1573 1157 1727 1183 memor
1749 1155 1848 1187 esto.

1390 1203 1454 1241 53.
1486 1203 1559 1243 Vir
1578 1212 1706 1243 castus
1724 1213 1762 1259 et
1783 1205 1870 1244 sine
1898 1215 2058 1259 peccato
2088 1217 2318 1261 potestatem
2344 1224 2407 1250 ac-

1332 1263 1439 1315 cepit
1455 1277 1477 1302 a
1493 1264 1577 1303 Deo
1594 1277 1680 1303 esse
1701 1265 1810 1305 filius
1829 1266 1913 1307 Dei.

1388 1323 1454 1368 54.
1485 1324 1595 1364 Bona
1610 1339 1721 1365 mens
1738 1326 1884 1367 chorus
1900 1336 1959 1367 est
1976 1329 2064 1369 Dei.
2086 1328 2159 1383 (Cf.
2175 1331 2406 1385 Demophili

1331 1390 1432 1422 sent.
1458 1382 1535 1434 45.)

1388 1445 1454 1486 55.
1485 1445 1590 1486 Mala
1614 1460 1725 1487 mens
1755 1449 1900 1489 chorus
1935 1459 1994 1490 est
2027 1451 2248 1492 daemonum
2284 1455 2406 1494 malo-

1331 1517 1434 1543 rum.
1469 1504 1542 1559 (Cf.
1581 1506 1781 1559 Porplnyr.
1813 1508 1864 1548 ad
1894 1509 2067 1551 Marcell.
2103 1525 2190 1564 cap.
2232 1527 2299 1563 21,
2334 1514 2405 1554 ubi

1330 1573 1484 1603 exstant
1509 1578 1635 1616 graeca
1657 1566 1765 1606 Sexti
1798 1567 1923 1607 verba
1942 1583 2027 1620 quae
2048 1583 2257 1624 perperam
2289 1574 2408 1613 vertit

1333 1624 1524 1678 Rufinus.)

1388 1690 1454 1728 56.
1487 1689 1688 1742 lnjustum
1720 1691 1754 1730 si
1775 1691 1955 1732 inhibeas
1986 1707 2102 1745 agere
2137 1695 2308 1748 injuste,
2330 1697 2406 1738 hoc

1330 1758 1388 1788 est
1405 1750 1620 1789 secundum
1642 1752 1767 1790 Deum
1787 1753 1944 1804 punire.

1387 1809 1453 1859 57.
1486 1810 1625 1862 satage
1653 1825 1734 1851 non
1769 1812 1922 1860 videri,
1943 1813 2012 1852 sed
2043 1827 2128 1853 esse
2143 1814 2289 1868 justus.
2311 1817 2406 1858 Cer·

1333 1879 1415 1908 tum
1450 1870 1556 1909 enim
1588 1879 1647 1910 est
1679 1885 1761 1910 non
1789 1885 1875 1912 esse
1905 1886 2019 1922 eum,
2058 1875 2128 1926 qui
2162 1875 2291 1916 videri
2321 1878 2406 1917 vult

1330 1942 1429 1971 esse.

1390 1988 1455 2030 58.
1489 1989 1650 2029 Honora
1686 1990 1795 2043 quod
1824 1991 1976 2043 justum
2013 2003 2095 2042 est,
2129 2004 2294 2047 propter
2329 1996 2406 2036 hoc

1332 2048 1463 2100 ipsum
1487 2049 1594 2101 quod
1611 2049 1764 2102 justum
1786 2060 1857 2092 est.

1386 2109 1451 2159 59.
1483 2109 1739 2162 Nequaquam
1767 2111 1909 2151 latebis
1930 2113 2055 2152 Deum
2087 2127 2205 2164 agens
2236 2115 2405 2169 injuste,

1330 2169 1397 2208 sed
1411 2183 1482 2208 nec
1492 2171 1670 2221 cogitans
1688 2171 1863 2223 quidem.
1878 2172 2006 2224 (Conf.
2016 2172 2049 2210 Τ
2052 2173 2193 2214 haletis
2203 2183 2304 2216 sent.
2326 2181 2402 2224 12.)

1386 2230 1450 2268 60.
1480 2230 1551 2269 Vir
1570 2231 1728 2283 sapiens
1743 2239 1871 2270 castus
1885 2232 1962 2270 erit
1977 2232 2076 2273 Deo.

1386 2290 1454 2328 61.
1489 2289 1654 2329 Omnem
1677 2291 1907 2343 spurcitiem
1924 2292 2030 2342 suge.

1385 2349 1452 2390 62.
1485 2351 1648 2402 Semper
1667 2349 1716 2388 de
1735 2348 1854 2389 bonis
1871 2349 1982 2402 loqui
2002 2351 2129 2390 stude.

1385 2409 1451 2449 63.
1481 2408 1708 2450 Libidinem
1747 2409 1865 2449 vince
1879 2439 1890 2458 ,
1932 2411 2140 2451 continens
2180 2426 2326 2466 corpus
2360 2413 2403 2453 in

1330 2468 1542 2520 omuibus,
1576 2469 1671 2522 quia
1701 2482 1753 2508 ex
1783 2469 1939 2509 deliciis
1959 2479 1997 2509 et
2024 2472 2297 2524 voluptatibus
2322 2487 2404 2513 non

1329 2528 1494 2580 effugies
1519 2529 1765 2582 spurcitiem.
1794 2529 1868 2583 (Cf.
1894 2530 2062 2583 Pythag.
2084 2545 2204 2573 carm.
2231 2546 2317 2575 aur.
2338 2547 2387 2574 vs

1330 2595 1431 2639 9-'-1
1444 2603 1459 2627 1
1470 2589 1493 2635 J,

1385 2650 1448 2695 64.
1478 2648 1766 2702 voluptuosum
1785 2651 1890 2690 Deus
1910 2664 1991 2689 non
2007 2651 2182 2690 exaudit.

1387 2709 1455 2750 65.
1489 2710 1734 2750 Deliciarum
1758 2710 1851 2750 finis
1868 2713 2088 2763 corruptio.

1385 2771 1451 2810 66.
1481 2769 1569 2809 Non
1606 2769 1798 2818 verbum,
1834 2770 1903 2809 sed
1933 2772 2033 2809 ratio
2071 2770 2266 2822 praecedat
2293 2780 2403 2812 actus

1330 2838 1432 2871 tuos.
1457 2829 1530 2882 (Cf.
1554 2830 1720 2882 Pythag.
1742 2843 1863 2871 carm.
1881 2844 1965 2871 aur.
1987 2843 2049 2870 vs.
2080 2845 2128 2880 27
2161 2844 2250 2884 sqq.
2271 2841 2310 2870 et
2328 2831 2404 2870 De-

1331 2891 1498 2943 mophili
1521 2900 1622 2931 sent.
1648 2889 1732 2944 26.)

1385 2951 1452 2999 67.
1487 2950 1761 2990 perniciosum
1781 2959 1840 2990 est
1857 2953 2005 2990 servire
2022 2951 2133 2990 vitiis
2145 2980 2156 3000 ‚
2172 2951 2288 3002 quia,
2307 2961 2404 3002 quot

1330 3010 1430 3049 vitia
1449 3010 1568 3050 habet
1584 3011 1736 3060 anima,
1753 3018 1812 3049 tot
1827 3019 1866 3049 et
1879 3010 2075 3050 dominos.
2098 3010 2160 3062 (cf.
2175 3010 2403 3064 Demophili
2467 3011 2473 3018 '

1329 3078 1431 3108 sent.
1458 3070 1535 3122 31.)

1386 3130 1451 3169 68.
1481 3130 1608 3170 Amor
1641 3129 1819 3183 pecuniae
1864 3142 2038 3168 amorem
2083 3130 2301 3170 carnalium
2336 3132 2404 3172 in-

1328 3188 1446 3227 dicat.

1385 3250 1451 3300 69.
1481 3249 1655 3301 Acquire
1669 3248 1953 3301 possessionem
1973 3251 2112 3287 animae
2130 3250 2299 3301 firmam,
2318 3251 2404 3291 vir-

1330 3317 1466 3349 tutem.
1488 3309 1595 3356 Quid
1615 3317 1674 3348 est
1696 3310 1810 3348 firma
1836 3309 2059 3361 possessio,
2082 3310 2160 3348 nisi
2191 3311 2318 3351 virtus
2336 3320 2403 3351 aut

1329 3368 1391 3407 vis
1411 3368 1576 3407 animae?
1597 3368 1658 3420 (cf.
1681 3367 2016 3421 Pythagoreorum
2038 3378 2137 3408 sent.
2165 3370 2241 3418 16.)

1387 3442 1450 3477 70.
1481 3427 1679 3467 Renuntia
1697 3425 1816 3467 rebus
1838 3429 2040 3480 corporis,
2062 3429 2156 3468 dum
2177 3429 2307 3469 adhuc
2329 3443 2403 3483 po-

1332 3496 1411 3539 tes,
1432 3496 1472 3527 et
1491 3496 1681 3539 quantum
1701 3496 1826 3541 poteS.

1390 3561 1455 3596 (τι.
1481 3547 1564 3587 Hoc
1583 3547 1711 3587 solum
1727 3556 1837 3586 tuum
1853 3547 1997 3588 ducito
2014 3577 2025 3597 ,
2042 3547 2149 3599 quod
2167 3549 2315 3587 bonum
2330 3555 2400 3587 est.
