2612 3814
20 3379 33 3395 -a
11 3355 26 3373 “ss
32 3344 34 3346 ,
15 3256 37 3335 '‘540·
14 3204 38 3249 <offis
17 3177 42 3197 ἐς
15 3156 32 3167 ’,

934 268 1138 309 MELIsst
1172 269 1493 310 FRAGMENTA
1505 299 1514 308 .
2230 277 2305 310 265

138 377 219 402 στον
248 355 318 401 οἷόν
343 376 408 414 περ
439 359 546 398 ἔστιν.
603 359 678 398 Νῧν
708 356 744 395 δέ
765 372 878 407 φαμεν
900 357 1006 410 ὀρθῶς
1026 359 1108 410 ὁρῇν
1130 357 1190 395 καὶ

140 420 277 459 ἀκούειν
293 419 354 459 καὶ
372 417 547 457 συνιέναι·
569 416 679 455 δοκέει
699 415 734 454 δὲ
751 419 835 466 ἡμῖν
854 414 894 454 τό
914 431 950 454 τε
972 415 1098 466 θερμὸν
1115 417 1191 469 ψυ-

139 479 224 532 χρὸν
245 478 401 530 γίνεσθαι
426 475 545 515 καὶτὸ
571 473 703 528 ψυχρὸν
728 474 870 526 θερμόν,
892 474 952 513 καὶ
983 474 1023 512 τὸ
1043 473 1192 526 σκληρὸν

139 537 319 586 μαλθακὸν
338 536 397 575 καὶ
414 535 452 574 τὸ
468 533 649 586 μαλθακὸν
669 533 836 586 σκληρόν,
857 533 918 572 καὶ
939 532 980 572 τὸ
995 533 1082 578 ζωὸν
1104 533 1191 573 ἀπο·

138 595 298 643 θνήσκειν
319 595 413 634 καὶ’
397 610 436 633 εκ
459 592 507 643 μὴ
530 594 658 639 ζῶντος
676 592 847 646 γίνεσθαι,
873 607 934 631 και
949 594 1062 630 ταῦτα
1078 589 1194 629 πάντα

140 656 391 707 ἑτεροιοῧσθαι,
405 653 467 691 καὶ
486 652 516 700 ὅ,
519 668 551 690 τι
566 667 608 699 ην
622 667 662 690 τε
677 650 736 690 καὶ
752 650 770 690 ὃ
790 667 849 689 νυν
866 651 940 690 ἔστι
960 649 1055 690 οὐδὲν
1076 652 1195 702 ὁμοῖον

142 706 247 760 εἶναι,
270 714 347 752 ἀλλ’
362 712 383 751 ὅ
398 728 437 751 τε
457 712 596 763 σίδηρος
617 710 801 763 σκληρὸς’
786 709 850 749 εὼν
871 711 922 763 τῷ
941 708 1104 762 δακτύλῳ
1127 724 1195 748 κα-

137 771 399 824 τατρίὸεσθαι’
384 768 588 834 επαρηρώς,
609 768 670 807 καὶ
686 768 815 823 χρυσὸς
830 768 890 806 καὶ
908 767 1000 810 λίθος
1021 766 1081 805 καὶ
1102 766 1188 805 ἄλλο

139 831 169 879 ὅ,
173 846 206 870 τι
224 831 366 885 ἰσχυρὸν
385 830 496 869 δοκέει
516 833 605 868 εἶναι
617 835 701 877 πᾶν,
724 827 758 873 ἐξ
775 828 899 871 ὕδατός
911 843 949 865 τε
963 828 1008 877 γῆ
1024 841 1083 865 και
1104 826 1194 864 λίθοι

138 890 323 941 γίνεσθαι,
353 888 444 928 ὥστε
465 887 650 939 συμὸαίνει
675 886 764 937 μήτε
786 889 868 939 ὃρῇν
899 885 988 936 μήτε
1018 884 1062 923 τὰ
1090 884 1192 923 ἐόντα

138 947 456 1000 γινώσκειν.οὗ
499 948 614 986 τοίνυν
659 950 766 985 ταῦτα
801 944 966 991 ἀλλήλοις
996 944 1085 995 ὃμολ
1077 942 1196 995 ογέει·

140 1008 306 1062 φαμένοις
334 1008 403 1061 γὰρ
423 999 511 1045 εἶναι
546 1005 662 1044 πολλὰ
684 1004 779 1044 ἀίδια
809 1004 869 1042 καὶ
888 1002 982 1041 εἴδεα
1011 1001 1103 1041 xzi’
1094 1001 1193 1053 ισχὺν

140 1083 154 1104 ε
157 1083 265 1119 χοντα
284 1067 400 1105 πάντα
411 1068 646 1118 ἑτεροιοῦσθαι
666 1067 751 1115 ἡμῖν
766 1062 877 1101 δοκεει
888 1077 949 1100 και
962 1062 1193 1112 μεταπίπτειν

141 1128 180 1164 ἐκ
207 1129 268 1165 τοῦ
302 1125 467 1164 ἑκάστοτε
495 1123 693 1176 ὃρεομένου.
751 1122 867 1169 Δῆλον
895 1119 1026 1170 τοίνυν,
1060 1119 1112 1158 ὅτι
1135 1121 1196 1158 οὐκ

140 1185 248 1236 ὀρθῶς
269 1183 327 1236 ὁρέ
329 1199 427 1234 ουεν,
454 1183 531 1222 οὐδὲ
555 1184 670 1220 ἐκεῖνα
691 1180 806 1219 πολλὰ
832 1181 940 1233 ὀρθῶς
959 1177 1068 1216 δοκέει
1093 1171 1193 1218 εἶναι.

139 1244 194 1282 Οὔ
214 1242 282 1294 γὰρ
303 1242 343 1280 ἂν
361 1241 575 1293 μετέπιπτε,
598 1241 627 1278 εἷ
646 1238 777 1287 ἀληθέα
791 1242 847 1286 ἠν,
863 1239 942 1277 ἀλλ’
958 1241 1018 1288 ἠν,
1041 1232 1110 1276 οῑόν
1128 1254 1194 1292 περ

139 1301 254 1340 ἐδόκεε
269 1300 460 1348 ἕκαστον,
443 1302 618 1338 τοιοῦτον·
634 1314 695 1336 του
711 1297 778 1351 γὰρ
791 1297 902 1342 ἐόντος
920 1298 1084 1346 ἀληθινοῦ
1096 1296 1194 1350 κρέσ-

140 1376 199 1400 σον
220 1359 331 1400 οὖδέν.
388 1357 463 1399 Ἦν
489 1359 525 1397 δὲ
547 1358 752 1430 μεταπέσῃ,
774 1356 814 1396 τὸ
837 1355 900 1408 μὲν
931 1355 985 1395 ἔον
1008 1356 1192 1404 ἀπώλετο,

138 1419 178 1458 τὸ
198 1418 234 1458 δὲ
254 1421 316 1458 οὐκ
336 1419 390 1458 ἐὸν
385 1418 529 1479 ¹JAEyovs.
587 1409 752 1461 Οὕτως
727 1432 775 1454 ων
797 1417 826 1454 εἷ
840 1409 990 1455 πολλὰῗ
969 1431 1025 1464 ην,
1051 1420 1194 1455 τοιαῦτα

139 1482 227 1531 χρῆν
248 1472 351 1526 εἶναι,
371 1471 440 1516 οἷόν
459 1493 526 1529 περ
546 1477 584 1515 τὸ
604 1476 652 1516 ἕν,

1254 357 1316 389 est.
1359 358 1452 389 Nunc
1470 364 1546 389 vero
1562 355 1699 388 dicimus
1715 365 1774 388 nos
1792 358 1877 388 recte
1897 356 2005 389 videre
2031 359 2064 390 et
2083 357 2194 390 audire
2207 360 2239 390 et
2253 359 2305 390 in-

1254 413 1412 455 telligere;
1433 413 1560 446 videtur
1584 415 1695 446 autem
1719 413 1813 446 nobis
1840 413 1980 446 calidum
2012 414 2078 446 {ieri
2107 415 2256 455 frigidum
2275 417 2308 448 et

1256 471 1405 513 frigidum
1432 471 1594 511 calidum,
1611 475 1643 505 et
1668 472 1788 504 durum
1818 472 1914 505 molle
1935 473 1968 505 et
1994 473 2091 505 molle
2111 474 2252 514 durum,
2276 478 2307 506 et

1254 531 1366 563 vivum
1390 531 1471 563 mori
1488 532 1584 571 atque
1600 539 1619 563 e
1635 540 1699 563 non
1713 531 1787 563 vivo
1805 531 1880 563 oriri
1894 555 1903 571 ,
1924 534 1956 564 et
1969 531 2039 563 haec
2055 532 2163 564 omnia
2179 533 2307 573 variari,

1255 592 1288 622 et
1307 589 1465 631 quidquid
1479 589 1539 622 tuit
1558 591 1590 622 et
1607 589 1694 630 quod
1714 599 1804 622 nunc
1823 591 1873 622 est
1889 590 2078 631 neutiquam
2092 590 2197 623 simile
2218 600 2308 632 esse,

1255 649 1311 681 sed
1330 649 1452 682 ferrum
1476 649 1563 690 quod
1590 649 1707 681 durum
1725 651 1772 682 est
1788 649 1887 690 digito
1909 652 2058 690 aptatum
2081 649 2205 683 conteri
2224 650 2309 682 liaud

1256 717 1350 741 secus
1370 710 1469 749 atque
1487 716 1602 740 aurum
1620 709 1654 741 et
1675 708 1756 749 lapis
1776 711 1809 741 et
1829 707 1988 749 quidquid
2006 707 2094 740 aliud
2121 708 2203 742 sorte
2219 709 2309 741 vide·

1255 768 1321 805 tur,
1336 768 1433 807 atque
1447 774 1486 798 ex
1499 774 1581 807 aqua
1597 765 1672 797 oriri
1689 767 1806 798 terram
1821 767 1852 798 et
1868 765 2009 806 lapides,
2023 765 2067 797 ita
2078 766 2114 798 ut
2125 766 2309 807 contingat,

1257 827 1294 858 ut
1314 833 1421 866 neque
1445 813 1616 857 videamus
1633 833 1739 866 neque
1761 833 1838 857 vera
1860 833 2105 866 cognoscamus.
2150 826 2218 857 Non
2238 834 2312 857 con·

1256 885 1376 925 gruunt
1395 884 1494 925 igitur
1517 884 1587 916 llaec
1603 883 1686 916 inter
1713 892 1765 924 se;
1792 883 1974 916 dicentibus
2003 883 2088 916 enim
2117 884 2219 916 multa
2243 893 2313 917 esse

1257 943 1379 974 aeterna
1397 945 1429 974 et
1447 942 1559 974 formae
1575 951 1683 974 rerum
1700 945 1732 974 et
1748 941 1854 974 valida
1875 942 1985 974 omnia
2006 942 2123 975 variari
2150 943 2242 978 nobis
2260 943 2312 975 vi-

1257 1001 1374 1033 dentur
1391 1002 1422 1034 et
1436 1010 1475 1034 ex
1495 1010 1553 1033 sua
1569 1009 1707 1043 quaeque
1723 1001 1830 1042 specie
1847 1001 1979 1034 mutari.
2024 1002 2230 1035 Manifestum
2252 1003 2312 1043 igi-

1260 1061 1312 1091 tur
1338 1069 1398 1092 nos
1418 1069 1483 1092 non
1513 1062 1601 1093 recte
1632 1060 1760 1098 videre,
1792 1070 1899 1103 neque
1932 1062 1986 1094 illa
2006 1062 2093 1095 recte
2121 1062 2222 1096 videri
2244 1071 2313 1096 esse

1257 1119 1370 1151 multa.
1415 1121 1485 1152 Non
1512 1119 1598 1151 enim
1629 1121 1846 1160 mutarentur,
1874 1120 1900 1153 si
1926 1129 2002 1153 vera
2024 1121 2221 1162 essent,sed
2244 1123 2314 1156 erat

1257 1174 1503 1216 unumquidque
1516 1174 1579 1207 tale
1597 1175 1693 1216 quale
1709 1175 1880 1208 videbatur
1897 1189 1905 1209 z
1923 1185 1999 1209 nam
2017 1177 2103 1218 quod
2123 1186 2236 1210 verum
2250 1180 2311 1219 est,

1257 1240 1295 1264 eo
1317 1232 1396 1264 nihil
1416 1234 1591 1273 potentius.
1637 1235 1693 1267 Sin
1719 1238 1825 1267 autem
1846 1237 2008 1267 mutatum
2028 1236 2090 1276 sit,
2111 1237 2206 1277 periit
2232 1246 2311 1278 ens,

1257 1302 1392 1326 non-ens
1413 1297 1521 1327 autem
1544 1296 1652 1327 ortum
1673 1295 1732 1328 est.
1776 1298 1824 1328 Ita
1863 1296 1971 1337 igitur,
1999 1297 2026 1329 si
2052 1298 2156 1329 multa
2182 1302 2311 1339 essent,

1258 1351 1333 1383 talia
1357 1360 1394 1384 ea
1416 1361 1487 1385 esse
1503 1353 1688 1394 oportebat,
1705 1354 1799 1395 quale
1821 1363 1935 1386 unum.

141 1591 247 1630 clem,
276 1591 320 1622 ita
351 1592 480 1629 tamen,
504 1591 540 1621 ut
564 1589 584 1628 ἦ
612 1588 836 1620 omitteremus
871 1589 904 1619 et
937 1591 1026 1628 ἡμεῖς
1044 1587 1076 1618 in
1101 1587 1193 1628 ἡμέες

141 1640 415 1671 converteremus.
462 1637 566 1677 Pergit
591 1635 766 1668 Aristocles
791 1634 868 1667 εἶναι
895 1634 988 1675 ἐχρῆν
1013 1634 1066 1665 καὶ
1082 1635 1118 1665 τὸ
1144 1633 1194 1665 ἑὸν

141 1688 281 1718 τοιοῦτον
290 1709 299 1725 ‚
316 1685 383 1718 οἷον
396 1687 519 1727 πρῶτον
540 1684 640 1720 ἔδοξεν
650 1685 725 1724 ἡμῖν
738 1682 815 1714 εἶναι
827 1706 837 1722 ,
851 1681 905 1714 sed
930 1682 998 1713 haec
1010 1680 1095 1722 apud
1111 1681 1197 1713 Sim-

141 1732 273 1772 plicium
294 1732 414 1764 rectius
430 1732 477 1764 sic
492 1731 661 1764 enuntiata
680 1731 754 1762 sunt
770 1729 847 1762 εἷναι
864 1729 924 1771 χρὴ
944 1729 1078 1761 ἕκαστον
1096 1731 1198 1760 τοιοῦ-

141 1790 212 1819 τον,
224 1778 289 1811 οἷόν
303 1790 360 1820 περ
372 1778 412 1811 τὸ
438 1781 562 1821 πρῶτον
578 1777 678 1813 ἔδοξεν
700 1778 784 1818 ἡμῖν.
830 1775 937 1808 Verba
957 1775 1023 1807 ἀ>.’λ
1035 1775 1095 1807 αἰεὶ
1120 1775 1197 1807 εἶναι

142 1827 272 1859 ἕκαστον
289 1826 353 1859 οἷόν
366 1837 425 1868 περ
436 1826 519 1858 ἔστιν
536 1824 710 1857 sumsimus
723 1832 741 1855 e
758 1822 921 1863 Simplicio
932 1847 942 1863 ,
956 1823 1011 1862 qui
1027 1825 1135 1855 tamen
1150 1822 1197 1855 ἀεὶ

143 1873 260 1914 liabet;
278 1873 453 1906 Aristocles
475 1872 598 1914 ἕτερον,
618 1870 685 1903 ἀλλ’
702 1870 779 1902 εἶναι
805 1870 936 1911 ὅμοιον,
954 1869 1020 1901 οἷόν
1046 1880 1104 1911 περ
1131 1867 1197 1901 ἐστὶ

142 1919 288 1952 ἕκαστον.
332 1918 507 1959 Sequentia
537 1918 634 1958 vulgo
652 1916 698 1948 sic
717 1916 892 1949 eduntur·
911 1918 964 1947 νῦν
981 1915 1014 1947 δέ
1028 1925 1127 1956 φαμεν
1147 1915 1198 1957 ὀρ-

143 1968 203 2003 θῶς
218 1968 291 2008 ὁρᾶν
304 1967 357 1998 καὶ
373 1966 497 1998 ἀκούειν
513 1966 566 1997 καὶ
583 1975 719 1997 συνιεναι
729 1987 738 2003 ,
755 1964 855 1995 δοκέει
869 1963 902 1995 δὲ
926 1965 1000 2004 ἡμῖν
1022 1962 1059 1995 τό
1075 1973 1110 1995 τε
1129 1963 1197 2005 θερ-

142 2012 200 2052 μὸν
219 2013 337 2055 ψυχρὸν
358 2012 498 2052 γίνεσθαι
511 2012 564 2044 καὶ
580 2012 616 2043 τὸ
638 2010 758 2053 ψυχρὸν
786 2010 895 2051 θερμόν
907 2034 916 2050 ,
933 2010 985 2042 καὶ
1002 2010 1037 2042 τὸ
1064 2010 1198 2051 σκληρὸν

143 2058 299 2098 μαλθακὸν
321 2059 375 2090 καὶ
389 2058 425 2090 τὸ
444 2058 602 2100 μαλθακὸν
621 2058 756 2099 σκληρὸν
769 2057 822 2089 καὶ
839 2057 875 2088 τὸ
889 2057 967 2094 ζωὸν
984 2057 994 2095 (
1008 2056 1106 2089 Arist.
1125 2059 1197 2094 ζῶν,

142 2105 254 2146 Simpl.
274 2105 374 2147 ζῷον)
403 2105 611 2143 ἀποθνήσκειν
630 2105 683 2136 καὶ
708 2104 745 2135 ἐκ
773 2104 815 2144 μή
834 2106 947 2141 ζῶντος
964 2103 1122 2145 γίνεσθαι,
1141 2104 1196 2134 καὶ

143 2155 239 2184 ταῦτα
250 2152 350 2185 πάντα
366 2153 574 2193 ἑτεροιοῦσθαι
587 2152 640 2183 καὶ
659 2151 720 2192 ὅ,τι
737 2151 776 2191 ἦν
793 2162 827 2182 τε
852 2151 906 2182 καὶ
926 2151 943 2182 ὃ
960 2154 1013 2182 νῦν
1031 2150 1115 2182 ἐστιν
1143 2149 1197 2187 (h.

145 2207 175 2231 v.
193 2208 258 2232 om.
280 2199 391 2241 Simpl.
406 2200 417 2240 )
442 2199 529 2231 οὐδὲν
543 2200 650 2241 ὁμοῖον
677 2199 754 2230 εἶναι
767 2209 775 2216 ·
803 2197 868 2230 ἀλλ’
881 2198 898 2229 ὅ
918 2209 952 2229 τε
967 2197 1093 2239 σίδηρος
1106 2198 1199 2235 σκλη·

144 2257 194 2286 ρος
207 2246 266 2278 ἐὼν
278 2249 323 2287 τῷ
335 2246 478 2287 δακτύλῳ
497 2246 735 2287 κατατρίὸεσθαι
751 2246 830 2286 ὁμοῦ
843 2245 921 2286 ῥέων
940 2245 993 2276 καὶ
1009 2243 1129 2286 χρυσὸς
1143 2244 1196 2274 καὶ

144 2293 226 2330 λίθος
239 2293 293 2325 καὶ
309 2294 383 2325 ἀλλο
396 2293 460 2333 ὅ,τι
475 2292 604 2335 ἰσχυρὸν
623 2293 722 2324 δοκέει
737 2292 815 2324 εἶναι
835 2294 896 2323 πᾶν
906 2300 914 2308 ·
928 2292 1011 2323 ὥστε
1031 2289 1197 2332 συμὸαίνει

144 2340 222 2379 μήτε
235 2342 308 2382 ὁρᾶν
324 2340 401 2382 μήτε
413 2341 451 2372 τὰ
466 2340 555 2372 ἐόντα
564 2340 728 2380 γινώσκειν
741 2363 750 2378 ,
768 2339 799 2375 ἐξ
807 2338 918 2375 ὕδατὸς
931 2350 965 2371 τε
979 2341 1020 2379 γῇ
1034 2338 1088 2369 καὶ
1105 2337 1199 2373 λίθοις

144 2385 296 2424 γίνεσθαι.
342 2386 425 2423 Quae
447 2385 474 2417 si
491 2385 564 2426 quis
579 2387 700 2417 attente
725 2384 857 2425 legerit,
875 2387 1027 2425 corrupta
1045 2392 1113 2416 esse
1131 2382 1198 2414 ani-

147 2431 339 2464 madvertet.
384 2431 540 2472 Bergkius
572 2441 603 2472 p.
630 2435 670 2464 30
708 2434 853 2463 extrema
882 2432 915 2463 in
951 2431 1037 2463 liunc
1066 2430 1201 2462 modum

145 2479 294 2512 emendat
319 2480 351 2512 et
366 2480 547 2519 transponit
569 2487 577 2507 ι
600 2479 668 2511 ἀλλ’
682 2479 700 2511 ὅ
717 2489 750 2511 τε
767 2479 890 2520 σίδηρος
917 2479 1051 2520 σκληρὸς
1076 2478 1136 2510 ἐὼν
1157 2481 1202 2519 τῷ

147 2526 292 2567 δακτύλῳ
310 2527 550 2569 κατατρίὸεσθαι
580 2527 737 2567 ὁμουρέων
759 2525 813 2556 καὶ
830 2526 945 2566 χρυσὸς
972 2526 1026 2557 καὶ
1042 2525 1124 2561 λίθος
1148 2525 1202 2556 καὶ

149 2573 224 2605 ἀλλο
235 2596 244 2612 ,
259 2573 317 2608 ὅ,τι
334 2573 464 2615 ἰσχυρὸν
477 2573 578 2605 δοκέει
593 2572 670 2604 εἶναι
684 2575 745 2604 πᾶν
754 2596 765 2611 ,
780 2572 811 2608 ἐξ
823 2571 935 2608 ὕδατός
949 2583 982 2604 τε
994 2575 1034 2612 γῆ
1050 2572 1104 2603 καὶ
1121 2571 1202 2608 λίθος

148 2620 296 2660 γίνεσθαι,
310 2620 394 2652 ὥστε
408 2620 572 2660 συμὸαίνει
588 2620 666 2661 μήτε
685 2621 759 2660 ὁρᾶν
774 2620 852 2659 μήτε
865 2619 905 2650 τὰ
918 2618 1010 2651 ἐόντα
1024 2619 1202 2659 γινώσκειν.

150 2671 263 2706 Quum
283 2669 368 2700 enim
391 2667 537 2700 Melissus
551 2667 591 2699 de
610 2675 716 2698 rerum
732 2667 794 2698 sub
811 2675 923 2698 sensus
944 2666 1131 2698 cadentium
1154 2665 1202 2696 vi-

153 2713 341 2747 cissitudine
364 2713 506 2754 disputet
528 2714 631 2754 iisque
651 2713 782 2753 deroget
806 2712 903 2745 fidem
920 2737 930 2753 ,
946 2713 1099 2753 quoniam
1119 2720 1204 2753 saepe

149 2761 182 2792 in
200 2761 396 2793 contrarium
416 2762 544 2792 vertant
562 2768 603 2792 ex
627 2760 721 2792 aliam
743 2768 782 2792 ex
811 2760 874 2791 alia
890 2759 1028 2791 sormam
1046 2759 1202 2799 induant,

147 2808 283 2849 ejusque
303 2808 347 2840 rei
373 2808 522 2848 exempla
551 2807 690 2848 proferat
703 2831 712 2846 ‚
745 2807 834 2839 velut
862 2806 982 2839 ferrum
993 2830 1002 2846 ‚
1032 2805 1121 2847 quod
1142 2813 1203 2837 usu

150 2855 274 2888 conteri
290 2855 421 2888 solitum
439 2864 456 2887 e
478 2854 559 2887 duro
574 2855 672 2887 molle
693 2854 747 2887 fiat
765 2864 772 2883 z
790 2854 944 2894 Bergkius
962 2863 1018 2895 pro
1033 2854 1112 2894 ὁμοῦ
1127 2853 1204 2896 ῥέων

153 2910 216 2934 una
239 2910 319 2935 voce
335 2903 494 2944 ὁμουρέων
510 2901 718 2934 scribendum
735 2910 806 2934 esse
824 2902 1012 2933 arbitratur.
1059 2902 1204 2940 Namque

152 2947 315 2982 existimat
335 2948 562 2990 philosophum
590 2948 718 2987 dicere,
740 2948 860 2980 serrum
880 2948 907 2980 si
931 2947 1031 2987 digito
1063 2947 1205 2979 vicinum

155 2995 216 3036 sit,
236 2995 360 3029 conteri
379 3005 519 3037 eumque
534 2995 653 3028 ferreos
671 2996 875 3035 potissimum
889 2994 1047 3033 annulos,
1062 3002 1202 3034 quorum

153 3040 300 3082 frequens
314 3042 400 3083 apud
414 3045 539 3074 veteres
554 3051 632 3074 usus
647 3042 705 3074 fuit
715 3066 725 3080 ,
744 3041 934 3082 respexisse.
980 3040 1138 3080 Quocirca
1152 3048 1205 3080 ap·

151 3089 256 3128 posite
270 3088 308 3120 ad
323 3097 393 3121 rem
408 3089 485 3121 citat
501 3089 598 3121 ovid.
615 3091 684 3120 Art.
700 3098 765 3121 am.
782 3091 810 3129 1,
825 3090 885 3122 473
902 3097 910 3119 :

224 3163 350 3192 Ferreus
366 3162 485 3193 assiduo
504 3162 694 3193 consumitur
706 3163 839 3192 annulus
859 3169 925 3191 usu.

1259 1586 1319 1618 Sed
1336 1590 1371 1619 ut
1383 1587 1573 1619 sententiam
1591 1596 1609 1619 a
1631 1588 1765 1628 Bergkio
1784 1591 1983 1629 perspectam
2001 1598 2070 1621 esse
2095 1589 2239 1621 concedo
2267 1593 2315 1621 at-

1257 1644 1319 1675 que
1335 1643 1405 1667 eam
1422 1644 1520 1677 quam
1538 1635 1606 1667 fieri
1617 1636 1685 1667 vult
1699 1636 1873 1668 verborum
1893 1636 2173 1677 transpositionem
2189 1636 2288 1677 probo
2303 1645 2312 1664 τ

1258 1681 1303 1712 ita
1322 1682 1457 1714 verbum
1475 1683 1634 1724 ὁμουρέειν
1650 1682 1727 1715 huic
1741 1683 1812 1716 loco
1832 1692 1897 1715 non
1921 1683 2000 1716 satis
2012 1685 2124 1725 aptum
2141 1693 2209 1717 esse
2229 1693 2312 1716 reor.

1258 1730 1385 1762 Etenim
1402 1730 1541 1762 annulus
1560 1729 1661 1771 digito
1678 1732 1806 1771 aptatus
1825 1740 1888 1763 non
1911 1733 1998 1763 recte
2014 1731 2202 1764 nominatur
2218 1732 2316 1772 ὁμου-

1258 1777 1359 1818 ρέων,
1375 1779 1625 1816 conterminus,
1643 1778 1791 1810 vicinus.
1836 1777 1917 1809 Mihi
1941 1779 1999 1810 aut
2031 1786 2096 1810 una
2122 1777 2228 1810 littera
2258 1778 2314 1811 de-

1258 1826 1363 1856 tracta
1378 1824 1582 1856 scribendum
1601 1823 1727 1856 videtur
1744 1826 1823 1866 ὁμοῦ
1838 1824 1899 1856 ἐών
1912 1829 1969 1856 aut
1987 1825 2074 1864 quod
2094 1825 2195 1864 magis
2211 1825 2316 1866 placet

1258 1871 1431 1912 ἐπαρηοώς.
1477 1873 1587 1912 Neque
1601 1880 1678 1904 vero
1695 1871 1863 1903 mirabitur
1879 1872 2040 1914 ἑπαρηρὼς
2055 1880 2074 1903 a
2086 1871 2180 1903 nobis
2196 1872 2316 1904 substi-

1259 1919 1305 1950 tui
1329 1919 1360 1950 in
1380 1919 1486 1951 locum
1505 1918 1677 1951 verborum
1697 1919 1777 1959 ὁμοῦ
1799 1919 1876 1960 ῥέων
1906 1918 1962 1959 qui
1979 1927 2091 1951 secum
2107 1920 2313 1961 reputaverit,

1259 1974 1324 2006 quo
1353 1966 1443 2006 signo
1462 1975 1481 1998 a
1509 1966 1646 1998 librariis
1665 1967 1745 2007 ὁμοῦ
1775 1965 1880 1998 notari
1910 1966 2021 1998 soleat.
2067 1966 2151 1998 Vide
2170 1967 2314 2007 Ducang.

1260 2013 1405 2054 Append.
1431 2013 1536 2045 Gloss.
1567 2013 1629 2044 Gr.-
1657 2021 1689 2053 p.
1718 2015 1752 2045 11
1781 2013 1833 2045 vel
1867 2012 1948 2045 Tab.
1982 2014 2038 2045 Vl.
2071 2020 2157 2045 vers.
2193 2016 2227 2046 17
2262 2022 2315 2055 ap.

1259 2063 1347 2094 Bast.
1368 2061 1401 2092 in
1427 2060 1583 2094 Sclxaet'eri
1600 2060 1676 2093 edit.
1707 2062 1802 2100 Greg.
1831 2061 1906 2093 Cor.
1951 2061 2113 2094 Praeterea
2139 2069 2203 2093 non
2235 2061 2316 2098 λίθος

1259 2117 1333 2139 cum
1357 2108 1511 2148 Bergkio,
1536 2107 1590 2140 sed
1618 2108 1697 2140 λίθοι
1717 2108 1824 2139 scribo
1853 2111 1984 2148 propter
2008 2107 2165 2148 Simplicii
2195 2108 2316 2149 verba,

1262 2163 1336 2196 quae
1355 2155 1408 2187 ille
1427 2155 1584 2187 Melisseis
1607 2154 1773 2195 subjungit
1793 2163 1801 2183 t
1820 2155 1873 2187 καὶ
1901 2156 2059 2191 Μέλισσος
2075 2154 2129 2197 μὲν
2149 2155 2180 2187 ἐν
2197 2156 2318 2193 τούτοις

1260 2203 1370 2244 θερμὸν
1386 2203 1506 2244 ψυχρὸν
1518 2202 1657 2242 γίνεσθαι
1668 2202 1720 2233 καὶ
1731 2201 1769 2234 τὰ
1781 2202 1860 2242 ἑξῆς,
1874 2202 1904 2239 ἐξ
1914 2202 2025 2239 ὕδατός
2035 2213 2069 2234 τε
2081 2202 2132 2234 καὶ
2146 2205 2186 2243 γῆ
2201 2203 2253 2234 καὶ
2267 2203 2317 2235 λί-

1261 2251 1307 2281 οοι
1325 2251 1476 2287 γίνεσθαι.
1526 2249 1673 2290 Denique
1696 2249 1822 2281 Melissi
1848 2249 1948 2282 dictio
1965 2258 2029 2281 non
2055 2251 2148 2292 ὁρᾷν,
2167 2249 2223 2281 sed
2244 2251 2317 2292 ὁρῇν

1262 2297 1414 2337 postulat.
1458 2297 1612 2329 Extrema
1632 2296 1665 2327 in
1681 2295 1770 2328 hunc
1792 2296 1924 2328 modum
1942 2296 2186 2335 constituimus,
2201 2299 2235 2328 ut
2259 2306 2317 2337 pro

1262 2343 1326 2381 εἴδη
1341 2352 1532 2384 poneremus
1548 2343 1631 2375 εἴδεα
1642 2367 1652 2384 ,
1670 2351 1728 2384 pro
1743 2343 1828 2375 δοκεῖ
1840 2344 1872 2375 et
1885 2344 2032 2385 ἑωρῶμεν
2042 2367 2052 2384 ,
2067 2343 2153 2384 quod
2168 2345 2218 2376 est
2231 2345 2318 2386 apud

1262 2391 1484 2432 Simplicium,
1511 2390 1611 2423 δοκέει
1638 2392 1671 2423 et
1688 2390 1838 2432 ὁρέομενς
1866 2390 2042 2431 requiritur
2063 2391 2150 2423 enim
2178 2394 2318 2433 utroque

1263 2437 1335 2468 loco
1355 2446 1506 2478 praesens.
1554 2440 1589 2470 ln
1612 2437 1720 2469 verbis
1736 2437 1772 2468 τὸ
1791 2437 1846 2479 μὲν
1859 2437 1910 2469 ἑὸν
1926 2437 2070 2470 ἀπώλετο
2085 2438 2187 2470 secuti
2204 2447 2318 2470 sumus

1263 2483 1419 2517 Bra'ndisii
1430 2485 1648 2526 conjecturam
1662 2484 1693 2515 in
1705 2484 1825 2517 Histor.
1841 2485 1918 2525 phil.
1937 2486 1962 2517 1.
1980 2495 2010 2526 p.
2023 2487 2084 2518 403
2099 2486 2316 2526 propositam

1263 2533 1414 2565 nimirum
1428 2534 1464 2565 τὸ
1485 2533 1580 2573 μέσον
1604 2532 1760 2572 ἀπώλετο,
1779 2532 1866 2574 quod
1883 2533 1976 2565 estin
2006 2533 2224 2573 membranis,
2237 2534 2318 2566 ferri

1263 2581 1386 2621 nequit.
1410 2581 1557 2621 Denique
1586 2581 1612 2612 εἰ
1637 2580 1739 2612 πολλὰ
1765 2580 1823 2620 ἦν,
1852 2583 1982 2612 τοιαῦτα
2019 2584 2096 2622 χρῆν
2129 2580 2208 2612 εἶναι
2242 2589 2316 2612 cum

1263 2628 1404 2661 Prellero
1435 2627 1621 2667 scripsimus
1656 2635 1715 2668 pro
1747 2627 1877 2667 vulgato
1904 2627 1932 2659 εἰ
1966 2627 2068 2658 πολλὰ
2097 2626 2163 2666 εἴη,
2187 2629 2318 2659 τοιαῦτα

1263 2677 1322 2719 χρὴ
1352 2677 1442 2708 εἶναι.
1488 2677 1658 2707 Postremo
1689 2683 1859 2707 monemus
1877 2674 2066 2707 Aristoclem
2091 2675 2158 2707 sere
2196 2675 2319 2715 ubique

1265 2733 1340 2755 vera
1369 2722 1489 2756 Melissi
1508 2722 1609 2754 verba
1635 2731 1803 2759 servasse,
1829 2721 1901 2754 haec
1931 2723 2040 2754 autem
2063 2721 2175 2754 deletis
2203 2722 2317 2755 ionicae

1265 2769 1393 2802 dialecti
1411 2769 1522 2802 formis
1538 2768 1624 2810 apud
1650 2768 1855 2810 Simplicium
1875 2769 1908 2800 in
1928 2768 2063 2801 Sclioliis
2078 2768 2276 2801 Aristoteleis
2299 2778 2318 2801 a

1267 2817 1431 2850 Brandisio
1460 2816 1555 2848 editis
1577 2819 1611 2849 et
1633 2817 1736 2857 magis
1755 2816 1852 2848 etiam
1871 2820 1995 2848 mutata
2024 2816 2054 2847 iu
2078 2816 2317 2849 Commentario

1266 2865 1305 2897 ad
1324 2864 1423 2896 libros
1437 2863 1477 2895 de
1492 2864 1583 2895 Coelo
1597 2864 1653 2904 qui
1668 2863 1812 2895 Venetiis
1835 2871 1940 2903 graece
1958 2862 2043 2903 apud
2062 2862 2181 2895 Aldum
2200 2862 2318 2903 prodiit

1265 2915 1401 2945 exstare.
1447 2911 1572 2952 Quippe
1595 2911 1681 2943 hunc
1699 2911 1967 2943 commentarium
1993 2919 2010 2942 e
2028 2909 2126 2942 latina
2155 2910 2317 2942 Morbecae

1265 2958 1527 2999 interpretatione
1546 2958 1663 2991 factum
1683 2966 1753 2990 esse
1774 2958 1842 2997 jam
1864 2956 1990 2998 pridem
2011 2956 2173 2989 Amadeus
2190 2957 2317 2997 Peyron

1265 3005 1518 3045 demonstravit,
1535 3005 1567 3037 id
1583 3005 1671 3046 quod
1696 3005 1752 3037 liic
1768 3004 1866 3037 etiam
1885 3004 1975 3036 locus
1997 3005 2113 3044 praeter
2127 3003 2208 3035 alios
2230 3011 2318 3043 egre-

1264 3053 1313 3094 gie
1331 3052 1445 3093 probat
1457 3076 1466 3091 ,
1482 3052 1536 3084 sed
1563 3052 1716 3092 quoniam
1734 3052 1804 3083 liaec
1830 3060 1881 3083 res
1898 3050 2049 3082 omnibus
2077 3049 2169 3083 hodie
2187 3049 2316 3090 cognita

1265 3102 1332 3140 est,
1346 3100 1504 3132 Morbecae
1529 3099 1627 3132 verba
1653 3099 1787 3139 allegare
1809 3097 2065 3139 supersedemus.
