2612 3814
948 231 1016 271 DE
1046 231 1448 272 ANAXIMANDRO.

27 307 28 310 Ἴ
50 302 55 308 η
74 320 77 321 ’
137 322 277 361 {icatur
304 320 353 360 ab
371 321 442 360 illo
459 321 628 374 primam
650 320 794 359 editam
813 333 897 359 esse
917 320 1087 359 tabulam
1108 334 1198 371 geo·

136 380 379 432 graphicam.
410 378 472 417 Ad
506 378 684 417 ornanda
711 379 930 417 litterarum
959 379 1088 418 studia
1114 379 1199 418 sine

137 439 262 479 dubio
296 440 448 493 sphaera
476 451 634 491 quoque
666 437 716 477 ab
743 451 790 477 eo
811 447 1035 494 constructa
1058 439 1195 479 valuit.

138 500 332 538 Praeclare
351 512 448 539 vero
468 498 517 537 de
546 498 761 549 astrologia
785 499 949 538 meritus
968 508 1050 548 est,
1076 499 1200 550 siqui·

135 559 224 598 dem
247 560 433 612 princeps
460 559 509 598 de
530 559 703 598 siderum
730 559 1000 610 magnitudine
1019 567 1057 598 et
1078 558 1199 597 inter-

135 619 254 658 vallis
282 619 466 671 quaesivit
487 618 584 672 (23).
606 619 712 666 Quin
737 620 854 658 etiam
887 620 1067 671 signiferi
1087 619 1198 659 orbis

133 677 428 730 obliquitatem,
444 692 531 731 quae
547 687 660 717 antea
672 678 807 730 ignota
821 688 927 728 erat,
943 679 1196 726 intellexisse,

134 738 212 778 hoc
232 748 290 779 est
308 752 440 778 rerum
463 739 569 778 fores
595 739 796 792 aperuisse
822 738 1047 791 olympiade
1073 737 1195 776 LVIII

134 798 367 851 perhibetur
381 798 475 853 (24).
485 798 620 851 Neque
635 807 764 838 tamen
775 798 859 838 sola
871 798 1062 837 doctrinae
1078 806 1116 835 et
1135 797 1196 835 in-

133 858 334 897 ventionis
351 858 466 897 laude
481 866 685 897 contentus
701 858 797 908 fuir,
815 858 882 897 sed
901 857 1062 896 brevem
1077 856 1193 895 etiam

133 919 369 972 placitorum
403 934 565 960 suorum
597 921 881 973 expositionem
919 918 1113 970 vulgavit,
1152 918 1193 956 in

131 992 252 1031 quam
279 980 566 1033 Apollodorum
583 981 880 1028 Atheniensem,
902 978 1189 1018 Chronicorum

130 1142 233 1167 νακα,
247 1132 300 1164 τὸν
317 1132 350 1164 δὲ
369 1132 537 1165 Ἑκαταῖον
550 1133 620 1165 κτλ.
641 1131 736 1164 eonr.
757 1131 961 1172 Agathemer.
981 1132 998 1163 1
1025 1138 1055 1162 c.
1079 1131 1139 1170 lp.
1160 1133 1188 1162 1.

174 1179 242 1222 (23)
262 1180 311 1213 Cf.
330 1180 496 1214 Eudemus
509 1189 561 1222 ap.
581 1180 727 1222 simplic.
753 1179 794 1213 de
813 1179 906 1213 Coelo
926 1178 983 1212 iol.
1002 1182 1060 1213 11⁵
1075 1187 1106 1211 a.

172 1229 239 1269 (24)
255 1228 379 1262 Plinius
395 1228 475 1261 Hist-
493 1230 560 1262 nat.
574 1228 630 1262 lib.
651 1230 681 1262 ΙΙ
695 1237 766 1270 cap.
783 1231 814 1262 8.
851 1248 856 1255 -

172 1275 240 1318 (25)
261 1275 419 1317 Diogenes
446 1275 593 1309 Laertius
614 1275 670 1310 lib.
697 1277 740 1317 11,
764 1280 783 1309 2
810 1284 819 1307 :
841 1276 914 1308 Τῶν
935 1274 969 1308 δὲ
994 1273 1191 1316 ἀρεσκόντων

131 1323 219 1365 αὐτῷ
239 1323 410 1363 πεποίηται
440 1324 642 1366 κεφαλαιώδη
672 1324 729 1364 τήν
756 1323 878 1357 ἔκθεσιν
890 1347 900 1364 ,
920 1322 1001 1365 ἤπερ
1029 1322 1192 1365 περιέτυχε

128 1371 184 1403 καὶ
205 1371 225 1404 ὁ
246 1370 476 1413 Ἀπολλόδωρος
500 1372 518 1403 ὁ
537 1371 706 1410 Ἀθηναῖος.

172 1414 240 1458 (26)
254 1417 358 1457 Θαλῆς
368 1418 423 1459 μὲν
433 1419 471 1458 δὴ
482 1422 623 1452 τοσαῦτα
630 1418 885 1461 εἰσενεγκάμενος
897 1418 935 1450 οὐ
946 1418 1094 1451 κατέθετο
1106 1416 1192 1458 ὅμως

130 1462 174 1499 εἷς
184 1466 366 1507 συγγραφὴν
378 1466 418 1498 τὰ
427 1466 602 1510 εὑρήματα,
616 1467 687 1499 οὔτε
697 1467 790 1505 αὐτὸς
798 1467 816 1499 ὁ
830 1466 947 1508 Θαλῆς,
961 1465 1031 1498 οὗτε
1043 1465 1134 1503 ἄλλος
1146 1476 1191 1503 τις

129 1513 192 1543 τῶν
205 1512 248 1549 εἷς
265 1512 383 1546 ἐκεῖνον
408 1514 462 1547 τὸν
481 1514 606 1556 χρόνον.
624 1514 748 1547 Τούτου
764 1514 929 1556 γενόμενος
946 1513 1086 1552 ζηλωτὴς
1100 1511 1190 1546 Ἀνα-

128 1557 290 1601 ξίμανδρος
306 1561 324 1593 ὁ
339 1562 518 1603 Πραξιάδου
536 1562 573 1595 οὺ
585 1562 690 1596 πάντα
703 1562 858 1602 ἐζήλωσεν
873 1562 959 1604 ὅμως
969 1585 980 1602 ,
997 1561 1077 1594 ἀλλὰ
1097 1564 1191 1594 τοῦτο

128 1607 217 1646 εὐθὺς
230 1610 406 1652 παρήλλαξὲ
415 1621 449 1643 τε
462 1611 516 1644 καὶ
529 1610 712 1654 ἐξετράπετο
721 1635 731 1653 ,
748 1611 797 1644 ὅτι
812 1609 965 1654 ἐθάρρησε
983 1614 1127 1652 πρῶτος,
1146 1609 1191 1642 ὧν

2240 241 2316 274 ’239

1261 321 1513 373 scriptorem,
1547 321 1735 360 incidisse
1758 322 1951 372 Diogenes
1978 323 2056 373 (25)
2077 333 2212 362 auctor
2248 333 2321 365 est.

1261 380 1335 420 Cui
1363 388 1667 419 consentaneum
1688 393 1772 420 esse
1804 381 1931 433 liquet
1958 382 2065 433 quod
2089 384 2194 435 apud
2215 384 2248 422 Τ
2251 384 2318 423 he-

1260 439 1435 478 mistium
1450 439 1558 495 Orat,
1578 438 1700 477 XXVI
1715 453 1753 491 p.
1771 440 1845 488 317
1864 441 1924 480 ed.
1952 441 2145 482 Harduin.
2169 442 2245 495 (26)
2265 444 2322 482 le·

1259 499 1404 550 gimus.
1432 498 1496 537 lbi
1527 499 1632 537 enim
1654 499 1948 538 Anaximander
1965 501 2142 539 omnium
2163 501 2321 541 Graeco-

1261 572 1350 610 rum
1366 559 1520 611 primus
1534 557 1681 597 librum
1700 558 1748 597 de
1760 571 1891 598 rerum
1909 568 2049 598 natura
2060 562 2321 612 compositum

1259 618 1438 657 emisisse
1472 617 1635 666 dicitur,
1673 631 1758 669 quae
1792 631 1855 656 res
1887 627 2000 656 antea
2025 618 2208 658 dedecori
2241 630 2326 659 erat

1259 687 1375 729 atque
1394 691 1417 716 a
1435 677 1527 716 vitae
1547 677 1832 716 consuetudine
1852 686 1890 716 et
1910 678 2114 717 civitatum
2146 679 2324 720 moribus

1258 737 1509 778 abhorrebat.
1526 737 1720 778 Caeterum
1737 738 1772 777 si
1782 750 1876 776 vera
1890 738 2041 777 rettulit
2055 738 2229 778 AElianus
2248 740 2324 792 (27)

1255 797 1344 838 Var.
1364 798 1466 838 Hist.
1488 797 1570 847 Ill,
1606 812 1669 847 17,
1700 797 1896 850 coloniam
1913 796 2049 837 Mileto
2074 799 2324 850 Apolloniam

1256 857 1430 897 deduxit.
1442 857 1499 895 Ex
1512 858 1598 909 ejus
1611 871 1730 910 opere
1749 857 1828 911 (28)
1842 870 1966 910 pauca
1979 858 2158 909 quaedam
2173 868 2325 899 veteres

1255 925 1538 969 excerpserunt
1577 916 1796 968 fragmenta
1837 930 1925 968 quae
1960 918 2139 969 sequenti
2181 919 2326 969 pagina

1257 977 1465 1029 subjiciam
1491 977 1588 1030 (29).

1298 1130 1360 1169 (27)
1371 1129 1512 1162 AElianus
1523 1131 1602 1162 Var.
1618 1129 1708 1162 Hist.
1721 1129 1778 1162 lib.
1795 1131 1846 1162 ΙΙΙ
1857 1138 1929 1171 cap.
1943 1133 1978 1162 1⁷
1991 1139 1999 1161 ε
2010 1131 2071 1163 Καὶ
2082 1129 2319 1172 Ἀναξίμανδρος

1254 1177 1287 1209 δὲ
1303 1177 1448 1218 ἡγήσατο
1465 1180 1520 1216 τῆς
1539 1177 1582 1214 εἰς
1595 1175 1809 1210 Ἀπολλωνίαν
1823 1177 1860 1209 ἐκ
1877 1178 2017 1217 Μιλήτου
2033 1178 2191 1215 ἀποικίας.

1301 1226 1362 1266 (28)
1382 1224 1519 1258 Fallitur
1527 1223 1653 1264 suidas,
1670 1224 1763 1266 plura
1779 1225 2014 1258 Anaximandri
2034 1226 2154 1267 scripta
2172 1234 2320 1258 comme-

1254 1281 1386 1305 morans
1414 1280 1422 1301 =
1449 1272 1593 1314 Ἔγραψε
1611 1272 1682 1314 περὶ
1709 1272 1852 1315 φύσεως,
1876 1277 1934 1314 γῆς
1961 1273 2124 1316 περίοδον,
2158 1274 2227 1316 περὶ
2259 1278 2324 1306 τῶν

1254 1320 1403 1353 ἀπλανῶν
1421 1320 1476 1352 καὶ
1501 1322 1635 1362 σφαῖραν
1648 1320 1702 1352 καὶ
1724 1321 1804 1352 ἄλλα
1822 1321 1904 1353 τινά.
1919 1321 2020 1354 Aliter
2039 1321 2184 1354 Eudocia
2206 1330 2238 1362 p.
2257 1326 2296 1354 55
2312 1330 2321 1350 ἑ

1254 1370 1385 1412 Πρῶτος
1399 1368 1554 1409 ἐτόλμησε
1575 1368 1633 1407 τὴν
1657 1369 1844 1410 οἰκουμένην
1858 1369 1890 1401 ἐν
1906 1369 2014 1401 πίνακι
2036 1369 2155 1412 γράψαι
2174 1370 2229 1402 καὶ
2253 1370 2323 1411 περὶ

1256 1417 1378 1460 φύσεως
1393 1417 1448 1449 καὶ
1471 1416 1634 1449 ἀπλανῶν.
1653 1417 1789 1450 suidam
1809 1421 1940 1459 apparet
1956 1422 2013 1455 aut
2038 1418 2233 1459 negligenter
2253 1418 2325 1450 liaec

1253 1465 1441 1507 scripsisse,
1460 1473 1500 1498 ne
1516 1464 1663 1506 inspecto
1684 1465 1818 1507 quidem
1843 1465 1996 1507 Diogenis
2019 1465 2110 1506 loco,
2129 1469 2186 1499 aut
2206 1466 2321 1499 vitiato

1253 1512 1323 1551 ejus
1335 1512 1500 1554 scriptoris
1514 1511 1626 1545 codice
1641 1521 1714 1546 esse
1732 1522 1842 1546 usum.
1859 1513 2038 1547 Eudociam
2054 1523 2183 1556 quoque
2200 1522 2324 1546 memo·

1254 1567 1300 1592 na
1323 1569 1438 1601 parum
1461 1568 1554 1592 nrma
1569 1559 1689 1593 fefellit.

1299 1609 1364 1650 (29)
1380 1608 1533 1640 Diversus
1551 1607 1592 1640 ab
1620 1607 1684 1640 hoc
1707 1607 1770 1640 ruit
1797 1608 2038 1642 Anaximander
2055 1608 2252 1647 historicus,
2282 1607 2324 1642 de

125 1656 240 1697 ἴσμεν,
261 1658 416 1698 Ἑλλήνων
431 1658 525 1701 λόγον
541 1660 708 1701 ἐξενεγκεῖν
723 1659 792 1702 περὶ
808 1659 930 1697 φύσεως
950 1658 1211 1700 συγγεγραμμέ-,
1253 1665 1318 1698 quo
1342 1656 1502 1697 Diogenes
1526 1656 1681 1690 Laertius
1709 1656 1765 1690 lib.
1794 1659 1845 1698 11,
1873 1662 1891 1690 2
1915 1667 1924 1687 τ
1945 1660 2057 1699 Γέγονε
2082 1658 2116 1691 δὲ
2142 1658 2197 1690 καὶ
2226 1657 2318 1693 ἄλλος

126 1714 191 1736 νον.
214 1705 290 1748 ΙΙρὶν
317 1706 349 1738 δὲ
370 1707 412 1744 εἶς
441 1706 557 1745 ὄνειδος
573 1707 773 1746 καθειστήκει
789 1707 826 1739 τὸ
845 1706 957 1748 λόγους
981 1705 1190 1749 συγγράφειν,

127 1750 194 1783 ἀλλ’
211 1752 270 1785 οὐκ
286 1752 442 1798 ἐνομίζετο
458 1759 522 1792 τοῖς
535 1755 668 1795 πρόσθεν
687 1755 829 1793 Ἕλλησι.

1251 1703 1487 1762 Ἀναξίμανδρος
1519 1705 1694 1748 ἱστορικός,
1717 1706 1771 1739 καὶ
1799 1707 1890 1745 αὐτὸς
1909 1707 2079 1749 Μιλήσιος,
2103 1709 2142 1749 τῇ
2160 1705 2240 1740 Ἰάδι
2268 1716 2323 1746 γε-

1251 1764 1387 1796 ΥΡαῬως·
