2612 3814
988 264 1274 304 nssMocm‘si
1293 249 1644 304 FRAGMENTA.

301 354 433 406 κρίσεις
451 349 560 393 εἶναι·
582 353 738 406 μεγάλας
752 353 820 406 γὰρ
838 354 904 406 οὐχ
923 348 992 393 οἷόν
1013 370 1049 393 τε
1063 385 1074 404 ,
1090 355 1274 407 συγκειμέ·

302 427 370 450 νων
390 411 482 451 οὕτω
500 416 559 452 τοῦ
575 414 701 452 λευκοῦ
711 412 771 450 καὶ
791 415 851 450 τοῦ
872 414 1027 465 ἐρυθροῦ.
1083 412 1279 467 Διαφόρους

303 471 332 509 δ’
354 470 493 511 ἔσεσθαι
513 470 574 516 τὰς
596 470 728 524 χρόας,
749 473 800 524 τῷ
816 471 920 509 πλέον
939 471 1000 510 καὶ
1016 471 1161 511 ἔλαττον
1182 473 1278 523 λαμ-

303 527 434 569 ὅάνειν.

361 587 371 638 (
384 584 677 640 Theophrastus
690 587 789 626 ibid.
807 589 871 636 76.
888 588 899 639 )

299 646 353 686 Τὸ
373 645 410 684 δὲ
429 649 629 699 πορφυροῦν
657 647 698 685 ἐκ
717 647 842 686 λευκοῦ
861 646 921 696 καὶ
948 646 1096 698 μέλανος
1115 647 1175 686 καὶ
1197 649 1274 699 ε’ρυ-

301 708 383 758 θροῦ
396 720 405 730 ·
425 704 595 753 πλείστην
619 705 683 757 μὲν
721 712 847 758 μοῖραν
867 706 1007 758 ἔχοντος
1027 710 1088 744 τοῦ
1111 708 1276 759 ἐρυθροῦ,

300 764 430 818 μικρὰν
460 763 496 802 δὲ
527 767 589 802 τοῦ
619 764 769 815 μέλανος
782 795 793 813 ,
829 765 941 817 μέσην
973 765 1008 803 δὲ
1042 769 1101 804 τοῦ
1134 767 1274 805 λευκοῦ.

302 823 357 863 Δι
336 838 366 861 ὀ
386 823 447 862 καὶ
471 822 536 871 ἦδυ
553 823 738 876 φαίνεσθαι
757 823 842 876 πρὸς
868 822 933 871 τὴν
955 822 1132 871 αἴσθησιν.
1189 821 1277 863 (Ότι

301 881 364 933 μὲν
385 876 443 922 οὖν
466 883 507 921 τὸ
529 881 641 933 με’λαν
658 882 718 921 καὶ
738 882 778 921 τὸ
798 883 940 935 ἐρυθρὸν
958 884 1052 921 αὐτῶ
1073 881 1276 954 ἐνυπάρχει,
1314 932 1316 934 ¹

301 941 449 994 φανερὸν
466 935 554 980 εἶναι
573 944 617 995 τῇ
634 941 732 994 ὄψει·
751 941 838 982 διότι
854 940 889 980 δὲ
905 941 944 980 τὸ
958 940 1102 989 λευκόν,
1125 956 1164 980 το
1185 942 1277 990 λαμ-

300 1000 389 1053 πρὸν
411 1016 472 1040 και
491 1000 627 1053 διαυγὲς
655 1000 861 1051 σημαίνειν·
885 1004 998 1039 ταῦτα
1017 999 1086 1053 γὰρ
1107 1005 1220 1038 ποιεῖν
1236 1001 1276 1038 τὸ

297 1060 437 1101 λευκόν.
493 1060 570 1107 Τὴν
603 1061 632 1098 δ’
653 1059 770 1099 ἰσάτιν
791 1061 831 1098 ἐκ
863 1058 1014 1111 με’λανος
1046 1058 1187 1112 σφόδρα
1214 1058 1275 1098 καὶ

298 1122 459 1172 χλωροῦ·
450 1117 584 1158 ’πλείω
601 1119 638 1157 δὲ
662 1121 789 1172 μοῖραν
814 1118 908 1171 ἔχειν
923 1123 983 1158 τοῦ
1000 1117 1165 1168 μέλανος.
1223 1117 1275 1157 Τὸ

300 1179 337 1217 δὲ
354 1177 523 1230 πράσινον
547 1179 586 1216 ἐκ
618 1180 796 1231 πορφυροῦ
825 1177 885 1216 καὶ
905 1179 966 1224 τῆς
988 1177 1160 1224 ἷσάτιδος,
1184 1175 1206 1222 ἢ
1236 1178 1275 1215 ἐκ

283 1240 436 1291 ’χλωροῦ
457 1237 517 1276 καὶ
536 1236 892 1290 πορφυροειδοῦς**“
911 1236 951 1275 τὸ
978 1235 1046 1289 γὰρ
1076 1240 1164 1285 θεῖον
1186 1230 1275 1275 εἶναι

299 1299 452 1335 τοιοῦτον
474 1295 533 1334 καὶ
555 1294 716 1348 μετέχειν
741 1298 802 1333 τοῦ
823 1297 1003 1348 λαμπροῦ.
1063 1295 1116 1335 Το
1136 1294 1172 1334 δὲ
1186 1311 1272 1334 κυα

297 1360 375 1395 νοῦν
398 1354 431 1400 ἐξ
452 1354 604 1398 ἷσάτιδος
622 1354 681 1393 καὶ
697 1354 902 1408 πυρώδους,
929 1354 1124 1428 σχημάτων
1146 1354 1181 1394 δὲ
1203 1371 1276 1394 πε·-

297 1417 443 1468 ριφερῶν
476 1413 537 1452 καὶ
564 1413 810 1467 βελονοειδῶν,
848 1413 943 1458 ὅπως
979 1414 1022 1454 τὸ
1050 1413 1192 1453 στιλὸὸν
1223 1431 1273 1466 τῳ

296 1473 456 1525 μέλανι’
441 1475 516 1525 ενῇ

352 1531 666 1586 (Theophrastus
685 1531 783 1572 ibid.
802 1547 864 1582 77.
883 1533 896 1584 )

295 1591 348 1632 Τὸ
366 1590 402 1630 δὲ
421 1590 584 1644 καρύϊνον
605 1591 645 1629 ἐκ
661 1591 800 1644 χλωροῦ
814 1591 875 1630 καὶ
894 1592 1132 1636 κυανοειδοῦς·
1159 1591 1219 1630 ἐὰν
1237 1591 1274 1631 δὲ

294 1650 431 1726 χλωρὸν
450 1650 555 1691 πλέον
576 1653 704 1704 μιχθῇ,
722 1650 919 1703 φλογοειδὲς
934 1650 1131 1703 γίγνεσθαι·
1148 1651 1187 1691 τὸ
1205 1651 1273 1704 γὰρ

295 1710 487 1750 κατάσκιον
507 1726 567 1750 και
596 1710 822 1764 μελανόχρων
852 1710 1080 1763 ἐξείργεσθαι.
1139 1712 1273 1766 Σχεδὸν

215 1605 265 1632 ³9.

214 1831 308 1862 esse,
342 1831 417 1865 quae
458 1821 698 1863 adiungantur3
735 1830 842 1863 neque
864 1821 950 1854 enim
981 1821 1050 1854 fieri
1081 1831 1194 1863 posse,
1241 1823 1278 1855 ut

218 1889 344 1923 magnae
359 1881 512 1915 accedant
528 1880 708 1922 conjunctis
726 1877 772 1913 ita
792 1879 890 1913 rubro
902 1883 935 1913 et
951 1880 1037 1914 albo.
1082 1881 1208 1923 Quippe
1226 1881 1276 1913 di-

218 1949 330 1974 versos
358 1941 426 1975 fore
443 1941 568 1974 colores
601 1939 779 1981 majoribus
801 1939 1022 1974 minoribusve
1047 1940 1194 1982 partibus
1220 1940 1277 1972 ad-

211 2000 316 2042 jectis.

259 2062 312 2093 38.
330 2061 538 2101 Purpureum
558 2070 596 2093 ex
618 2062 693 2095 albo
710 2065 744 2096 et
772 2063 864 2105 nigro
887 2064 919 2097 et
946 2062 1045 2095 rubro
1064 2061 1276 2103 compositum

216 2127 302 2160 esse,
327 2118 504 2152 maximam
523 2121 646 2161 partem
666 2122 766 2155 rubro
784 2122 970 2163 obtinente,
986 2121 1138 2162 exiguam
1162 2120 1274 2162 nigro,

216 2178 354 2212 mediam
363 2178 447 2212 albo.
494 2181 602 2217 Quare
615 2181 757 2223 evenire,
772 2182 809 2214 ut
823 2181 931 2215 sensui
942 2180 1107 2223 iucundus
1119 2180 1160 2212 sit
1173 2179 1274 2212 color.

219 2238 354 2279 Nigrum
378 2237 509 2280 quidem
525 2240 558 2271 et
587 2240 723 2274 rubrum
746 2249 785 2274 eo
819 2241 985 2274 contineri
996 2239 1183 2273 videntibus
1208 2248 1277 2273 esse

216 2297 450 2339 perspicuum,
470 2297 579 2330 aihum
599 2307 676 2331 vero
696 2300 818 2340 inesse,
835 2299 1002 2342 splendido
1018 2303 1050 2333 et
1078 2299 1276 2332 translucido

213 2355 404 2397 significari,
434 2357 554 2398 quippe
578 2366 650 2399 quae
668 2358 743 2392 albo
766 2359 958 2392 efficiantur.
1004 2359 1106 2392 Glasti
1132 2359 1274 2392 colorem

214 2423 255 2448 ex
277 2415 381 2448 multo
400 2415 491 2456 nigro
504 2416 537 2449 et
555 2416 654 2449 viridi
671 2419 841 2459 constare,
856 2419 901 2451 ita
916 2420 1046 2459 tamen,
1070 2419 1108 2451 ut
1124 2418 1225 2459 major
1241 2418 1274 2451 in

214 2481 253 2506 eo
271 2473 353 2514 nigri
371 2482 443 2515 pars
463 2473 516 2506 sit.
561 2476 757 2508 Porraoeum
771 2485 789 2509 e
800 2485 962 2518 purpureo
978 2477 1011 2510 et
1028 2477 1122 2518 glasti
1142 2476 1248 2510 colore
1262 2502 1272 2519 ‚

216 2531 267 2564 vei
294 2540 313 2565 e
330 2531 423 2564 viridi
449 2533 482 2565 et
509 2542 696 2576 purpureo;
709 2534 786 2553 *Μ’*
805 2535 943 2578 sulphur
960 2536 1046 2569 enim
1065 2536 1140 2569 talis
1156 2537 1274 2570 coloris

213 2593 247 2626 et
258 2593 384 2626 candidi
399 2593 557 2636 particeps
569 2603 651 2628 esse.
697 2596 880 2630 Caeruleum
894 2598 1003 2630 autem
1016 2606 1035 2631 e
1047 2597 1140 2638 glasn
1147 2598 1202 2631 et
1194 2599 1273 2640 ignis

214 2651 341 2692 colore,
361 2651 473 2694 figuris
492 2653 638 2686 rotundis
652 2654 686 2686 et
708 2655 780 2687 acui
807 2655 967 2689 similibus
983 2655 1097 2689 eadem
1121 2657 1265 2698 ratione,

214 2719 278 2752 qua
295 2711 393 2752 (fiat,
413 2712 473 2753 ut)
495 2712 639 2745 lucidum
657 2713 750 2754 nigro
764 2713 852 2747 insit.

255 2772 307 2803 39.
324 2770 468 2804 Nucibns
496 2763 635 2805 similem
663 2773 806 2806 colorem
823 2783 840 2807 e
870 2774 964 2807 viridi
986 2776 1019 2808 et
1036 2775 1194 2816 caerule03
1220 2776 1268 2808 sin

212 2830 320 2863 autem
345 2830 416 2872 plus
436 2830 547 2864 viridis
571 2830 801 2872 admisceatur,
823 2831 1010 2865 flammeum
1029 2833 1135 2872 nasci,
1162 2842 1265 2874 quum

1303 1229 1311 1726 ι

1295 1833 1321 2630 Ι

2319 273 2391 306 365

1423 355 1459 393 δὲ
1479 370 1539 394 και
1561 354 1602 393 τὸ
1621 356 1764 408 ἐρυθρον
1788 357 1837 408 τῶ
1850 356 1964 394 λευκῶ
1982 355 2104 408 μιχθὲν
2124 357 2261 409 χλωρὸν
2282 364 2391 396 ποιεῖν

1425 413 1528 465 εὖαγὲ
1513 429 1546 457 ες
1565 414 1626 451 και
1647 415 1685 452 οὗ
1707 412 1837 464 μέλαν·
1860 414 1913 453 διὸ
1938 430 1999 453 και
2019 414 2063 453 τὰ
2092 415 2247 468 φυόμενα
2270 414 2393 468 χλωρὰ

1422 473 1461 512 τὸ
1481 474 1618 525 πρῶτον
1639 465 1728 511 εἶναι
1746 473 1815 525 πρὸ
1843 476 1903 511 τοῦ
1930 476 2164 526 θερμανθῆναι
2182 474 2241 512 καὶ
2258 476 2393 526 διαχεῖ-

1422 536 1516 571 σθαι.
1576 531 1647 570 Καὶ
1693 533 1818 577 πλήθει
1863 531 1926 582 μὲν
1959 536 2122 572 τοσοῦτον
2161 532 2393 585 ἐπιμεμίχθαι

1421 590 1641 644 χρωμάτων,
1663 590 1792 643 ἄπειρα
1810 589 1846 629 δὲ
1867 584 1956 629 εἶναι
1975 590 2018 629 τὰ
2038 590 2213 644 χρώματα
2237 607 2297 629 και
2318 607 2395 635 τους

1419 648 1548 703 χυλους
1568 649 1659 689 κατὰ
1679 650 1740 694 τὰς
1760 647 1869 700 μίξεις
1883 680 1894 700 ‚
1928 650 1987 688 ἐάν
2008 666 2059 694 τις
2078 649 2124 688 τὰ
2147 649 2211 701 μὲν
2241 651 2393 703 ἀφαιρῇ,

1423 709 1467 748 τὰ
1484 709 1520 749 δὲ
1541 712 1734 762 προστιθῇ,
1751 708 1812 747 καὶ
1833 711 1903 747 τῶν
1920 708 1983 759 μὲν
2001 708 2146 748 ἔλαττον
2169 709 2279 762 μίσγῃ
2291 738 2302 757 ,
2324 711 2393 747 τῶν

1424 767 1459 808 δὲ
1498 768 1621 807 πλέον·
1669 767 1765 807 οὐθὲν
1804 766 1872 820 γὰρ
1914 765 2033 819 ὅμοιον
2078 768 2219 807 ἔσεσθαι
2252 768 2391 806 θάτερον

1423 827 1573 880 θατέρῳ.

1477 885 1795 940 (Theophrastus
1816 885 1914 924 ibid.
1939 886 2001 934 78.
2018 885 2031 936 )

1723 999 1825 1062 Περὶ
1859 1003 1998 1061 ὀσμῆς.

1338 1134 1389 1160 4ο.
1422 1120 1513 1174 Περὶ
1535 1119 1571 1160 δὲ
1590 1122 1702 1171 ὀσμῆς
1723 1120 1973 1175 προσαφορίζει
1996 1120 2141 1174 [σχεδὸν
2169 1120 2295 1173 ὁμοίως
2325 1127 2396 1166 τοῖς

1419 1179 1614 1225 πλείστοις·
1637 1179 1736 1218 οὐδὲν
1753 1179 1820 1231 γὰρ
1843 1178 1949 1234 ἴδιον]
1981 1179 2098 1232 εἴρηκέ
2118 1196 2178 1232 γε,
2209 1179 2302 1228 πλὴν
2329 1196 2393 1219 το-

1419 1243 1540 1278 σοῦτον
1556 1268 1567 1286 ,
1586 1237 1638 1278 ὅτι
1655 1239 1696 1278 τὸ
1718 1239 1847 1278 λεπτὸν
1865 1239 2035 1294 ἀπορρέον
2056 1240 2126 1278 ἀπὸ
2152 1242 2221 1278 τῶν
2247 1240 2392 1292 παχέων

1412 1298 1506 1336 ποιεῖ
1519 1297 1583 1345 τὴν
1606 1298 1717 1349 ὀδμήν
1729 1315 1737 1323 ·
1755 1304 1854 1336 ποῖον
1875 1299 1913 1338 δέ
1928 1315 1962 1337 τι
1978 1298 2040 1346 τὴν
2056 1299 2157 1351 φύσιν
2172 1299 2208 1337 ὂν
2220 1299 2287 1338 ὑπὸ
2305 1299 2396 1342 τίνος

1420 1357 1573 1411 πάσχει,
1592 1357 1709 1398 οὐκέτι
1734 1356 1964 1411 προσέθηκεν·
1989 1358 2074 1413 ὅπερ
2093 1357 2175 1404 ἴσως
2202 1353 2244 1406 ἦν
2264 1358 2392 1412 κυριώ-

1416 1432 1536 1458 τατον.

1475 1477 1799 1529 (Theophrastus
1817 1477 1918 1518 ibid.
1940 1478 2003 1516 82.
2021 1476 2031 1530 )

1339 1550 1388 1577 ιι.
1419 1536 1534 1576 Οὐδὲν
1554 1552 1678 1590 χρημα
1704 1536 1820 1588 μάτην
1841 1535 1992 1588 γίνεται,
2011 1536 2102 1575 ἀλλὰ
2122 1536 2239 1576 πάντα
2264 1537 2302 1576 ἐκ
2319 1536 2389 1576 λό-

1417 1613 1480 1649 γου
1499 1612 1537 1635 τε
1553 1597 1614 1635 καὶ
1634 1595 1692 1634 ὑπ’
1714 1596 1884 1648 ἀνάγκης.

1473 1656 1605 1708 (Stob.
1622 1655 1700 1694 Eci.
1723 1656 1836 1708 phys.
1862 1669 1902 1708 p.
1929 1657 2040 1703 160.)

1005 1789 1425 1798 ——Q‘ff

1340 1830 1479 1863 opacum
1495 1822 1528 1854 et
1544 1821 1671 1862 nigrum
1695 1821 1912 1853 removeatur.
1957 1819 2106 1852 Rubrum
2126 1828 2204 1852 vero
2218 1828 2293 1853 cum
2319 1819 2392 1852 atho

1337 1881 1476 1914 mixtum
1508 1880 1573 1913 fere
1599 1879 1702 1912 viride
1726 1879 1854 1912 efficere
1875 1888 1995 1921 purum
2018 1887 2079 1912 nec
2107 1879 2253 1920 nigrum;
2284 1879 2392 1920 itaque

1337 1941 1461 1974 fructus
1480 1940 1622 1982 primum
1637 1939 1758 1972 virides
1772 1947 1862 1978 esse.
1879 1939 2055 1980 antequam
2072 1938 2220 1971 calefiant
2233 1939 2266 1971 et
2282 1940 2390 1971 matu-

1336 2000 1474 2034 rescant.
1518 2000 1653 2032 Tantam
1671 1998 1802 2041 quidem
1822 1998 1966 2032 colorum
1982 1998 2106 2040 copiam
2121 1998 2322 2032 commisceri
2341 2000 2391 2031 at-

1336 2067 1400 2100 que
1440 2057 1689 2090 innumerabiles
1716 2066 1788 2090 esse
1822 2057 1947 2090 colores
1978 2058 2011 2090 et
2043 2065 2175 2098 sapores
2206 2065 2265 2098 pro
2303 2058 2392 2089 varia

1336 2116 1514 2156 mixtione,
1536 2116 1563 2148 si
1583 2116 1658 2158 quis
1691 2116 1762 2148 baec
1786 2115 1926 2157 adimat,
1949 2116 2004 2148 iila
2028 2118 2189 2157 apponat,
2214 2116 2247 2149 et
2276 2115 2390 2148 horum

1336 2175 1445 2207 minus
1463 2174 1657 2215 admisceat,
1675 2174 1804 2207 iliorum
1822 2174 1928 2215 pius:
1953 2174 2079 2207 nulium
2097 2174 2183 2207 enim
2197 2173 2289 2207 alteri
2303 2173 2392 2206 simi-

1336 2234 1399 2267 lem
1413 2234 1490 2268 fore.

1766 2333 1824 2373 De
1845 2329 1998 2373 odore.

1376 2448 1428 2479 40.
1444 2446 1493 2479 De
1502 2445 1601 2479 odore
1615 2449 1767 2488 praeterea
1784 2446 1898 2478 statuit
1911 2446 1998 2486 (fere
2013 2446 2159 2479 simiiiter
2170 2454 2208 2478 ac
2222 2445 2387 2488 plerique·
2379 2471 2388 2487 ,

1333 2505 1413 2538 nibil
1431 2505 1517 2538 enim
1533 2506 1716 2548 peculiare)
1733 2505 1972 2548 pronuntiavit,
1989 2505 2046 2538 nisi
2061 2506 2140 2547 boc,
2159 2506 2242 2539 effici
2254 2506 2389 2539 odorem

1333 2565 1482 2599 tenuiore
1498 2564 1632 2598 materia
1644 2574 1662 2598 e
1681 2565 1892 2598 crassioribus
1904 2565 2076 2606 effluente,
2088 2566 2143 2598 sed
2167 2565 2261 2606 quale
2274 2564 2390 2608 suapte

1332 2626 1447 2658 natura
1460 2625 1501 2658 sit
1513 2626 1546 2658 et
1559 2634 1577 2658 a
1593 2634 1658 2666 quo
1669 2624 1841 2665 afficiatur,
1860 2634 1924 2658 non
1937 2626 2076 2667 amplius
2090 2625 2240 2658 addidit:
2255 2626 2285 2658 id
2300 2627 2387 2668 quod

1331 2686 1466 2719 fortasse
1483 2686 1600 2718 summi
1614 2686 1683 2719 erat
1698 2686 1867 2719 momenti.

1375 2748 1431 2778 41.
1452 2746 1537 2779 Nihil
1562 2747 1683 2779 temere
1709 2745 1744 2778 fit
1758 2770 1769 2786 ‚
1789 2745 1843 2779 sed
1872 2746 1981 2779 omnia
1998 2747 2122 2780 ratione
2141 2750 2174 2781 et
2199 2747 2388 2781 necessitate

1332 2804 1533 2846 contingunt.
