2612 3814
309 250 382 284 160
1291 239 1357 279 DE
1386 240 1590 281 MUsAEo.

299 332 406 369 finxit
431 332 613 382 Virgilius
637 329 688 382 (5)
723 328 876 367 AEneid.
903 329 974 369 lib.
1007 328 1060 368 VI
1087 341 1142 366 vs.
1174 329 1268 379 667,
1290 331 1359 367 ubi
1426 338 1595 371 testatur.
1629 333 1687 369 Ex
1706 331 1846 370 eodem
1880 346 1999 384 opere
2033 346 2148 371 nemo
2167 335 2324 385 negabit
2347 343 2493 375 sumtus

299 391 447 441 Sibylla
468 392 511 428 in
541 389 672 441 Elysio
694 402 776 427 non
806 391 1022 427 Homerum
1037 417 1048 438 ‚
1074 388 1142 426 sed
1163 389 1363 438 antiquio·
1423 402 1503 428 esse
1516 403 1646 428 versus
1659 391 1794 429 allatos
1813 404 1836 430 a
1856 392 2047 431 Clemente
2066 392 2208 432 Strom.
2222 396 2275 432 VI
2291 409 2332 446 p.
2356 395 2435 434 618
2453 404 2492 434 et

299 465 380 490 rem
404 450 573 489 Homero
593 452 778 488 Musaeum
797 448 970 500 primum
994 456 1082 486 ante
1108 461 1243 486 omnes
1260 456 1368 485 vates
1426 449 1503 487 628
1515 452 1528 496 (
1540 450 1590 488 cf.
1608 450 1743 500 fragm.
1762 463 1837 491 vss,
1850 451 1941 489 8-13
1958 451 1986 503 ).
2001 454 2055 490 Ex
2071 454 2236 491 oraculis
2253 461 2325 492 tres
2342 463 2491 494 tantum

300 512 468 549 allocuta
490 523 569 549 esse
607 510 761 548 dicitur.
794 510 1002 547 Diversum
1041 508 1090 545 ab
1116 508 1192 546 hoc
1220 509 1362 545 Musaeo
1424 517 1632 560 supersunt
1650 523 1782 548 versus
1803 511 1909 561 apud
1933 513 2158 550 Pausaniam
2185 515 2254 553 lib.
2280 516 2320 553 X
2339 527 2427 566 cap.
2447 529 2489 567 9,

300 583 379 609 esse
398 572 561 608 alterum
582 570 691 619 cujus
712 569 761 606 de
781 570 906 607 Herus
927 575 965 605 et
983 567 1151 606 Leandri
1168 567 1364 604 amoribus

298 643 437 681 poema
453 631 626 669 omnium
640 629 817 667 manibus
838 629 987 676 teritur,
998 641 1079 665 non
1092 635 1148 665 est
1159 627 1267 677 quod
1282 640 1364 663 mo-

298 703 454 728 neamus
473 690 542 742 (6).
563 690 774 740 Reliquum
800 695 872 735 est,
894 696 937 725 ut
955 700 1079 738 pauca
1103 687 1152 725 de
1172 688 1217 724 iis
1238 688 1306 736 qui
1322 687 1363 723 in

298 763 474 794 veterum
494 755 604 793 libris
629 761 856 805 comparent
883 753 1014 791 Musaei
1033 753 1229 791 versiculis
1249 752 1357 789 dica-

300 829 399 856 mus.
420 815 589 853 Effatum
611 815 720 865 quod
748 822 802 851 est
821 814 926 864 apud
946 814 1190 851 Aristotelem
1206 814 1361 850 Politic.

299 878 367 915 lib.
388 879 480 914 VIII
497 890 582 927 cap.
606 875 627 912 5
651 875 724 926 (cf.
744 875 881 925 fragm.
900 887 955 911 vs,
983 887 999 910 1
1021 875 1033 922 )
1050 887 1071 911 e
1085 876 1290 924 praeceptis
1309 873 1366 909 ad

299 938 524 986 Eumolpum
554 935 677 972 filium
701 942 886 983 tanquam
905 934 1105 970 uberrimo
1129 932 1234 971 fonte
1264 934 1360 970 hau-

298 1002 398 1033 stum
417 995 585 1033 videtur.
622 993 718 1030 Inde
750 993 911 1029 fortasse
945 991 1059 1029 fluxit
1090 993 1206 1030 etiam
1230 1004 1362 1029 versus

1430 583 1445 606 1
1457 583 1492 608 1.
1515 570 1600 608 Vid.
1624 569 1760 620 fragm.
1781 584 1855 610 vsS.
1883 571 1976 611 3-5.
1995 570 2074 610 Sed
2093 574 2182 611 licet
2197 575 2421 624 gravissima
2439 577 2490 614 sit

1429 629 1677 679 quorundam
1703 631 1956 681 antiquorum
1988 645 2087 682 quos
2111 640 2223 671 testes
2251 634 2496 673 adhibuimus

1428 691 1658 739 auctoritas,
1681 690 1749 741 qui
1773 702 1820 727 ex
1838 691 1971 728 Musaei
1987 692 2141 742 scriptis
2158 706 2290 731 versus
2306 693 2495 744 quosdam

1427 762 1467 787 se
1494 749 1668 799 proferre
1699 747 1916 797 affirmant,
1949 758 2077 788 tamen
2111 754 2242 791 omnia
2270 766 2355 804 quae
2375 753 2496 792 hodie

1428 818 1577 847 exstant
1606 810 1821 860 fragmenta
1865 823 1954 848 cum
1992 810 2188 850 Clemente
2222 820 2261 850 et
2301 813 2492 851 Pausan'm

1428 871 1723 910 Onomacritum
1754 878 1955 909 auctorem
1983 871 2126 909 habere
2164 872 2278 910 nobis
2306 874 2495 923 persuasi-

1428 944 1528 969 mus.
1569 932 1714 968 Paucas
1744 930 1812 968 has
1841 931 2057 968 carminum
2091 930 2277 982 reliquias
2315 932 2496 971 collectas

1427 993 1597 1042 primum
1635 991 1684 1028 ab
1717 992 1837 1028 Henr.
1884 991 2076 1041 Stephano
2110 992 2152 1028 in
2178 993 2288 1029 Poesi
2323 992 2497 1043 philoso-

300 1068 415 1105 quem
447 1061 650 1093 servarunt
678 1052 904 1091 Aristoteles
937 1053 1035 1092 Hist.
1087 1064 1150 1089 an.
1186 1052 1256 1090 lib.
1296 1053 1364 1098 VI,
1393 1067 1397 1110 i
1427 1052 1562 1101 phica,
1581 1059 1714 1101 postea
1735 1050 1986 1102 aphilologis
2007 1052 2225 1102 neglectas,
2248 1064 2320 1103 ego
2338 1053 2492 1090 consul·

299 1128 383 1164 cap.
402 1115 425 1152 6
440 1122 478 1152 et
496 1113 722 1152 Plutarchus
735 1113 812 1152 Vit.
829 1113 942 1149 Marii
956 1125 1043 1162 cap.
1067 1111 1117 1149 36
1134 1109 1206 1164 (cf.
1223 1111 1361 1162 fragm.
1392 1113 1397 1122 ³

300 1187 355 1213 vs,
380 1172 423 1225 2)
439 1203 450 1223 ‚
475 1175 506 1212 si
525 1179 812 1224 praeceptorum
839 1180 992 1222 partem
1021 1171 1071 1209 ad
1091 1184 1152 1209 res
1169 1171 1365 1208 naturales

299 1242 483 1283 spectasse
500 1234 770 1271 existi-mamus.
789 1230 947 1269 Certum
963 1239 1019 1269 est
1038 1232 1088 1269 ad
1103 1231 1207 1269 idem
1223 1243 1364 1281 poema

298 1294 434 1331 referri
453 1306 584 1331 versus
595 1306 693 1343 quos
709 1292 829 1330 habet
847 1292 1051 1329 Pausanias
1065 1292 1135 1331 lib.
1157 1292 1196 1329 X
1216 1304 1302 1341 cap.
1323 1289 1362 1337 5,

301 1353 322 1390 3
345 1353 461 1400 (conf
485 1353 621 1404 fragm.
637 1365 709 1392 vss.
726 1351 950 1402 6-7).1pse
969 1352 1072 1388 enim
1092 1352 1260 1401 scriptor
1277 1352 1353 1387 hoc

343 1499 388 1541 (5)
402 1498 556 1540 Virgilius
576 1498 700 1532 AEneid.
719 1498 774 1531 lib.
789 1500 836 1531 Vl
849 1523 858 1539 ‚
874 1507 923 1531 vs,
945 1502 1005 1531 666
1020 1511 1027 1531 :

385 1597 474 1633 Quos
490 1594 702 1627 circumfusos
721 1593 767 1626 sic
784 1594 834 1626 est
850 1593 948 1626 affata
966 1593 1090 1632 Sibylla
1105 1618 1114 1634 ,

385 1644 546 1675 Musaeum
568 1645 643 1674 ante
671 1649 785 1674 omnes
811 1653 820 1674 ε
847 1640 993 1673 medium
1010 1635 1093 1672 nans
1113 1640 1251 1681 plurima
1270 1640 1367 1672 turba

386 1690 475 1722 hunc
492 1689 609 1730 habet,
626 1690 725 1731 atque
743 1689 891 1721 humeris
913 1690 1096 1721 exstantem
1114 1688 1251 1729 suspicit
1266 1688 1341 1721 altis
1358 1701 1365 1721 z

385 1737 491 1769 Dicite
504 1761 513 1776 ‚
529 1737 636 1769 felices
656 1737 794 1778 animae,
811 1739 913 1778 tuque
926 1761 935 1776 ,
955 1736 1078 1778 optime
1091 1740 1183 1769 vates
1194 1760 1204 1777 ,

388 1794 463 1826 quae
481 1785 567 1827 regio
584 1785 745 1818 Anchisen
757 1809 767 1826 ‚
785 1785 860 1826 quis
882 1785 980 1818 habet
998 1785 1110 1818 locus?
1126 1785 1213 1817 illius
1229 1793 1305 1826 ergo

384 1832 550 1873 venimus,
571 1834 604 1866 et
617 1841 755 1874 magnos
774 1832 869 1866 Erebi
885 1834 1091 1866 tranavimus
1113 1841 1239 1866 amnes.

344 1925 390 1968 (6)
406 1928 454 1959 De
470 1927 532 1958 lioc
550 1927 596 1959 ita
614 1927 775 1968 Josephus
796 1926 940 1968 Scaliger
956 1926 1091 1967 epistola
1113 1928 1172 1958 247
1191 1925 1232 1958 ad
1249 1925 1365 1959 Claud.

300 1973 493 2009 salmasium
518 1983 526 2006 :
550 1987 568 2003 «ι
588 1976 740 2008 Nonnum
763 1975 809 2007 ita
843 1975 931 2007 soleo
950 1975 1074 2015 legere,
1103 1974 1270 2015 quomodo
1301 1974 1363 2006 mi-

1428 1113 1474 1149 εἰς
1511 1111 1794 1150 recentioribus
1825 1119 2002 1149 veterum
2033 1113 2270 1162 scriptorum
2305 1113 2493 1163 exemplis

1429 1172 1644 1209 accuratius
1677 1172 1878 1218 recensui,
1909 1172 2018 1209 locos
2038 1180 2245 1223 corruptos
2269 1173 2494 1220 emendavi,

1429 1230 1533 1267 dicta
1553 1230 1729 1280 quaedam
1747 1243 1831 1280 quae
1847 1231 2032 1280 Stephani
2056 1231 2297 1283 diligentiam
2317 1232 2496 1283 fugerant

1431 1289 1579 1338 adjeci,
1594 1290 1718 1327 -effata
1737 1290 1906 1340 denique
1925 1292 2056 1328 omnia
2076 1299 2111 1328 et
2138 1304 2270 1329 versus
2289 1289 2408 1331 latine
2427 1293 2495 1330 in-

1395 1391 1398 1399 ,
1430 1357 1663 1400 terpretatus
1677 1363 1774 1387 sum.

1433 1506 1504 1530 mos
1534 1499 1681 1539 spectare
1703 1497 1847 1530 solemus
1868 1497 1924 1538 qui
1946 1497 2036 1530 nulla
2061 1497 2122 1530 alia
2149 1507 2183 1531 re
2205 1498 2309 1539 magis
2332 1507 2392 1532 nos
2411 1498 2502 1532 oble·

1430 1547 1545 1583 etant,
1577 1553 1677 1586 quam
1709 1544 1799 1586 quod
1819 1544 1950 1578 ridiculi
1975 1547 2066 1578 sunt.
2093 1545 2225 1578 Parcior
2255 1550 2290 1579 et
2313 1546 2501 1588 castigatior

1431 1591 1564 1634 quidem
1582 1594 1744 1632 Musaeus,
1760 1591 1815 1624 sed
1833 1592 1890 1633 qui
1908 1600 1984 1624 cum
2001 1592 2132 1625 illorum
2151 1596 2301 1626 veterum
2317 1593 2501 1635 frugalitate

1431 1641 1641 1681 comparatus
1667 1639 1819 1681 prodigus
1846 1639 2012 1672 videatur.
2043 1642 2157 1682 Neque
2183 1640 2216 1673 in
2251 1642 2313 1674 hoc
2331 1640 2501 1683 sequimur

1430 1687 1545 1729 optimi
1562 1687 1704 1728 parentis
1717 1687 1820 1720 nostri
1831 1686 2004 1728 judicium,
2014 1697 2113 1728 quem
2127 1689 2277 1721 acumina
2291 1689 2345 1722 illa
2357 1691 2391 1722 et
2403 1689 2502 1722 flores

1431 1736 1653 1769 declamatorii
1677 1735 1721 1768 ita
1738 1737 1917 1778 ceperunt,
1933 1738 1968 1769 ut
1997 1746 2061 1769 non
2085 1736 2243 1770 dubitarit
2261 1747 2337 1771 eum
2357 1739 2500 1771 Homero

1431 1784 1595 1824 praeferre.
1615 1796 1632 1813 υ
1660 1784 1791 1816 Putavit
1815 1784 1902 1816 enim
1925 1783 2032 1817 Julius
2054 1784 2165 1816 caesar
2187 1784 2330 1826 Scaliger
2353 1785 2500 1819 poetices

1432 1831 1489 1863 lib.
1508 1832 1539 1863 V
1559 1839 1632 1872 cap.
1657 1834 1671 1863 1
1689 1831 1776 1863 hunc
1794 1831 1983 1872 posterioris
1996 1832 2104 1864 aetatis
2120 1833 2250 1874 poetam
2267 1841 2338 1866 esse
2354 1835 2498 1866 veterem

1431 1879 1522 1911 illum
1551 1880 1682 1919 vatem,
1711 1887 1809 1920 quem
1834 1880 1911 1911 ante
1941 1880 2120 1912 Homerum
2144 1880 2262 1913 vixisse
2289 1879 2386 1913 multi
2413 1881 2501 1922 iique

1433 1925 1520 1958 liaud
1539 1926 1771 1959 contemnendi
1798 1929 1950 1960 auctores
1968 1926 2182 1960 tradiderunt.
2208 1929 2257 1960 De
2272 1927 2342 1961 aliis
2364 1928 2499 1961 Musaeis

1433 1974 1508 2007 vide
1524 1973 1664 2007 Fabricii
1679 1974 1763 2008 Bibl.
1781 1975 1839 2007 Gr.
1859 1975 1924 2008 vol.
1940 1977 1953 2008 l
1968 1983 2000 2018 p.
2016 1978 2075 2008 123
2092 1975 2144 2009 ed.
2167 1975 2294 2009 Harles.

1017 2306 1505 2370 ΜΟΥΣΑΙΟΥ
1551 2307 1776 2371 ΕΠΗ.

388 2489 503 2545 [Ἀλλ’
526 2490 818 2545 ὄλιγοχρονίοισι]
838 2494 974 2545 βροτοῖς
990 2490 1134 2539 ἥδιστον
1155 2490 1299 2532 ἀείδειν.

443 2563 454 2614 (
469 2564 687 2601 Aristoteles
702 2565 852 2601 Politic.
865 2564 933 2600 lib.
947 2564 1041 2602 VIII
1055 2577 1141 2615 cap.
1162 2563 1184 2601 5
1205 2577 1214 2601 z
1231 2561 1309 2610 Τὴν
1333 2561 1369 2600 δὲ

390 2621 560 2672 μουσικὴν
601 2621 729 2667 πάντες
764 2615 853 2660 εἷναί
882 2637 998 2675 φαμεν
1017 2624 1088 2663 τῶν
1110 2621 1285 2671 ἡδίστων,
1306 2623 1368 2661 καὶ

387 2679 493 2734 ψιλὴν
515 2675 623 2742 οὖσαν
652 2680 714 2720 καὶ
750 2680 841 2732 μετὰ
861 2683 1056 2735 μελῳδίας·
1084 2682 1172 2737 φησὶ
1192 2685 1274 2735 γοῦν
1308 2681 1370 2721 καὶ

390 2741 569 2784 Μουσαῖος
591 2742 681 2778 εἶναι
700 2757 715 2774 «
734 2741 871 2792 βροτοῖς
890 2740 1033 2789 ἥδιστον
1054 2742 1205 2791 ἀείδειν,
1227 2760 1244 2777 υ
1265 2743 1369 2780 unde

389 2813 540 2837 versum
555 2799 700 2851 fingere
721 2814 830 2839 ausus
845 2815 943 2843 sum.
959 2802 974 2853 )

387 2869 457 2915 *Oc
476 2870 557 2924 τρία
575 2870 637 2923 μὲν
657 2871 782 2921 τίκτει,
805 2872 865 2911 δύο
882 2873 910 2912 δ’
923 2872 1078 2923 ἐκλέπει,
1091 2872 1128 2912 ἓν
1151 2874 1182 2912 δ’
1203 2873 1372 2925 ἀλεγίζει.

445 2946 694 2991 (Aristoteles
713 2946 856 2983 Histor.
877 2948 1032 2986 animal.
1051 2948 1119 2986 lib.
1134 2948 1186 2986 VI
1204 2960 1290 2998 cap.
1312 2947 1335 2984 6
1358 2958 1368 2985 ε

392 3002 437 3042 Ὁ
459 3002 488 3041 δ’
499 3004 598 3047 ἀετὸς
619 3003 673 3058 ᾠὰ
694 3002 757 3054 μὲν
778 3003 887 3043 τίκτει
907 3005 1004 3059 τρία,
1022 3004 1164 3044 ἐκλέπει
1184 3005 1220 3044 δὲ
1239 3004 1373 3045 τούτων

391 3061 436 3100 τὰ
459 3062 542 3110 δύο,
565 3061 685 3115 ὥσπερ
708 3062 783 3102 ἐστὶ
812 3063 873 3102 καὶ
895 3066 930 3102 ἐν
952 3069 1025 3109 τοῖς
1045 3064 1235 3104 Μουσαίου
1267 3066 1373 3117 λεγο-

395 3122 509 3171 μένοις
538 3123 676 3170 ἔπεσιν,
703 3121 739 3166 ὃς
764 3122 846 3176 τρία
877 3125 958 3163 κτλ.
988 3126 1045 3163 Cf.
1077 3126 1273 3165 Plutarch.
1292 3127 1369 3165 Vit.

391 3184 506 3219 Marii
523 3196 608 3232 cap.
628 3182 715 3234 36.)

393 3251 468 3292 Καὶ
487 3251 555 3305 γὰρ
575 3252 811 3300 Ἀθηναίοισιν
832 3253 1021 3308 ἐπέρχεται
1043 3254 1162 3309 ἄγριος
1185 3254 1316 3310 ὄμὸρος

1512 2489 1699 2542 ἡγεμόνων
1716 2490 1907 2537 κακότητι·
1928 2490 2155 2544 παραιφασίη
2179 2490 2216 2530 δέ
2235 2507 2287 2535 τις
2306 2490 2428 2531 ἔσται·

1462 2565 1479 2590 5
1525 2550 1698 2595 Ἑλλάδος
1718 2549 1900 2602 ἠμύσουσι
1921 2550 2059 2599 πόλεις,
2077 2550 2213 2592 τίσουσι
2230 2552 2267 2591 δὲ
2285 2551 2425 2601 ποινήν.

1571 2658 1802 2710 (Pausanias
1828 2659 1897 2695 lib.
1920 2659 1959 2696 X
1973 2671 2059 2709 cap.
2081 2673 2122 2710 9,
2148 2672 2191 2696 11
2222 2671 2232 2699 :
2252 2657 2329 2706 Τὴν
2350 2657 2388 2698 δὲ
2405 2660 2500 2708 πλη·
2544 2656 2550 2662 ’

1516 2716 1582 2770 γὴν
1607 2717 1784 2765 Ἀθηναῖοι
1803 2716 1866 2766 τὴν
1888 2718 1923 2756 ἐν
1942 2717 2050 2770 Αἰγὸς
2066 2720 2240 2770 ποταμοῖς
2259 2719 2299 2758 οὔ
2326 2719 2417 2770 μετὰ
2435 2721 2499 2758 τοῦ

1517 2776 1653 2816 δικαίου
1674 2775 1859 2828 συμὸἧναί
1879 2792 1997 2831 σφισιν
2028 2779 2258 2830 ὁμολογοῦσι·
2282 2779 2501 2832 προδοθῆναι

1515 2835 1584 2890 γὰρ
1603 2835 1662 2876 ἐπὶ
1679 2835 1864 2889 χρήμασιν
1887 2837 1955 2876 ὑπὸ
1974 2838 2043 2876 τῶν
2059 2837 2385 2890 στρατηγησάντων
2398 2870 2410 2888 ,
2425 2841 2500 2880 Τυ-

1517 2897 1577 2936 δέα
1596 2896 1631 2936 δὲ
1652 2889 1743 2935 εἶναι
1763 2897 1825 2936 καὶ
1849 2896 2076 2948 Ἀδείμαντον
2098 2896 2132 2937 οἳ
2151 2897 2196 2936 τὰ
2216 2899 2313 2951 δῶρα
2337 2897 2500 2944 ἐδέξαντο

1517 2956 1616 3010 παρὰ
1635 2956 1859 3011 Λυσάνδρου.
1882 2957 1957 2998 Καὶ
1976 2959 2009 3003 ἐς
2030 2957 2207 3003 ἀπόδειξιν
2228 2962 2290 2999 τοῦ
2308 2957 2416 3013 λόγου
2435 2960 2504 3000 Σι-

1521 3015 1654 3066 ὅύλλης
1680 3015 1897 3070 παρέχονται
1926 3018 1995 3056 τῶν
2031 3020 2228 3071 χρησμῶν·
2264 3035 2282 3054 οι
2317 3018 2394 3059 Καὶ
2426 3018 2501 3058 τότ’

1518 3075 1736 3125 Ἀθηναίοισι
1758 3075 1959 3129 βαρύστονα
1979 3076 2090 3124 κήδεα
2117 3076 2217 3125 θήσει
2236 3077 2324 3123 Ζεὺς
2349 3078 2502 3134 ὖψιὸρε·

1517 3135 1648 3188 μέτης,
1669 3130 1776 3189 οἷπερ
1807 3135 1933 3189 κράτος
1962 3136 2036 3176 ἐστὶ
2062 3136 2242 3191 μέγιστον.
2264 3138 2384 3187 Νηυσὶ
2404 3138 2502 3193 φέρει

1517 3195 1687 3248 πολέμοιο
1704 3195 1827 3249 μάχην
1851 3195 1912 3235 καὶ
1929 3196 2118 3246 δηϊοτῆτα,
2140 3198 2374 3250 Ὀλλυμέναις
2399 3199 2499 3238 δολε-

1523 3258 1613 3308 ροῖσι
1639 3255 1781 3308 τρόποις
1810 3255 1982 3303 κακότητι
2009 3257 2179 3309 (legend.
2210 3257 2318 3311 κακίῃ
2354 3259 2413 3312 τε)
2442 3273 2499 3298 νο·

660 3403 803 3436 MUSAEI
823 3405 1025 3438 GARMlNA.

314 3468 389 3512 [Sed
402 3468 510 3502 brevis
518 3467 595 3511 aevi]
608 3467 797 3500 mortalibus
807 3467 1039 3508 jucundissima
1058 3476 1109 3501 res
1124 3469 1240 3502 cantus
1255 3470 1315 3503 est.
1328 3487 1371 3494 —

316 3533 396 3569 Quae
414 3529 477 3562 tria
490 3529 622 3570 quidem
637 3527 720 3570 parit
738 3536 816 3568 ova,
833 3529 898 3561 duo
914 3527 1063 3569 excudit,
1082 3537 1183 3561 unum
1202 3530 1314 3562 nutrit.
1331 3549 1371 3557 --

1437 3407 1565 3441 Etenim
1585 3407 1619 3440 in
1637 3406 1849 3440 Athenienses
1862 3408 1958 3439 atrox
1977 3406 2081 3440 imber
2100 3407 2227 3448 ingruet

1437 3468 1560 3501 ducum
1581 3468 1716 3509 fraude;
1732 3467 1766 3500 id
1781 3470 1892 3501 autem
1914 3467 2033 3500 solatio
2052 3468 2136 3509 erit,

1439 3527 1527 3570 quod
1541 3528 1678 3562 Graeciae
1691 3527 1789 3561 urbes
1802 3527 1920 3561 cadent
1934 3527 2087 3569 luentque
2104 3537 2245 3570 poenam.
2260 3547 2300 3553 —
