2612 3814
269 267 348 303 230

398 352 558 403 (Anton.
575 362 613 392 et
633 353 738 394 Max.
754 353 881 396 Serm.
897 355 979 409 περὶ
999 357 1237 410 ἐλεημοσύνης
1247 373 1258 409 ;
1275 359 1328 402 cf.

453 412 565 453 Stob.
588 413 694 454 Flor.
716 413 848 465 XLVI,
867 417 948 468 67.)

259 502 307 528 22.
339 490 372 528 Τ
375 491 403 527 ὦ
420 489 627 543 πυθομένῳ,
644 490 679 529 τί
710 493 778 530 τῶν
809 490 907 546 ζῴων
938 493 1194 546 χαλεπώτατόν
1222 496 1330 545 ἐστιν,

343 549 580 603 ἀπεκρίνατο,
600 550 653 590 δ’τι
672 552 741 590 τῶν
764 551 828 604 μὲν
860 553 993 606 ἀγρίων
1015 555 1032 592 ὁ
1056 554 1240 603 τύραννος,
1261 558 1330 594 τῶν

324 608 378 646 -δὲ
396 607 539 662 ἡμέρων
557 611 574 648 ὁ
591 609 710 656 κόλαξ.

396 678 648 731 (Plutarchus
674 680 731 719 De
745 681 891 720 adulat.
911 690 949 720 et
965 683 1082 721 amici
1102 683 1219 723 discr.
1242 697 1327 737 cap.

452 740 502 778 28
523 754 563 792 p.
594 742 701 791 198.)

259 822 308 848 23.
343 808 507 859 Ἀμάσιδι
526 810 724 855 κελευσθεὶς
741 810 781 849 τὸ
797 810 1039 864 χρηστότατον
1059 814 1146 864 ὁμοῦ
1167 813 1227 852 καὶ
1242 830 1330 866 φαυ-

340 867 487 908 λότατον
506 870 687 924 ἐκπέμψαι
705 870 810 923 κρέας
827 874 888 909 τοῦ
912 871 1039 925 ἱερείου
1051 903 1061 923 ,
1079 872 1144 921 τὴν
1168 874 1329 924 γλῶτταν

340 926 465 973 ἐξελὼν
494 927 722 983 ἀπέπεμψεν,
745 932 792 974 ὼς
815 930 877 969 καὶ
899 930 1037 983 βλάὸας
1068 932 1129 971 καὶ
1156 933 1330 986 ὠφελείας

339 989 400 1026 τοῦ
417 987 533 1040 λέγειν
551 987 694 1041 ἔχοντος
713 988 897 1041 μεγίστας.

397 1058 646 1110 (Plutarchus
663 1059 712 1098 de
728 1059 943 1099 Auditione
958 1074 1042 1113 cap.
1064 1075 1085 1099 2
1105 1075 1193 1114 pag.
1221 1061 1326 1115 131.)

257 1141 309 1169 24.
339 1128 569 1181 Θεασάμενος
583 1130 764 1186 μάχαιραν
775 1132 989 1187 ἐρριμμένην
1003 1132 1083 1188 ἔφη·
1094 1134 1161 1180 Τίς
1175 1150 1213 1173 σε
1229 1134 1327 1174 ἀπώ-

338 1190 454 1236 λεσεν,
473 1189 496 1237 ἢ
511 1190 591 1230 τίνα
605 1191 648 1230 σύ
661 1205 672 1244 ;

395 1260 604 1312 (Maximus
623 1262 748 1303 Serm.
770 1263 851 1317 περὶ
873 1263 1054 1316 Θανάτου.)

255 1345 306 1372 25.
337 1330 465 1373 ἽΙδιον
480 1332 578 1385 ἔλεγε
596 1334 748 1381 δικάζειν
769 1335 901 1387 μεταξὺ
919 1338 1053 1390 ἐχθρῶν
1074 1335 1096 1384 ἢ
1115 1336 1237 1390 φίλων·
1257 1339 1326 1377 τῶν

338 1391 402 1443 μὲν
422 1391 491 1446 γὰρ
512 1393 622 1447 φίλων
642 1394 783 1440 πάντως
805 1396 929 1449 ἐχθρὸν
951 1396 1092 1435 ἔσεσθαι
1114 1395 1171 1435 τὸν
1193 1395 1325 1451 ἕτερον,

336 1453 406 1490 τῶν
426 1451 462 1490 δὲ
482 1453 615 1506 ἐχθρῶν
635 1453 696 1492 τὸν
714 1453 830 1509 ἕτερον
849 1455 963 1509 φίλον.

392 1530 602 1582 (Diogenes
623 1531 801 1571 Laertius
819 1532 892 1573 lib.
915 1533 946 1582 1,
969 1534 1047 1585 87.)

253 1616 301 1642 aa.
336 1601 570 1655 Ἐρωτηθείς,
598 1603 632 1642 τί
667 1606 788 1643 ποιῶν.
810 1605 990 1657 ἄνθρωπος
1021 1604 1213 1658 τέρπεται,
1244 1606 1324 1660 ἔφη,

338 1661 556 1716 Κερδαίνων.

390 1731 604 1786 (Diogenes
620 1733 804 1773 Laertius
819 1734 889 1775 hb
910 1734 941 1786 1,
960 1736 1040 1787 87.
1030 1735 1043 1767 l

253 1817 302 1843 27.
335 1800 466 1856 Ἔλεγε
490 1805 560 1843 δεῖν
584 1804 645 1843 καὶ
677 1807 828 1858 φιλεῖν’
809 1822 856 1850 ως
885 1805 1119 1856 μισήσοντας·
1150 1806 1227 1851 τους
1257 1807 1325 1861 γὰρ

336 1865 400 1902 πλε
388 1863 520 1922 είῖῐτους
538 1867 628 1903 εἶναι
650 1865 790 1910 κακούς.

389 1936 600 1988 (Diogenes
617 1936 798 1977 Laertius
816 1937 885 1977 lib.
908 1937 941 1987 Ι,
958 1939 1042 1990 87.)

253 2031 300 2057 28.
331 2018 518 2071 Μακάριός
544 2020 638 2057 ἐστιν
666 2022 684 2058 ὁ
704 2020 865 2058 πλουτῶν
893 2019 955 2059 καὶ
983 2013 1031 2058 ὧν
1053 2021 1215 2071 ἐπιθυμεῖ
1235 2023 1324 2061 ἀπο-

335 2077 463 2116 λαύων·
483 2076 553 2116 ὅδὲ
575 2077 624 2128 μὴ
647 2078 826 2130 ἐπιθυμῶν
849 2079 1130 2133 μακαριώτερος.

390 2148 551 2199 (Anton.
573 2157 612 2186 et
632 2149 738 2189 Max.
761 2149 885 2192 Serm.
912 2149 994 2202 περὶ
1015 2149 1156 2203 ἁγνείας
1175 2149 1236 2189 καὶ
1252 2166 1322 2189 σω-

443 2207 651 2261 φροσύνης.)

252 2291 302 2322 2⁰.
334 2276 440 2326 Βίας,
461 2277 742 2329 ἐπικαλουμένου
758 2278 850 2323 τινὸς
868 2278 928 2318 τὸν
946 2279 1094 2319 θάνατον
1115 2279 1173 2320 ἐπὶ
1188 2280 1321 2320 τέκνων

1085 267 1289 309 SEPTEM
1325 270 1628 314 SAPlENTUM

1477 363 1637 402 ἀπωλεία
1649 363 1743 420 ,ἔφη
1757 367 1832 413 ,Τί
1848 368 1952 409 αυτὸν
1967 371 2098 419 καλεῖς,
2116 369 2300 424 ἄνθρωπε·
2292 402 2304 422 ,
2320 375 2398 423 οὐκ,
2417 374 2464 415 ἂν

1475 419 1525 472 μὴ
1547 395 1719 476 καλέσῃς,
1739 425 1834 476 ἥξει;

1535 495 1694 548 (Anton.
1711 507 1750 537 et
1768 499 1870 539 Max.
1895 501 2021 542 Sei-,m
2043 501 2125 555 περι
2146 503 2324 559 θανάτου.)

1390 578 1442 605 30.
1475 565 1542 606 Τῶ
1560 568 1627 607 υἱεῖ
1643 569 1729 622 πρὸς
1755 571 2009 623 Αἷγυπτίους’
1970 573 2175 645 ”oenoeipovtt
2203 575 2264 614 καὶ
2290 580 2462 618 πυνθανο·

1474 626 1591 680 μένῳ,
1618 627 1654 667 τί
1684 628 1727 668 ἂν
1754 646 1864 671 ποιων
1899 633 1996 687 αὐτῷ
2027 634 2188 706 μά)ιστα
2219 639 2466 691 κεχαρισμένα

1474 687 1649 761 πράττοι,
1668 688 1846 743 Ἐφόδιον,
1868 691 1934 746 ἔφη
1950 723 1960 741 ,
1975 693 2062 747 πρὸς
2083 697 2196 749 γῆρας
2216 696 2460 749 κτησάμενος,

1473 746 1536 795 τὴν
1559 748 1688 800 ἀρετὴν
1709 751 1846 799 δηλαδὴ
1864 751 1905 790 τὸ
1924 753 2059 807 ἐφόδιον
2079 754 2207 807 λέγων.

1529 820 1581 872 (8.
1596 821 1766 863 Basilius
1780 824 1945 876 Magnus
1965 826 2022 871 De
2046 827 2305 880 profanorum
2329 829 2459 869 libro-

1583 896 1668 921 rum
1693 883 1860 924 lectione
1874 887 1985 939 extr.)

1389 964 1440 991 31.
1472 949 1519 992 ‘O
1539 953 1715 998 πλωτικὸς
1733 954 1824 1007 μήτε
1842 957 1877 994 ἐν
1895 956 1966 1001 τοῖς
1988 957 2189 1006 τεθνηκόσιν
2209 957 2303 1008 ἐστί,
2323 958 2406 1012 μήτ’
2423 962 2463 1000 ἐν

1472 1012 1541 1056 τοῖς
1562 1015 1691 1065 βιοῦσι.
2019 1066 2021 1068 ¹

1529 1084 1582 1135 (S.
1606 1085 1775 1125 Basilius
1795 1086 1959 1138 Magnus
1980 1088 2038 1127 De
2064 1089 2218 1142 profan.
2242 1089 2335 1133 libr.
2355 1091 2458 1147 lect.)

1389 1168 1438 1196 32.
1472 1154 1578 1207 Ἐμοὶ
1599 1156 1663 1208 μὲν
1690 1159 1785 1198 δοκεῖ
1815 1159 1958 1211 μάλιστ’
1975 1159 2018 1199 ἂν
2045 1160 2178 1207 ἔνδοξος
2208 1163 2369 1215 γενέσθαι
2396 1165 2460 1206 καὶ

1473 1217 1637 1270 βασιλεὺς
1657 1218 1721 1260 καὶ4
1738 1219 1923 1271 τύραννος,
1944 1222 1975 1259 εἷ
1998 1223 2136 1273 πρῶτος
2158 1224 2278 1276 χρῷτο
2302 1228 2373 1269 τοῖς
2398 1223 2462 1264 νό-

1474 1293 1551 1330 μοις
1572 1281 1635 1326 τῆς
1653 1280 1834 1331 πατρίδος.

1526 1350 1776 1404 (Plutarchus
1794 1352 1866 1391 vu
1884 1352 2058 1405 Sapient.
2076 1352 2246 1393 conviv.
2266 1345 2353 1408 ca‘p.
2371 1369 2392 1405 7
2413 1369 2460 1409 p.

1583 1411 1662 1464 17.)

1388 1494 1437 1522 33.
1470 1481 1602 1526 Βίας”
1582 1499 1618 1521 εν
1639 1499 1708 1522 τινι
1732 1483 1829 1537 πότῳ
1862 1488 2006 1524 σιωπῶν
2035 1485 2095 1525 καὶ
2127 1486 2375 1537 σκωπτόμενος
2409 1488 2462 1532 ἐἷς

1470 1542 1708 1594 ἀοελτερίαν
1696 1543 1764 1582 υπό
1782 1559 1873 1588 τινος
1891 1545 2102 1598 ἀδολέσχου
2118 1545 2192 1585 Καί
2208 1562 2259 1591 τις
2289 1546 2344 1596 ἂν,
2364 1546 2430 1602 ἔφη
2443 1578 2459 1597 ,

1473 1601 1613 1641 δυναιτο
1636 1602 1751 1654 μωρὸς
1768 1601 1816 1642 ὧν
1834 1604 1869 1642 ἐν
1886 1603 1978 1656 οἴνῳ
1989 1611 2141 1659 σιωπᾷν5

1529 1674 1776 1727 (Plutaichus
1797 1675 1846 1715 de
1864 1675 2107 1716 Garrulitate
2127 1691 2212 1732 cap.
2237 1685 2259 1726 4
2281 1693 2323 1733 p.
2347 1679 2456 1733 102.)

1387 1759 1436 1788 31.
1469 1746 1607 1800 Θεώρει
1637 1746 1758 1801 ὥσπερ
1781 1749 1815 1787 ἐν
1837 1747 2028 1804 κατόπτρῳ
2049 1748 2111 1795 τὰς
2131 1754 2262 1791 σαυτοῦ
2289 1749 2456 1805 πράξεις,

1467 1806 1524 1845 ἵνα
1541 1807 1604 1852 τὰς
1625 1808 1688 1859 μὲν
1706 1807 1818 1853 καλὰς
1840 1810 2057 1863 ἐπικοσμῇς,
2077 1809 2137 1856 τὰς
2159 1810 2196 1850 δὲ
2221 1811 2372 1866 αἰσχρὰς
2389 1826 2457 1855 κα·-

1468 1867 1615 1920 λύπτῃς.
2232 1897 2234 1899 ,

1525 1938 1718 1993 (Stobaeus
1740 1939 1848 1980 Flor.
1871 1939 1982 1989 XXI,
2005 1939 2080 1994 11.)

1750 2058 1785 2097 ζ’.
1810 2060 2101 2093 ΠΕΡΙΑΝΔΡΟΥ.

1414 2163 1441 2188 1.
1470 2148 1592 2197 Μηδὲν
1609 2149 1806 2203 χρημάτων
1828 2150 1931 2189 ἕνεκα
1951 2150 2133 2204 πράττειν·
2157 2150 2209 2190 δεῖ
2222 2149 2291 2203 γὰρ
2308 2150 2354 2190 τὰ
2374 2165 2456 2204 κερ·

1467 2208 1576 2249 δαντὰ
1596 2210 1802 2263 κερδαίνειν.

1521 2282 1729 2335 (Diogenes
1749 2281 1927 2321 Laertius
1948 2282 2018 2321 lib.
2042 2282 2076 2334 1,
2095 2283 2178 2335 97.)

296 2395 347 2424 22.
373 2393 591 2433 percontanti,
601 2402 676 2434 quae
687 2397 770 2426 esset
785 2394 1053 2435 perniciosissima
1069 2395 1181 2435 bestia,
1196 2405 1323 2437 respon·

253 2449 302 2483 dit
318 2463 326 2483 ε
346 2452 435 2484 Inter
451 2452 533 2484 seras
547 2453 725 2494 tyrannus,
744 2453 829 2486 inter
845 2453 969 2486 cicures
984 2462 1063 2486 vero
1076 2454 1236 2487 adulator.

296 2512 347 2543 23.
372 2510 421 2542 Ab
451 2511 599 2544 Amaside
631 2512 741 2552 ,iussus
770 2512 926 2553 optimam
962 2513 1060 2545 simul
1087 2515 1120 2546 et
1148 2514 1322 2555 pessimam

253 2569 397 2602 victimae
413 2578 542 2603 carnem
567 2571 711 2612 mittere,
742 2571 886 2613 linguam
910 2565 1076 2606 eksectam
1106 2573 1215 2614 misit,
1242 2574 1319 2616 quia

254 2637 362 2662 sermo
382 2629 558 2670 plurimum
575 2632 606 2663 et
622 2631 772 2665 utilitatis
790 2636 822 2665 et
841 2632 950 2664 damni
968 2633 1111 2665 afferret.

299 2690 351 2721 24.
373 2689 587 2730 Conspicatus
615 2698 725 2722 ensem
755 2691 936 2733 proiectum
958 2702 966 2724 :
997 2693 1079 2731 Quis
1115 2694 1165 2734 te,
1198 2693 1322 2734 inquit,

256 2747 413 2790 perdidit,
432 2749 489 2781 aut
508 2757 605 2789 quem
626 2750 686 2782 tu?

297 2807 350 2840 25.
374 2806 472 2839 Malle
489 2815 522 2839 se
537 2807 621 2840 inter
637 2808 803 2849 inimicos,
822 2819 920 2851 quam
940 2811 1024 2844 inter
1043 2812 1164 2844 amicos
1180 2812 1323 2852 judicare

256 2866 403 2908 dicebat;
422 2866 541 2908 quippe
562 2876 603 2899 ex
622 2868 734 2901 amicis
753 2869 891 2902 alterum
906 2880 1039 2913 prorsus
1057 2873 1203 2905 futurum
1218 2872 1322 2905 inimi-

256 2918 331 2958 cum
343 2949 352 2965 ‚
374 2935 413 2958 ex
434 2925 572 2958 inimicis
591 2927 702 2972 autem
717 2928 853 2961 alterum
868 2930 1021 2963 amicum.

299 2989 350 3018 26.
373 2986 614 3027 Interrogatus,
639 2995 704 3028 quo
725 2989 853 3029 negotio
874 2989 970 3022 homo
989 2990 1201 3024 delectaretur
1220 3005 1228 3025 ε
1257 2994 1322 3025 Lu-

255 3053 323 3085 cro,
335 3044 452 3086 inquit.

299 3106 351 3137 27.
377 3105 469 3138 Idem
484 3105 659 3138 amandum
677 3115 746 3139 esse
760 3106 906 3148 dicebat,
922 3110 1013 3150 qnasi
1027 3109 1102 3142 odio
1115 3119 1258 3143 essemus
1269 3111 1320 3143 lia·

255 3163 378 3205 bituri;
402 3164 505 3196 malos
522 3164 608 3197 enim
628 3174 696 3198 esse
713 3166 896 3208 plerosque.

299 3225 356 3256 28.
382 3224 503 3256 Beatus
519 3226 570 3257 est
589 3225 645 3266 qui
662 3227 694 3257 et
717 3225 837 3258 divitiis
863 3227 966 3259 asssuit
984 3231 1016 3260 et
1036 3228 1127 3262 bonis
1147 3238 1222 3270 quae
1242 3239 1320 3263 con-

256 3282 423 3324 cupiverat
442 3283 542 3325 partis
564 3284 696 3325 fruitur,
714 3284 770 3317 sed
788 3285 912 3319 beatior
935 3290 1040 3320 tamen
1062 3288 1117 3330 qui
1136 3289 1215 3322 nihil
1240 3299 1320 3323 con-

255 3342 389 3384 cupivit.

302 3405 355 3436 29.
380 3402 471 3444 Bias,
485 3412 586 3445 quum
604 3404 736 3445 quidam
750 3404 857 3438 liberis
869 3406 936 3439 suis
949 3407 1115 3440 interitum
1132 3412 1320 3450 precaturus

255 3465 395 3496 mortem
414 3464 543 3496 vocaret
559 3473 568 3495 :
586 3464 671 3502 Quid
689 3466 756 3503 est,
769 3464 896 3505 inquit,
913 3464 999 3506 quod
1015 3465 1102 3498 illam
1116 3475 1230 3509 voces,
1246 3476 1319 3509 quae

254 3521 352 3554 etiam
368 3522 402 3555 te
419 3531 483 3555 non
498 3524 633 3556 vocante
648 3523 828 3556 adventura
846 3525 916 3557 est?

1429 2400 1480 2429 30.
1501 2397 1582 2429 Filio
1596 2397 1629 2428 in
1643 2397 1819 2438 AEgyptum
1834 2397 2048 2438 proficiscenti
2066 2397 2358 2439 interrogantique,
2372 2397 2452 2439 quid

1388 2454 1470 2495 patri
1488 2454 1707 2495 gratissimum
1726 2454 1830 2487 facere
1846 2456 1978 2496 posset,
1999 2454 2165 2496 respondit
2182 2467 2190 2487 z
2211 2455 2244 2508 Si
2264 2455 2452 2497 praesidium

1383 2514 1443 2546 sibi
1463 2513 1505 2546 ad
1518 2515 1719 2547 senectutem
1734 2515 1948 2557 compararet,
1959 2514 2114 2548 virtutem
2129 2516 2250 2550 scilieet
2263 2517 2451 2559 praesidium

1383 2574 1560 2615 appellans.

1426 2647 1478 2677 31.
1520 2645 1681 2687 Navigans
1717 2655 1821 2687 neque
1852 2647 1988 2680 mortuis
2027 2655 2133 2688 neque
2170 2647 2253 2680 vivis
2290 2647 2449 2682 adnume-

1383 2705 1515 2738 randus.

1425 2777 1477 2806 32.
1500 2774 1581 2807 Mihi
1603 2775 1737 2816 quidem
1760 2775 1887 2808 videtur
1908 2775 1967 2808 hac
1995 2776 2119 2809 ratione
2147 2775 2289 2809 maxime
2313 2776 2449 2817 gloriam

1383 2835 1617 2867 consecuturus
1648 2835 1718 2868 sive
1740 2844 1796 2868 rex
1821 2836 1892 2868 sive
1921 2837 2096 2877 tyrannus,
2117 2835 2146 2868 si
2174 2835 2299 2877 primus
2325 2835 2449 2877 legibus

1381 2895 1496 2936 patriae
1510 2895 1722 2937 obtemperet.

1425 2982 1476 3012 33.
1501 2978 1573 3011 Bias
1590 2978 1622 3010 in
1639 2978 1781 3019 quodam
1799 2978 1966 3018 convivio,
1983 2987 2086 3020 quum
2109 2978 2230 3011 tacenti
2252 2987 2272 3010 a
2289 2981 2448 3020 nugatori?

1383 3038 1536 3080 quopiam
1556 3038 1693 3071 stultitia
1710 3038 1905 3079 objiceretur
1923 3051 1930 3071 :
1950 3038 2031 3077 Quis
2057 3047 2152 3079 vero,
2177 3038 2301 3080 inquit,
2324 3039 2444 3072 stultus

1382 3099 1464 3132 inter
1481 3098 1657 3132 bibendum
1677 3099 1778 3140 possit
1798 3100 1930 3131 tacere?

1424 3182 1478 3214 34.
1503 3180 1730 3222 contemplare
1749 3182 1904 3221 tanquam
1924 3179 1955 3211 in
1972 3180 2104 3221 speculo
2129 3180 2274 3213 actiones
2298 3182 2388 3221 tuas,
2407 3183 2446 3212 ut

1383 3241 1535 3273 honestas
1557 3249 1652 3273 ornes
1664 3263 1674 3281 ,
1695 3243 1806 3281 turpes
1821 3248 1897 3271 vero
1914 3241 2013 3280 tegas.

1763 3358 1794 3389 7.
1817 3356 2057 3389 PERIANDRI.

1425 3467 1565 3501 1-‘Nihil
1581 3468 1727 3511 pecuniae
1743 3477 1839 3501 causa
1858 3468 2039 3509 agendmm
2058 3477 2133 3501 nam
2153 3468 2246 3502 iis-ex
2267 3466 2364 3501 rebus
2393 3466 2443 3499 lu·

1381 3536 1471 3560 crum
1487 3527 1667 3561 faciendum
1684 3528 1732 3560 aet
1745 3536 1786 3560 ex
1799 3526 1916 3569 quibus
1933 3526 2038 3561 decet.
