2612 3814
368 271 441 306 ιη
1314 221 1561 295 οῐιΡΗιοΑ.

441 349 693 405 προσαγορεύει
724 349 786 388 καὶ
817 347 922 400 μόνον
954 347 1194 400 ἀπογεννῆσαι
1227 343 1272 382 τὰ
1300 341 1420 382 πάντα

442 410 565 465 φησίν·
595 408 691 449 ἔνθεν
721 407 943 462 ἀδηθρώσκει
972 407 1050 447 κτλ.
1082 409 1204 445 Recte
1237 405 1424 444 Gesnerus

442 472 523 510 edit
543 469 632 518 ἄδην
655 467 783 522 Θρώκει
802 476 839 506 et
857 481 913 508 vs.
942 467 988 505 18
1020 466 1176 519 ἀμυδροῦ
1201 478 1275 516 pro
1301 476 1424 501 mem-

442 532 651 569 branarum
674 531 865 579 scriptura
886 526 1050 579 ἀμυδροῖ.
1074 526 1294 564 Damascius
1319 522 1424 573 apud

442 591 656 639 Bentlejum
676 590 795 639 Epist.
813 588 862 625 ad
876 588 972 626 Mill.
988 600 1030 637 p.
1045 585 1119 631 455
1137 597 1286 622 versum
1308 596 1350 630 17
1371 583 1422 619 sic

443 651 578 688 scribit
600 663 609 687 ε
633 646 762 688 Ἔνθεν
784 645 1008 700 ἀποθρώσκει
1028 644 1161 697 γένεσις
1181 641 1424 682 πολυπιδάκου

443 707 557 761 ὕλης.)

444 788 565 830 Ἑπτὰ
584 788 647 842 μὲν
670 789 812 831 εὐειδεῖς
832 785 975 839 κούρας,
993 783 1224 831 ἑλικώπιδας,
1243 781 1353 835 ἁγνάς
1361 813 1372 832 ,

445 851 535 888 ἔπτὰ
553 849 588 888 δὲ
609 851 737 892 παῖδας
761 846 916 890 ἄνακτας
938 844 1094 898 ἐγείνατο
1111 843 1342 897 λαχνηεντας.

448 909 659 962 Θυγατέρας
678 907 741 959 μὲν
759 906 855 945 τίκτε
874 905 990 956 Θέμιν
1010 903 1070 943 καὶ
1091 901 1239 957 εὔφρονα
1259 901 1394 951 Τηθύν,

446 967 687 1020 Μνημοσύνην
725 982 762 1005 τε
798 964 1092 1019 βαθυπλόκαμον,
1133 962 1245 1003 Θείαν
1280 977 1318 1002 τε
1356 960 1429 1012 μά-

1270 1019 1427 1077 [καιραν,

392 1101 428 1128 25
449 1085 510 1135 ἠδὲ
529 1085 666 1135 Διώνην
688 1085 819 1136 τίκτεν,
841 1082 1033 1139 ἀριπρεπὲς
1053 1074 1179 1127 εἰδος”
1161 1096 1324 1135 εχουσαν,

447 1146 588 1194 Φοίόην
609 1161 648 1185 τε
666 1145 742 1187 (ιῬε
731 1162 785 1195 ’,ην
803 1161 866 1196 τε,
889 1144 970 1188 Διὸς
986 1142 1183 1196 γενέτειραν
1202 1140 1425 1185 ἄνακτος..

449 1206 555 1246 Κοῖόν
576 1222 613 1245 τε
635 1205 763 1259 Κροῖόν
779 1222 818 1244 τε
835 1204 962 1256 μέγαν,
980 1203 1123 1255 Φόρκυν
1141 1218 1178 1241 τε
1193 1199 1375 1255 κραταιόν,

446 1265 508 1305 καὶ
542 1265 694 1319 Κρόνον,
730 1263 899 1304 Ὠκεανόν
933 1262 978 1315 θ’,
1010 1260 1203 1314 Ὑπερίονά
1228 1262 1276 1308 τ’,
1308 1259 1431 1298 Ἰαπε-

1288 1317 1360 1374 [τόν
1376 1335 1429 1360 τε.

505 1401 682 1450 (Proclus
708 1403 750 1439 in
779 1400 879 1439 Tim.
902 1401 972 1440 lib.
992 1402 1025 1438 V
1052 1413 1091 1449 p.
1112 1398 1188 1448 295
1211 1400 1259 1444 D,
1285 1410 1325 1447 p.
1354 1397 1430 1445 716

450 1462 511 1500 ed.
533 1462 713 1500 Schneid.
734 1459 881 1500 εΤίκτει
895 1458 962 1513 γὰρ
982 1462 1004 1507 ἡ
1027 1460 1080 1506 Γῆ
1100 1458 1256 1496 λαθοῦσα
1275 1456 1334 1495 τὸν
1355 1457 1430 1496 Οὐ·

452 1519 571 1574 ρανόν,
601 1519 648 1563 ὥς
676 1535 781 1573 φησιν
808 1522 827 1559 6
862 1517 1041 1571 θεολόγος·
1072 1515 1163 1556 ἑπτὰ
1195 1514 1259 1568 μὲν
1292 1516 1434 1559 εὐειδεῖς

449 1579 592 1632 κούρας,
613 1579 703 1618 ἑπτὰ
725 1578 762 1618 δὲ
788 1579 919 1624 παῖδας
948 1577 1121 1621 ἄνακτας·
1147 1574 1340 1629 θυγατέρας
1368 1575 1433 1624 μὲν

450 1638 566 1690 Θέμιν
588 1638 649 1678 καὶ
670 1637 821 1692 εὔφρονα
842 1640 875 1678 Τ
877 1636 964 1686 ηθὺν
979 1637 1059 1677 κτλ.
1076 1637 1201 1676 Verba
1222 1649 1306 1685 quae
1332 1637 1433 1673 exci-

452 1699 594 1737 derunt
626 1700 857 1750 comparatis
885 1711 958 1736 vss.
995 1698 1121 1741 13-14
1144 1704 1181 1733 et
1202 1695 1250 1733 25
1271 1697 1432 1735 restitui.

449 1760 582 1796 Versui
608 1771 656 1807 27
689 1759 847 1796 Proclus
878 1757 1078 1808 praemittit
1102 1757 1183 1792 haec
1206 1767 1215 1794 :
1238 1753 1377 1798 Παῖδας
1398 1752 1434 1791 δὲ

452 1816 580 1862 ἄλλους
602 1817 802 1861 τοσούτους.
825 1818 1013 1856 Caeterum
1034 1814 1179 1868 Φόρκυν
1201 1828 1238 1851 τε
1263 1813 1432 1866 κραταιὸν

451 1878 639 1916 Gesnerus
657 1879 770 1915 metri
791 1889 907 1915 causa
925 1877 1057 1927 posuit
1079 1888 1155 1926 pro
1180 1873 1358 1911 codicum
1377 1873 1433 1910 le-

453 1939 579 1976 ctione
601 1936 746 1991 Φόρκυν
766 1952 803 1975 τε
826 1934 1012 1990 κρατερόν.
1005 1937 1029 1988 .)

454 2013 650 2066 Οὐρανὸςε
631 2030 676 2058 ως
695 2012 835 2062 ἐνόησεν
855 2011 1038 2065 ἀμείλιχον
1055 2015 1142 2064 ἠτορ
1162 2009 1306 2064 ἔχοντας

394 2086 429 2114 30
448 2071 510 2112 καὶ
530 2089 631 2127 φυσιν
656 2070 845 2125 ἐκνομίην·

456 2132 555 2187 ῥῖπτε
577 2131 686 2185 βαθυν
707 2131 809 2186 γαίης
827 2134 860 2177 ἐς
878 2130 1069 2185 τάρταρον.

512 2209 682 2260 (proclus
697 2210 738 2246 in
747 2211 847 2248 'I'im.
863 2212 894 2247 V
906 2222 949 2259 p.
970 2206 1045 2257 295
1061 2208 1090 2244 F
1107 2219 1117 2244 :
1132 2204 1195 2250 Ὡς
1215 2202 1283 2258 γὰρ
1299 2205 1435 2252 ἐνόησε,

456 2267 574 2323 φησίν,
594 2266 719 2311 αὖτοὺς
748 2269 767 2306 6
791 2266 951 2322 Οὐρανὸς
979 2265 1163 2318 ἀμείλιχον
1192 2265 1269 2303 κτλ.
1301 2266 1438 2313 Itaque

454 2331 576 2367 Urani
597 2330 675 2366 sive
692 2329 788 2366 Coeli
811 2341 951 2365 nomen
969 2327 1099 2378 primo
1119 2326 1247 2363 versui
1271 2325 1437 2373 inserui,

455 2403 569 2440 quem
589 2388 779 2426 Gesnerus
798 2389 850 2426 sic
880 2387 1069 2425 exhibet.
1090 2383 1194 2430 Ὡς’
1178 2382 1293 2432 ενόησ’
1315 2380 1440 2426 αὐτους

456 2448 639 2502 ἀμείλιχον
661 2442 749 2500 ἠτορ
771 2445 950 2500 ἔχοντας.)

456 2521 558 2565 ’Ἐνθ
579 2527 637 2563 οὖν
656 2523 824 2568 Ὠκεανὸς
843 2523 905 2575 μὲν
922 2521 972 2563 ἐνὶ
990 2521 1194 2575 μεγάροισιν
1211 2520 1374 2572 ἔμιμνεν,

459 2583 648 2637 ὁρμαίνων,
666 2583 845 2638 ποτέρωσε
858 2583 935 2622 νόον
950 2582 1099 2636 τράποι,
1118 2580 1140 2629 ἢ
1162 2579 1300 2634 πατέρα
1321 2578 1358 2619 ὃν

377 2697 507 2738 Septem
522 2694 654 2737 quidem
676 2694 796 2736 puellas
815 2694 991 2734 formosas,
1010 2694 1184 2734 venustas,
1205 2694 1309 2725 castas
1321 2714 1332 2731 ,

378 2760 504 2801 septem
527 2767 604 2792 vero
621 2767 739 2800 pueros
751 2783 760 2800 ,
782 2768 871 2800 reges
888 2759 1045 2799 hirsutos,
1061 2759 1154 2792 enixa
1169 2759 1230 2792 est.

379 2825 474 2859 Filias
490 2823 622 2866 quidem
640 2824 762 2866 peperit
779 2824 916 2857 Themin
930 2826 962 2858 et
978 2826 1084 2858 laetam
1104 2825 1249 2866 Tethyn,

377 2891 412 2923 et
427 2891 659 2930 Mnemosynen
676 2888 851 2930 promissos
871 2890 1034 2923 cincinnos
1056 2889 1227 2923 habentem
1251 2889 1285 2922 et
1311 2890 1440 2921 beatam

379 2964 418 2988 ac
431 2955 557 2989 Dionen
569 2954 679 2996 genuit
698 2954 813 2987 decora
831 2955 908 2989 facie
923 2956 1103 2998 praeditam,
1115 2956 1274 3000 [¹1'lieam,

381 3019 589 3061 Phoebenque
605 3021 639 3053 et
656 3019 778 3052 Rheam
789 3043 799 3060 ,
820 3020 910 3053 Jovis
928 3020 1011 3062 regis
1033 3022 1218 3063 genitricem
1222 3045 1438 3058 .......

381 3087 563 3127 Coeumque
583 3086 616 3118 et
635 3094 788 3127 magnum
809 3087 939 3118 Croeum
960 3087 1141 3129 fortemque
1161 3087 1321 3121 Pliorcum
1333 3112 1343 3128 ,

381 3151 415 3183 et
428 3150 602 3183 Saturnum
618 3151 849 3192 Oceanumque
865 3152 897 3183 et
913 3150 1131 3192 Hyperionem
1151 3152 1184 3184 et
1204 3152 1365 3193 Iapetum.
1379 3171 1419 3178 -

383 3215 494 3248 Coelus
511 3217 548 3248 ut
562 3215 642 3248 vidit
658 3201 888 3248 inexorabilem
906 3215 965 3249 hos
983 3215 1125 3248 animum
1144 3216 1263 3250 habere

382 3282 415 3313 et
433 3289 570 3322 pravum
587 3280 768 3322 ingenium,

382 3346 416 3378 in
434 3345 631 3388 profundum
652 3348 761 3380 Terrae
777 3347 933 3380 tartarum
951 3355 1006 3380 eos
1024 3346 1151 3388 deiecit.
1169 3367 1209 3375 —

382 3406 466 3438 Tum
484 3405 579 3447 igitur
597 3407 746 3439 Oceanus
766 3406 898 3448 quidem
912 3406 944 3439 in
961 3406 1086 3439 aedibus
1104 3407 1271 3449 manebat,

383 3464 583 3506 deliberans,
609 3465 715 3498 utram
746 3464 780 3498 in
811 3469 935 3507 partem
959 3464 1103 3498 animum
1131 3466 1353 3506 converteret,
1384 3475 1443 3507 pa-

1189 3525 1327 3568 [tremne
1346 3534 1443 3558 suum

1565 337 1736 392 γυμνώσῃ
1757 353 1795 377 τε
1812 333 1909 391 βίης,
1924 336 1985 376 καὶ
2006 335 2190 377 ἀτάσθαλα
2210 336 2415 385 λωὸἤσαιτο

1508 413 1542 439 35
1568 397 1631 439 σὺν
1654 397 1782 452 Κρόνῳ
1797 396 1854 446 ἧδ’
1873 396 2031 436 ἄλλοισιν
2050 397 2235 450 ἀδελφοῖς,
2257 395 2290 435 οἳ
2308 396 2498 437 πεπίθοντο

1568 455 1678 510 μητρὶ
1696 457 1781 511 φίλῃ
1794 487 1804 506 ,
1821 455 1845 505 ἢ
1862 455 1941 502 τούς
1956 471 1996 509 γε
2014 453 2128 495 λιπὼν
2146 454 2244 508 μένοι
2263 453 2361 494 ἔνδον
2381 454 2520 506 ἕκηλος.

1568 514 1685 555 πολλὰ
1706 514 1741 554 δὲ
1761 531 1808 554 πο
1833 513 1951 569 φύρων
1970 513 2072 567 μένεν
2091 513 2273 565 ἥμενος·ἐν
2291 513 2477 568 μεγάροισι
2489 543 2502 564 ,
2552 513 2556 516 ’

1568 574 1778 626 σκυζόμενος
1796 531 1829 628 ᾖρ
1845 574 1975 628 μητρί,
1995 573 2238 627 κασιγνήτοισι
2256 572 2292 613 δὲ
2310 574 2459 626 μᾶλλον.

1625 651 1799 704 (Proclus
1817 653 1858 689 in
1871 653 1967 691 Tim.
1981 655 2013 691 V
2028 666 2070 704 p.
2089 652 2166 703 296
2181 654 2214 690 A
2233 652 2336 691 εΤῶν
2349 649 2419 706 γὰρ
2436 649 2554 691 ἄλλων
2586 666 2588 671 ‘

1567 711 1731 751 Τιτάνων
1749 711 1796 756 εἷς
1815 710 1879 760 τὴν
1897 709 1991 749 κατὰ
2007 713 2068 750 τοῦ
2087 710 2219 764 πατρὸς
2242 708 2433 759 ἕπιὸουλὴν
2452 709 2556 763 ἱεμέ-

1568 787 1653 820 νων,
1667 773 1685 810 6
1698 769 1866 814 Ὠκεανὸς
1882 769 2094 824 ἀπαγορεύει
2109 786 2147 809 τε
2165 770 2250 823 πρὸς
2265 762 2328 815 τάς
2345 772 2409 819 τῆς
2425 769 2556 824 μητρὸς

1570 829 1741 876 ἐπιτάξεις
1753 860 1763 879 ,
1779 830 1839 869 καὶ
1862 829 2031 876 ἐνδοιάζει
2049 830 2131 884 περὶ
2151 833 2213 878 τ’ἦς
2232 829 2405 885 πράξεως.
2422 853 2477 861 -
2490 833 2553 870 Vs.

1572 892 1619 939 37
1658 891 1858 942 legebatur
1893 888 2047 944 ἥμερος,
2087 891 2197 942 quod
2236 892 2478 929 Hei-mannus
2515 891 2557 928 in

1569 954 1697 1006 ἥμενος
1715 953 1934 1009 convertit.)
2003 986 2005 989 .

1573 1029 1645 1070 Καὶ
1665 1029 1831 1084 κρατεροί
1846 1045 1913 1084 περ
1931 1029 2044 1075 ἐόντες
2065 1029 2247 1082 ἀμείνονος
2267 1027 2493 1074 ἀντιάσαντες
2506 1059 2517 1079 ,

1518 1104 1553 1130 ⁴0
1573 1089 1691 1143 ὕὸριος
1712 1090 1785 1128 ἀντ’
1808 1090 1911 1138 ὄλοῆς
1930 1087 1991 1128 καὶ
2012 1088 2228 1137 ἀτασθαλίης
2247 1086 2462 1142 ὗπερόπλου.
2481 1118 2489 1128 .
2514 1119 2523 1129 .
2544 1118 2556 1130 .

1627 1161 1800 1216 (Pr-oclus
1826 1163 1867 1199 iu
1897 1163 1996 1200 Tim.
2025 1163 2147 1212 Ipag.
2171 1160 2220 1209 57
2243 1161 2274 1200 F.
2292 1173 2301 1198 :
2319 1157 2427 1200 Οὕτω
2447 1157 2515 1212 γὰρ
2533 1163 2559 1209 ἡ

1574 1222 1810 1275 δημιουργικὴ
1832 1221 1942 1275 πέρας
1958 1220 2053 1274 ἴσχει
2080 1221 2272 1274 βούλησις,
2289 1219 2351 1259 καὶ
2379 1219 2426 1260 τὰ
2449 1219 2560 1272 χείρω

1573 1283 1756 1337 κρατεῖται
1775 1283 1844 1322 ὑπὸ
1864 1285 1932 1321 τῶν
1953 1281 2164 1333 ἀμεινόνων,
2181 1281 2216 1320 ἕν
2236 1279 2299 1330 μὲν
2319 1281 2389 1325 τοῖς
2404 1284 2560 1333 αερικοῖς

1573 1342 1788 1383 Ἀτλαντῒνοι
1813 1342 1881 1382 ὑπὸ
1911 1344 1980 1381 τῶν
2001 1340 2211 1391 Ἀθηναίων,
2234 1341 2270 1380 ἐν
2304 1339 2342 1379 δὲ
2370 1343 2443 1386 τοῖς
2470 1338 2562 1384 ὅλοις

1574 1404 1605 1442 οἱ
1626 1404 1775 1447 Τιτᾶνες
1794 1402 1863 1441 ὑπὸ
1883 1403 1952 1440 τῶν
1973 1399 2203 1453 Ὀλυμπίων,
2225 1398 2285 1439 καὶ
2306 1398 2474 1454 κρατεροί
2493 1413 2562 1453 περ

1574 1464 1656 1502 κτλ.
1675 1461 1780 1515 φησὶν
1801 1462 1819 1499 6
1839 1459 2029 1513 θεολόγος.)

1578 1533 1737 1588 Κούρους
1759 1533 1791 1572 δ’
1808 1533 2022 1586 οὗρανίωνας
2043 1532 2201 1585 ἐγείνατο
2218 1532 2346 1572 πότνια
2368 1532 2477 1585 γαῖα,

1577 1593 1634 1638 οὒς
1659 1592 1701 1641 δὴ
1721 1592 1783 1632 καὶ
1800 1594 1956 1640 Τιτῆνας
1977 1591 2164 1640 ἐπίκλησιν
2182 1591 2385 1643 καλέουσιν,

1577 1651 1703 1692 οὕνεκα
1721 1652 1892 1699 τισάσθην
1911 1650 2022 1704 μέγαν
2044 1650 2190 1705 οὐρανὸν
2215 1650 2439 1705 ἀστερόεντα.

1634 1725 1836 1775 (Athenag.
1859 1725 1976 1774 Apol.
2000 1737 2043 1775 p.
2065 1724 2141 1763 66:
2162 1723 2227 1763 Διὸ
2245 1723 2306 1762 καὶ
2321 1724 2524 1777 ὀργισθεῖσα
2538 1724 2562 1770 ἡ

1578 1785 1632 1831 Γῆ
1651 1781 1731 1828 τοὺς
1747 1785 1903 1828 Τιτᾶνας
1925 1782 2101 1835 ἐγέννησε.
2119 1782 2276 1837 Κούρους
2295 1783 2326 1822 δ’
2348 1781 2562 1836 οὗρανίωνας

1577 1843 1656 1883 κτλ.
1680 1844 1820 1881 Confer
1838 1843 1976 1894 fragm.
2001 1842 2158 1894 XVIII.)

1579 1906 1628 1947 Οἳ
1647 1906 1737 1954 Ζηνὶ
1759 1907 1905 1960 βροντήν
1922 1922 1962 1946 τε
1981 1906 2102 1959 πόρον,
2117 1905 2242 1952 τεῦξάν
2259 1921 2298 1945 τε
2313 1905 2493 1959 κεραυνόν,

1520 1979 1554 2006 45
1575 1969 1708 2020 πρῶτοι
1727 1967 2006 2020 τεκτονόχειρες,
2025 1965 2059 2005 οἳ
2073 1963 2274 2019 ’Ἥφαιστον
2294 1965 2355 2005 καὶ
2376 1963 2522 2014 Ἀθήνην

1581 2024 1731 2065 δαίδαλα
1748 2025 1851 2065 πάντ’
1871 2024 2046 2073 ἐδίδαξαν,
2070 2025 2122 2065 ὅσ’
2146 2024 2289 2079 οὐρανὸς
2314 2024 2411 2069 ἐντὸς
2431 2023 2560 2078 ἐέργει.

1636 2086 1807 2137 (Proclus
1827 2088 1867 2123 in
1886 2088 1981 2124 Tim.
2003 2088 2042 2123 ΙΙ
2060 2099 2150 2136 pag.
2175 2099 2264 2125 100.
2281 2087 2330 2134 A3
2348 2098 2387 2137 p.
2403 2083 2480 2123 235
2501 2084 2564 2123 ed.

1579 2145 1790 2182 Schneider
1807 2155 1817 2184 ε
1839 2142 1907 2188 ‘stc
1923 2143 1991 2197 γάρ
2010 2159 2116 2197 φησιν
2137 2145 2156 2182 6
2184 2143 2364 2196 θεολόγος,
2385 2144 2417 2182 οἱ
2433 2143 2566 2196 πρῶτοι

1580 2203 1839 2257 τεκτονόχειρες
1870 2206 1919 2257 τῷ
1946 2203 2003 2243 Διὶ
2028 2202 2092 2250 τὰς
2119 2203 2373 2257 δημιουργικὰς
2404 2202 2568 2253 δυνάμεις
2592 2214 2597 2249 j

1581 2261 1706 2301 ἔδοσαν
1738 2262 1855 2311 πάσης
1883 2266 1945 2310 τῆς
1977 2262 2166 2315 ἐγκοσμίου
2197 2261 2390 2310 ποιήσεως·
2413 2259 2449 2301 οἳ
2475 2259 2567 2308 Ζηνὶ

1580 2325 1670 2368 κτλ.)

1582 2386 1705 2427 Ἑπτὰ
1722 2387 1758 2427 δὲ
1774 2387 1890 2427 πάντα
1910 2387 1999 2441 μέρη
2020 2387 2144 2441 κούρου
2162 2386 2447 2443 διεμοιρήσαντο.

1636 2460 1805 2508 (proclus
1824 2460 1863 2496 in
1880 2460 1975 2497 Tim.
1995 2459 2052 2497 ΙΙΙ
2071 2472 2162 2510 pag.
2187 2458 2277 2507 184,
2296 2471 2385 2510 pag.
2408 2457 2486 2503 438
2503 2457 2566 2496 ed.
2587 2430 2596 2450 ’γ

1585 2519 1806 2557 Schneider.
1822 2532 1830 2557 :
1845 2518 1898 2557 Τὸ
1914 2517 1948 2556 δὲ
1964 2517 2085 2556 λοιπὸν
2107 2522 2167 2556 τοῦ
2185 2521 2262 2557 θεοῦ
2279 2519 2386 2568 σῶμα
2397 2522 2485 2569 πᾶν,
2500 2514 2566 2563 τὴν

1584 2576 1737 2629 ψυχικὴν
1755 2576 1941 2628 σύστασιν,
1961 2577 2009 2621 εἷς
2029 2578 2118 2616 ἑπτὰ
2138 2578 2199 2616 καὶ
2218 2581 2321 2616 τοῦτο
2337 2574 2565 2630 διῃρημένον·
2598 2598 2600 2602 v

1502 2687 1625 2721 viribus
1645 2688 1818 2730 spoliaret,
1836 2693 1868 2722 et
1889 2698 1945 2731 per
1962 2689 2069 2722 scelus
2086 2689 2205 2730 injuria
2223 2688 2368 2721 afficeret

1499 2756 1574 2781 cum
1592 2748 1731 2781 Saturno
1748 2750 1779 2781 et
1795 2748 1866 2781 aliis
1883 2748 2038 2781 tratribus
2050 2773 2059 2789 ,
2079 2748 2135 2790 qui
2154 2747 2367 2781 obediverant

1502 2807 1598 2840 matri
1618 2816 1721 2848 carae,
1742 2816 1784 2840 an
1805 2807 1854 2841 his
1871 2807 1990 2841 relictis
2007 2808 2094 2841 intus
2114 2808 2259 2840 maneret
2273 2806 2416 2849 quietus.

1500 2867 1603 2900 Multa
1616 2867 1726 2899 autem
1743 2875 1854 2900 secum
1872 2867 2008 2900 volvens
2023 2866 2174 2900 manebat
2190 2866 2303 2899 sedens
2316 2865 2349 2898 in
2363 2864 2490 2899 aedibus
2500 2888 2512 2906 ,

1499 2926 1640 2959 irascens
1658 2927 1751 2958 matri
1766 2935 1855 2967 suae,
1875 2926 1932 2959 sed
1950 2926 2050 2967 magis
2068 2925 2230 2958 fratribus.
2255 2942 2298 2949 —

1500 2986 1656 3025 Quamvis
1674 2985 1796 3019 robusti
1812 2986 1894 3026 sint,
1910 2985 2034 3018 fortiori
2053 2989 2160 3018 tamon
2181 2985 2314 3017 ovaam
2331 2982 2487 3026 profecti,

1501 3054 1559 3088 pro
1587 3045 1767 3088 perniciosa
1796 3046 1993 3078 contumelia
2020 3044 2132 3087 (quam
2158 3044 2279 3087 impom
2289 3053 2323 3078 re
2341 3041 2568 3083 eitentabant)
2595 3088 2598 3089 ⁷

1993 3105 2039 3149 [et
2055 3106 2170 3138 audaci
2185 3105 2402 3147 improbitate.
2426 3127 2437 3137 .
2460 3128 2470 3137 .
2493 3118 2564 3137 .—

1503 3170 1601 3205 Filios
1615 3169 1724 3202 autem
1739 3166 1888 3200 coelestes
1905 3166 2088 3199 veneranda
2105 3165 2214 3199 Tellus
2227 3165 2324 3198 enixa
2337 3165 2407 3206 eet,

1504 3239 1589 3273 quos
1608 3229 1706 3262 etiam
1725 3228 1857 3260 Titanes
1874 3228 2089 3268 cognomento
2111 3224 2295 3267 perhibent,

1504 3290 1580 3332 quia
1597 3296 1750 3330 magnum
1767 3286 1885 3319 coelum
1903 3285 2091 3318 stelliferum
2109 3284 2295 3327 punierunt.
2313 3299 2357 3308 —

1504 3349 1568 3389 Qui
1586 3347 1660 3382 Jovi
1678 3347 1799 3380 tonitru
1817 3345 2026 3388 praebuerunt
2039 3346 2073 3378 et
2089 3344 2212 3377 fulmen
2226 3342 2373 3377 fabricati
2385 3343 2481 3406 sunt,

1505 3406 1599 3450 primi
1617 3404 1716 3447 fabri,
1730 3404 1787 3447 qui
1807 3404 1989 3437 vulcanum
2006 3404 2037 3436 et
2058 3403 2236 3436 Minervam

1507 3465 1642 3499 artificia
1657 3463 1766 3498 omnia
1778 3463 1981 3504 docuerunt,
1999 3472 2073 3504 quae
2094 3463 2213 3497 coeuim
2235 3459 2471 3503 complectitur.
2486 3478 2522 3491 .-

1505 3528 1636 3568 septem
1660 3523 1769 3558 omnia
1797 3522 1942 3566 (Bacchi)
1973 3523 2063 3565 pueri
2095 3522 2240 3555 membra
2271 3519 2533 3563 dispertiverunt.
2599 3495 2604 3536 s

2600 3590 2612 3780 ἒ
