2612 3814
1020 413 1144 487 DE
1207 354 1820 483 HERAC'LITO.

395 705 611 744 Heraclitus
625 702 671 740 de
687 700 796 751 cujus
813 699 891 736 vita
907 705 942 735 et
957 695 1095 734 studiis
1110 706 1229 746 pauca
1244 700 1389 730 veteres
1449 698 1518 728 est.
1541 688 1617 734 Qui
1638 687 1819 739 quamvis
1838 686 1939 726 bene
1959 686 2007 725 de
2030 687 2186 725 civitate
2205 689 2433 738 meruisset,
2449 697 2506 728 ta·

344 762 602 804 monumentis
624 759 854 798 mandarunt
871 755 998 807 patria
1018 763 1125 793 ortus
1145 761 1201 790 est
1225 750 1387 802 Epheso,

343 824 586 863 nobilissima
608 819 727 857 loniae
757 816 876 864 urbe,
903 822 1009 866 patre
1030 813 1198 862 Blysone
1218 811 1299 848 sive
1316 839 1326 856 ,
1349 817 1392 847 ut

348 883 436 921 aliis
463 880 609 932 placet,
632 878 795 915 Blosone
825 873 886 911 vel
916 871 1142 909 lleracionte
1177 869 1244 919 (ι).
1267 868 1390 914 Quem

347 942 475 980 virum
495 937 626 975 multis
645 933 870 973 nominibus
898 931 1088 980 insignem
1109 937 1213 966 certo
1233 927 1390 978 quidem

342 1001 484 1039 scimus
512 999 612 1034 circa
639 991 909 1044 Olympiadem
939 988 1214 1038 sexagesimam
1248 999 1390 1024 nonam

344 1057 540 1101 floruisse,
560 1054 626 1092 sed
638 1049 691 1090 'de
708 1050 825 1089 natali
843 1049 927 1100 ejus
949 1061 1051 1086 anno
1080 1055 1117 1085 et
1137 1045 1273 1084 mortis
1294 1054 1390 1083 tem-

345 1129 437 1168 pore
458 1113 555 1153 nihil
577 1101 815 1162 compertum
834 1107 1032 1146 habemus.
1051 1106 1280 1156 lgnoramus
1302 1104 1391 1142 item

343 1175 486 1227 quibus
497 1171 646 1211 artibus
661 1170 860 1208 institutus
879 1176 916 1205 et
932 1166 1076 1218 quibus
1090 1164 1285 1214 magistris
1302 1176 1394 1202 usus

344 1238 406 1274 sit.
426 1233 500 1271 Etsi
520 1231 622 1269 enim
642 1230 828 1277 Diogenes
838 1226 889 1278 (2)
907 1234 944 1263 et
961 1224 1098 1262 Suidas
1118 1222 1393 1274 Xenophanem

347 1302 462 1344 atque
482 1291 693 1342 llippasum
706 1288 813 1325 illius
832 1293 1088 1337 praeceptores
1105 1284 1221 1321 suisse
1237 1282 1397 1320 Sotione

346 1351 590 1402 potissimum
622 1354 779 1384 auctore
800 1342 1043 1381 tradiderunt
1075 1356 1083 1378 ε
1110 1349 1236 1378 tamen
1258 1341 1397 1378 verisi-

347 1408 479 1446 milius
509 1414 585 1452 est,
615 1418 700 1455 quae
728 1404 1004 1455 plerorumque
1033 1400 1104 1438 fuit
1130 1400 1283 1451 opini0,
1309 1412 1395 1437 eum

347 1474 485 1518 suopte
504 1464 661 1514 ingenio
688 1463 729 1500 in
750 1461 890 1500 litteris
912 1460 1137 1511 profecisse.
1176 1459 1256 1496 Huc
1289 1471 1397 1496 acce-

348 1524 462 1562 debat
482 1536 567 1561 cum
586 1534 706 1571 genus
724 1520 875 1557 illustre
896 1518 1159 1570 splendorque
1185 1519 1395 1568 natalium,

349 1593 427 1622 tum
448 1582 568 1620 animi
589 1579 766 1619 altitudo,
791 1579 876 1616 Fuit
896 1586 1019 1615 autem
1037 1577 1076 1615 in
1095 1591 1140 1614 eo
1161 1577 1340 1628 quaejam
1358 1578 1398 1615 in

348 1654 469 1693 puero
483 1638 657 1677 elucebat
670 1637 785 1675 simul
802 1648 983 1685 generosa
993 1635 1168 1686 quaedam
1181 1637 1306 1674 virtus
1321 1666 1330 1683 ,
1347 1637 1399 1674 si-

349 1700 427 1738 mul
442 1699 590 1737 animus
601 1705 842 1747 contemptor
856 1695 964 1745 vulgi
977 1708 1185 1748 rerumque
1210 1695 1398 1734 tluxarum

349 1767 387 1798 et
406 1757 628 1796 humilium.
651 1755 737 1801 Quo
750 1755 888 1792 factum
907 1762 984 1800 est,
1005 1762 1047 1792 ut
1064 1753 1286 1792 adolescens
1301 1755 1401 1793 nihil

350 1829 390 1855 se
406 1816 507 1854 scire
531 1814 795 1867 profiteretur,
819 1826 939 1864 quum
960 1821 1087 1851 autem
1116 1813 1179 1851 vir
1212 1822 1312 1851 esset
1338 1827 1403 1852 sa-

351 1875 507 1926 pientiae
520 1873 649 1912 studio
666 1872 841 1910 eruditus
854 1901 865 1922 ‚
885 1872 1016 1910 omnia
1035 1884 1075 1910 se
1090 1871 1234 1910 habere
1251 1874 1405 1923 cognita

352 1934 496 1971 diceret
519 1931 583 1984 (3).
605 1932 798 1978 Quoniam
818 1944 913 1969 vero
934 1939 1081 1969 aetatem
1103 1945 1183 1969 non
1209 1932 1250 1969 in
1269 1945 1405 1971 mune·

354 2000 436 2025 rum
458 1985 705 2038 publicorum
723 1984 1079 2031 administratione,
1100 1983 1167 2023 sed
1184 1985 1225 2022 in
1242 1986 1326 2024 veri
1348 1987 1406 2024 in-

353 2045 606 2095 vestigatione
620 2056 847 2083 consumere
864 2043 1102 2094 decreverat,
1117 2057 1279 2094 regnum
1298 2046 1407 2084 fratri

353 2104 542 2143 concessit
552 2106 587 2154 (ί.
595 2103 618 2152 ).
628 2103 735 2141 Adde
745 2102 850 2153 quod
862 2102 1094 2141 Hermodori
1106 2104 1220 2142 amici
1229 2106 1408 2155 exemplo

357 2164 519 2202 fortasse
532 2176 554 2201 a
567 2162 734 2214 publicis
748 2162 914 2212 negotiis
930 2162 1191 2214 suscipiendis
1202 2163 1409 2204 deterritus

397 2292 442 2333 (t)
462 2292 617 2332 Diogenes
643 2290 787 2324 Laertius
805 2289 861 2322 lib.
886 2290 945 2329 ΙΧ,
971 2292 981 2321 1
1001 2302 1008 2322 :
1030 2289 1228 2330 Ἡράκλειτος
1248 2290 1408 2327 Βλόσωνος

356 2340 376 2378 ἢ
394 2340 447 2379 (ὥς
472 2339 562 2378 τινες)
576 2337 795 2379 Ἥρακίοντος,
814 2335 965 2377 Ἐφέσιος.
993 2336 1094 2373 Οὗτος
1114 2337 1234 2377 ἤκμαζε
1251 2337 1305 2378 μὲν
1324 2338 1406 2370 κατὰ

357 2388 411 2425 τὴν
428 2386 551 2424 ἐννάτην
567 2388 619 2417 καὶ
637 2385 803 2422 ἑξηκοστὴν
818 2383 1005 2424 ὀλυμπιάδα.
1023 2384 1234 2426 Μεγαλόφρων
1251 2385 1284 2416 δὲ
1302 2385 1410 2426 γέγονε

358 2433 429 2474 παρ’
442 2434 546 2465 ὅντινα
559 2432 612 2465 οὖν
625 2433 678 2464 καὶ
690 2431 872 2473 ὑπερόπτης.
886 2430 1001 2462 Suidas
1015 2443 1023 2462 ε
1038 2431 1238 2472 Ἡράκλειτος
1249 2431 1410 2469 Βλόσωνος

359 2482 378 2519 ἢ
391 2480 592 2516 ,Βλεύσωνοτκ
611 2481 640 2512 οἰ
656 2479 688 2511 δὲ
703 2478 881 2520 Ὠρακίνου.
1396 2476 1398 2478 ’

403 2525 448 2566 (2)
473 2526 625 2565 Diogenes
636 2525 780 2556 Laertius
794 2524 847 2555 lib.
864 2524 921 2562 lx,
938 2527 956 2555 5
971 2532 979 2554 ε
994 2522 1134 2556 Ἥκουσέ
1146 2535 1180 2557 τε
1192 2524 1331 2566 οὐδενός,
1346 2526 1411 2558 ἀλλ’

363 2572 455 2604 αὐτὸν
473 2571 529 2613 ἔφη
548 2573 728 2610 διζήσασθαι
743 2572 795 2603 καὶ
816 2571 921 2612 μαθεῖν
938 2569 1039 2602 πάντα
1057 2570 1131 2612 παρ’
1144 2571 1266 2604 ἑαυτοῦ.
1286 2573 1413 2605 Σωτίων

363 2619 396 2651 δέ
411 2630 500 2660 φησιν
512 2620 663 2659 εἰρηκέναι
675 2619 758 2655 τινὰς
771 2617 961 2658 Ξενοφάνους
976 2618 1069 2650 αὐτὸν
1083 2617 1265 2656 ἁκηκοέναιι
1278 2619 1390 2652 Suidas
1404 2631 1412 2652 ε

363 2666 440 2702 τινὲς
465 2665 497 2697 δὲ
522 2666 614 2697 αὐτὸν
640 2665 756 2705 ἔφασαν
783 2665 947 2696 διακοῦσαι
971 2664 1164 2706 Ξενοφάνους
1189 2666 1243 2698 καὶ
1260 2666 1414 2699 Ἱππάσου

366 2712 586 2752 Πυθαγορείου.

409 2759 454 2798 (3)
482 2758 632 2798 Diogen&
653 2758 793 2791 Laertius
812 2757 867 2790 lit».
886 2759 940 2798 ΙΧ,
957 2761 974 2789 5
991 2770 998 2789 :
1018 2759 1128 2798 Γέγονε
1143 2759 1176 2792 δὲ
1193 2760 1364 2800 θαυμάσιος
1380 2761 1416 2793 ἐκ

366 2805 499 2845 παίδων,
517 2805 568 2837 ὅτε
583 2805 636 2836 καὶ
651 2805 716 2841 νέος
733 2806 776 2837 ὢν
793 2805 908 2844 ἔφασκε
926 2805 1019 2845 μηδὲν
1035 2807 1165 2838 εἰδέναι·
1182 2808 1295 2844 τέλειος
1312 2808 1416 2849 μέντοι

366 2851 527 2894 γενόμενος
546 2851 647 2883 πάντα
662 2852 840 2892 ἐγνωκέναι.

411 2899 456 2940 (4)
481 2900 635 2939 Diogenes
663 2899 804 2931 Laertius
827 2899 880 2932 tib.
909 2901 964 2939 ΙΧ,
981 2905 1000 2933 6
1025 2913 1034 2932 2
1052 2902 1183 2942 Σημεῖον
1200 2901 1227 2934 δ’
1245 2902 1341 2935 αὐτοῦ
1363 2905 1417 2942 τῆς

369 2946 636 2988 μεγαλοφροσύνης
649 2945 835 2983 Ἀντισθένης
846 2947 936 2987 φησὶν
950 2947 980 2979 ἐν
994 2947 1163 2989 διαδοχαῖς·
1173 2949 1352 2990 ἐκχωρῆσαι
1359 2949 1418 2991 γὰρ

369 2993 509 3033 τάδελφῷ
521 2996 575 3031 τῆς
595 2991 763 3034 βασιλείας.
779 2993 891 3025 Strabo
908 2993 964 3026 lib.
978 2995 1055 3027 xlv
1069 3003 1098 3034 p.
1115 2998 1174 3028 633
1190 3005 1198 3027 ε
1211 2996 1279 3028 υἱὸν
1291 2992 1419 3036 γνήσιον

371 3038 490 3080 Κόδρου
516 3041 572 3070 τοῦ
588 3038 718 3076 Ἀθηνῶν
746 3039 915 3080 βασιλέως,
933 3041 1074 3082 γενέσθαι
1099 3042 1131 3074 δὲ
1154 3045 1262 3075 τοῦτον
1287 3042 1419 3085 Ἐφέσου

370 3086 510 3124 κτίστην·
527 3084 632 3127 διόπερ
644 3086 680 3118 τὸ
697 3086 853 3127 βασίλειον
871 3090 934 3120 τῶν
951 3088 1067 3120 Ἰώνων
1083 3089 1147 3121 ἐκεῖ
1167 3090 1318 3130 συστῆναί
1331 3102 1418 3132 φασι.

372 3134 433 3167 Καὶ
451 3134 495 3165 ἔτι
513 3135 567 3165 νῦν
582 3134 611 3165 οἰ
628 3133 663 3164 ἐκ
687 3136 742 3165 τοῦ
766 3134 870 3173 γένους
892 3134 1094 3176 ὀνομάζονται
1119 3136 1272 3177 βασιλεῖς,
1299 3138 1421 3179 ἔχοντές

372 3191 456 3217 τινας
471 3179 581 3220 τιμάς,
602 3179 765 3221 προεδρίαν
789 3191 823 3212 τε
848 3182 879 3213 ἐν
895 3181 996 3221 ἀγῶσι
1016 3182 1070 3213 καὶ
1089 3182 1244 3225 πορφύραν
1268 3184 1421 3227 ἐπίσημον

372 3229 429 3258 τοῦ
447 3226 610 3267 βασιλικοῦ
623 3227 728 3266 γένους
739 3250 749 3265 ,
763 3226 909 3259 σκίπωνα
921 3227 986 3260 ἀντὶ
1002 3228 1160 3271 σκήπτρου
1172 3231 1225 3262 καὶ
1240 3230 1279 3263 τὰ
1291 3232 1358 3274 ἰερά
1369 3236 1422 3271 τῆς

373 3272 564 3309 Ἐλευσινίας
579 3273 750 3313 Δήμητρος.

417 3321 460 3359 (5)
476 3318 636 3359 Diogenes
653 3320 797 3352 Laertius
817 3321 870 3354 lib.
894 3323 951 3360 lx,
972 3325 990 3354 2
1009 3334 1017 3354 ι
1040 3321 1235 3356 Καθάπτεται
1251 3324 1284 3358 δὲ
1296 3326 1349 3357 καὶ
1361 3328 1424 3358 τῶν

374 3364 527 3406 Ἐφεσίων
542 3365 592 3397 ἐπὶ
608 3367 654 3406 τῷ
669 3366 721 3398 τὸν
739 3366 857 3410 ἑταῖρον
876 3368 1015 3401 ἐκὸαλεῖν
1034 3368 1230 3411 Ἑρμόδωρον
1249 3372 1280 3404 ἐν
1305 3372 1351 3409 οἷς
1369 3384 1424 3412 φη·

375 3420 438 3445 σιν·
467 3412 566 3448 Ἄξιον
581 3412 733 3451 Ἐφεσίοις
746 3414 862 3452 ἡδηδὸν
875 3415 1039 3447 ἀποθανεῖν
1054 3419 1150 3455 πᾶσι,
1164 3419 1217 3450 καὶ
1229 3421 1293 3455 τοῖς
1303 3420 1426 3458 ἀνήὸοις

375 3459 432 3497 τὴν
451 3459 540 3492 πόλιν
568 3460 759 3500 καταλιπεῖν,
789 3462 897 3499 οἵτινες
916 3463 1111 3503 Ἑρμόδωρον
1136 3465 1260 3497 ἑωυτῶν
1285 3466 1426 3505 ὀνήιστον

377 3506 518 3543 ἐξέόαλον
532 3507 687 3548 λέγοντες,
708 3508 832 3548 Ἡμέων
853 3510 928 3548 μηδὲ
951 3511 992 3547 εἷς
1009 3510 1148 3548 ὀνήιστος
1174 3513 1268 3545 ἔστω·
1286 3515 1313 3546 εἰ
1331 3515 1364 3547 δέ
1382 3526 1426 3552 τις

1451 761 1537 786 men
1553 747 1607 803 ab·
1617 746 1795 798 Ephesiis
1807 746 1846 784 in
1858 746 2039 784 exsilium
2054 747 2190 796 pulsus
2203 755 2284 785 erat
2296 747 2361 798 (5).
2372 747 2506 799 ltaque

1452 807 1668 845 Heraclitus
1701 819 1722 844 a
1756 806 1839 844 suis
1874 814 2030 855 rogatus
2043 834 2053 853 ‚
2086 814 2129 844 ut
2161 806 2264 856 leges
2298 807 2499 853 conderet,

1451 866 1608 915 negavit
1630 877 1670 903 se
1690 864 1730 902 id
1754 876 1837 902 esse
1858 864 2066 911 facturum,
2087 864 2322 904 contendens
2350 878 2507 917 rempu-

1453 923 1594 961 blicam
1624 936 1742 975 prava
1775 922 2056 961 consuetudine
2084 921 2165 973 jam
2197 936 2281 962 esse
2302 923 2505 964 imbutam.

1455 981 1609 1020 Fictane
1625 982 1676 1020 sit
1693 981 1761 1019 illa
1781 994 1842 1019 res
1859 993 1907 1018 an
1925 992 2016 1018 vera
2029 993 2144 1031 quam
2160 981 2316 1031 quidam
2334 991 2506 1032 narrant,

1455 1053 1542 1079 eum
1565 1054 1651 1079 cum
1684 1040 1818 1092 pueris
1850 1038 1984 1077 ludere
2005 1051 2121 1090 quam
2152 1039 2254 1079 inter
2283 1041 2377 1079 tales
2403 1042 2510 1081 cives

1454 1099 1717 1150 gubernacula
1732 1098 1959 1150 reipublicae
1975 1106 2138 1137 tractare
2152 1098 2348 1148 maluisse,
2365 1113 2443 1139 non
2461 1101 2511 1140 la-

1455 1158 1565 1199 boro.
1579 1158 1713 1210 Neque
1726 1171 1797 1208 pro
1808 1166 1913 1196 certo
1927 1157 2122 1195 affirmare
2138 1157 2260 1196 ausim
2277 1158 2382 1209 quod
2397 1167 2511 1199 testes

1456 1232 1592 1270 parum
1617 1218 1831 1268 locupletes
1857 1217 1967 1255 aiunt
1987 1217 2035 1268 (6)
2053 1230 2140 1255 eum
2159 1216 2319 1268 posthac
2335 1216 2512 1256 homines

1455 1291 1638 1328 perosum
1667 1277 1803 1315 relicta
1832 1275 1930 1314 urbe
1950 1276 1992 1314 in
2021 1285 2171 1314 montes
2198 1275 2424 1323 secessisse,
2442 1275 2513 1316 ubi

1457 1346 1603 1375 naturae
1633 1336 1952 1387 contemplationi
1985 1335 2141 1374 deditus
2167 1335 2276 1373 olera
2305 1344 2343 1374 et
2371 1335 2513 1375 herbas

1457 1396 1683 1434 comederit.
1717 1395 1777 1434 lbi
1810 1395 1909 1433 fama
1929 1403 1986 1433 est
2005 1407 2091 1433 eum
2121 1407 2221 1446 aqua
2241 1394 2431 1434 intercute
2455 1395 2514 1433 la-

1458 1454 1600 1494 borare
1625 1455 1804 1506 coepisse.
1834 1454 1948 1500 Quod
1968 1453 2037 1492 ubi
2066 1454 2103 1492 ei
2123 1454 2265 1492 accidit
2285 1454 2427 1493 malum
2441 1484 2453 1505 ,
2474 1456 2515 1493 in

1459 1517 1595 1556 urbem
1617 1517 1740 1555 redux
1759 1525 1826 1556 aut
1846 1516 1919 1553 hoc
1938 1524 2003 1554 aut
2031 1516 2109 1554 alio
2131 1515 2269 1554 morbo
2287 1515 2516 1569 absumptus

1460 1577 1698 1626 sexagesimo
1723 1575 1846 1613 aetatis
1876 1587 1979 1613 anno
2001 1574 2114 1613 obiit.
2142 1574 2275 1614 Fuisse
2298 1588 2388 1614 eum
2409 1577 2518 1628 regia

1460 1636 1581 1686 stirpe
1597 1644 1724 1673 ortum
1739 1648 1782 1672 ac
1793 1633 1948 1672 civibus
1965 1647 2094 1673 carum
2113 1634 2174 1672 vel
2191 1647 2240 1672 ex
2252 1633 2326 1673 hoc
2336 1635 2518 1674 concludi

1461 1702 1639 1746 oportet,
1664 1694 1771 1744 quod
1797 1694 1837 1731 in
1860 1693 1943 1731 soro
1969 1693 2143 1745 sepultus
2162 1702 2219 1732 est
2240 1692 2291 1744 (7)
2314 1692 2516 1733 Fabulam.

1463 1753 1638 1791 redolent
1657 1767 1744 1804 quae
1761 1753 1808 1791 de
1823 1751 1992 1803 joculari
2009 1761 2046 1791 et
2063 1752 2205 1791 frustra
2228 1761 2371 1791 tentata
2389 1752 2519 1791 morbi

1463 1813 1571 1851 illius
1591 1813 1792 1851 curatione
1806 1812 1908 1863 apud
1922 1811 2120 1850 Laertium
2135 1812 2329 1862 leguntur.
2342 1811 2520 1864 Denique

1464 1872 1589 1910 serior
1610 1880 1700 1910 aetas
1715 1871 1909 1910 Heraclito
1930 1880 2154 1923 perpetuam
2175 1871 2372 1910 tristitiam
2391 1871 2440 1922 (8)
2463 1870 2521 1909 af-

1467 1931 1600 1978 finxit,
1617 1939 1658 1969 ut
1670 1942 1821 1982 semper
1833 1930 2055 1969 lacrimasse
2071 1939 2187 1982 atque
2201 1930 2242 1969 in
2256 1930 2363 1969 luctu
2375 1930 2522 1970 vixisse

1467 1990 1677 2029 diceretur.

1521 2049 1650 2094 Quum
1679 2056 1803 2086 autem
1833 2047 2004 2100 Ephesio
2027 2048 2262 2100 philosopho
2290 2047 2458 2087 sublime
2485 2057 2524 2087 et

1469 2116 1638 2145 erectum
1655 2107 1855 2157 ingenium
1872 2116 1992 2159 esset,
2004 2107 2046 2146 in
2060 2107 2301 2146 eruditorum
2319 2107 2522 2146 hominum

1470 2178 1582 2204 usum
1603 2165 1750 2206 librum
1779 2167 1953 2205 exaravit
1979 2179 2110 2218 quem,
2126 2175 2303 2205 veterum
2332 2178 2452 2212 more,
2472 2165 2524 2215 ¹in

1468 2294 1608 2328 τοιοῦτος
1619 2315 1627 2329 .
1644 2291 1721 2331 ἄλλῃ
1741 2303 1774 2323 τε
1792 2292 1845 2323 καὶ
1861 2290 1926 2331 μετ’
1940 2291 2052 2323 ἄλλων.
2075 2291 2263 2332 Ἁξιούμενος
2287 2291 2321 2324 δὲ
2344 2291 2397 2323 καὶ
2412 2291 2526 2333 νόμους

1469 2339 1563 2370 θεῖναι
1577 2339 1650 2380 πρὸς
1664 2338 1778 2379 αὐτῶν,
1792 2340 1932 2380 ὑπερεῖδε
1944 2339 1995 2371 διὰ
2010 2339 2044 2372 τὸ
2057 2339 2117 2378 ἤδη
2134 2339 2339 2381 κεκρατῆσθαι
2354 2342 2394 2381 τῇ
2407 2342 2527 2381 πονηρᾷ

1470 2385 1610 2426 πολιτείᾳ
1627 2386 1682 2424 τὴν
1698 2386 1799 2418 πόλιν.

1515 2432 1560 2474 (ὓ)
1586 2434 1741 2474 Diogenes
1765 2434 1910 2466 Laertius
1932 2433 1987 2466 lib.
2003 2433 2060 2472 ΙΧ,
2074 2435 2092 2465 3
2115 2445 2122 2465 :
2141 2432 2355 2474 Ἀναχωρήσας
2375 2432 2409 2465 δὲ
2431 2433 2526 2470 εἰςητὸ

1472 2480 1551 2520 ἱερὸν
1562 2485 1615 2518 τῆς
1626 2481 1794 2522 Ἀρτέμιδος
1803 2481 1880 2522 μετὰ
1889 2484 1951 2513 τῶν
1962 2481 2082 2513 παίδων
2092 2479 2308 2523 ἠστραγάλιζε·
2315 2479 2527 2523 περιστάντων

1472 2527 1499 2558 δ’
1513 2527 1606 2560 αὐτὸν
1620 2531 1683 2560 τῶν
1697 2528 1863 2569 Ἐφεσίων,
1877 2527 1936 2568 Τί,
1949 2528 1975 2560 ὧ
1994 2527 2157 2567 κάκιστοι,
2171 2527 2358 2570 θαυμάζετες
2374 2527 2443 2569 ἔφη·
2456 2528 2476 2566 ἢ
2491 2527 2528 2560 οὗ

1473 2578 1611 2615 κρεῖττον
1632 2578 1725 2608 τοῦτο
1744 2579 1843 2609 ποιεῖν
1861 2577 1882 2615 ἢ
1907 2574 1974 2617 μεθ’
1993 2576 2082 2617 ὑμῶν
2107 2575 2342 2614 πολιτεύεσθαις
2360 2575 2420 2608 Καὶ
2442 2576 2529 2615 var<

1475 2623 1735 2665 μισανθρωπήσας
1751 2624 1804 2655 καὶ
1818 2623 1997 2662 ἐκπατήσας
2012 2623 2044 2655 ἐν
2058 2626 2124 2660 τοῖς
2136 2622 2219 2664 ὄρεσι
2237 2622 2364 2663 διῃτᾶτο
2378 2622 2458 2659 πόας
2478 2634 2526 2655 σι-

1474 2669 1619 2710 τούμενος
1637 2671 1689 2703 καὶ
1711 2671 1854 2713 βοτάνας.
1880 2672 1941 2704 Καὶ
1962 2671 2066 2713 μέντοι
2081 2671 2135 2703 καὶ
2155 2670 2314 2703 διὰ-τοῦτο
2335 2671 2528 2712 περιτραπεὶς

1475 2718 1517 2754 εἰς
1532 2718 1638 2758 ὕδερον
1657 2719 1806 2757 κατῆλθεν
1830 2720 1873 2755 εἰς
1890 2718 1991 2758 ἄστυ,
2008 2719 2062 2750 καὶ
2077 2721 2140 2750 τῶν
2156 2719 2269 2760 ἰατρῶν
2294 2717 2529 2759 αἰνιγματωδῶς

1475 2763 1680 2806 ἐπυνθάνετο,
1700 2766 1727 2797 εἰ
1745 2765 1886 2798 δύναιντο
1906 2766 1936 2803 ἐξ
1957 2765 2125 2807 ἐπομὸρίας
2149 2765 2272 2807 αὐχμὸν
2287 2769 2429 2803 ποιῆσαι.
2456 2766 2529 2797 Τῶν

1475 2812 1509 2844 δὲ
1525 2813 1567 2853 μή
1583 2813 1760 2853 συνιέντων,
1776 2814 1868 2845 αὑτὸν
1891 2815 1932 2850 εἰς
1952 2814 2122 2855 βούστασιν
2138 2813 2305 2854 κατορύξας
2323 2816 2362 2854 τῇ
2375 2816 2439 2844 τῶν
2455 2807 2530 2854 βὀλ·

1477 2860 1570 2891 ὅίτων
1583 2859 1659 2901 ἀλέᾳ
1671 2861 1799 2898 ἤλπισεν
1812 2860 2099 2901 ἐξατμισθήσεσθαι·
2108 2860 2195 2893 οὐδὲν
2207 2859 2235 2893 δ’
2242 2860 2344 2892 ἀνύων
2359 2860 2423 2892 οὐδ’
2431 2860 2530 2900 οὕτως

1477 2907 1618 2939 ἐτελεύτα
1639 2908 1723 2949 βιοὺς
1743 2909 1796 2946 ἔτη
1814 2909 1848 2944 ξ’.
1864 2908 1914 2941 Cf.
1933 2908 2057 2940 Suidas.

1520 2955 1565 2996 (7)
1588 2955 1745 2995 Diogenes
1759 2955 1904 2987 Laertius
1918 2955 1972 2987 lib.
1989 2956 2044 2996 ΙΧ,
2056 2957 2073 2987 4
2089 2968 2097 2988 :
2110 2955 2288 2996 Ἕρμιππος
2301 2954 2334 2986 δέ
2345 2965 2420 2995 φησι
2431 2954 2531 2996 λέγειν

1479 3002 1571 3034 αὐτὸν
1595 3005 1661 3039 τοῖς
1679 3003 1815 3043 ἰατροῖς,
1832 3002 1859 3034 εἰ
1880 3013 1925 3038 τις
1944 3001 2070 3034 δύναται
2090 3001 2195 3042 ἔντερα
2218 3002 2413 3038 ταπεινώσας
2439 3001 2532 3044 ὑγρὸν

1480 3049 1638 3090 ἑξεράσαι·
1656 3048 1851 3081 ἀπειπόντων
1867 3049 1921 3090 δέ,
1934 3050 2030 3081 θεῖναι
2053 3049 2146 3080 αὑτὸν
2163 3049 2204 3085 εἰς
2223 3048 2276 3080 τὸν
2293 3049 2389 3087 ἥλιον,
2407 3048 2462 3080 ml.
2478 3059 2532 3081 κε-

1480 3096 1577 3130 λεύειν
1593 3097 1663 3134 τοὺς
1677 3097 1790 3134 παῖδας
1810 3096 1963 3138 βολόίτοις
1982 3095 2220 3128 καταπλάττειν·
2237 3095 2320 3128 οὕτω
2333 3096 2371 3134 δὴ
2389 3106 2533 3129 κατατει·

1481 3144 1608 3186 νόμενον
1640 3145 1816 3184 δευτεραῖον
1846 3145 2026 3181 τελευτῆσαι
2060 3143 2113 3174 καὶ
2141 3146 2273 3183 ταφῆναι
2301 3143 2333 3174 ἐν
2360 3145 2400 3184 τῇ
2420 3142 2532 3184 ἀγορᾷ.

1483 3192 1617 3229 Νεάνθης
1638 3191 1665 3224 δ’
1680 3192 1698 3223 ὁ
1716 3190 1884 3229 Κυζικηνός
1902 3201 1995 3230 φησι,
2008 3191 2050 3231 μή
2063 3190 2228 3227 δυνηθέντα
2243 3189 2336 3222 αὐτὸν
2348 3189 2534 3222 ἀποσπάσαι

1482 3238 1522 3271 τὰ
1541 3239 1809 3280 βόλὸιταμεῖναι,
1828 3238 1881 3269 καὶ
1901 3238 1952 3269 διὰ
1969 3238 2024 3276 τὴν
2047 3237 2218 3278 μεταόο).ἡν
2234 3236 2422 3278 ἀγνοηθέντα
2443 3234 2534 3282 κυνός
2593 3242 2596 3243 ’

1483 3287 1601 3328 ὅρωτον
1616 3286 1768 3325 γενέσθαι,

1527 3333 1572 3374 (8)
1593 3334 1711 3366 Seneca
1727 3332 1767 3364 de
1781 3333 1832 3364 Ira
1845 3331 1900 3364 lib.
1918 3333 1956 3368 ΙΙ,
1973 3334 2009 3363 to
2028 3343 2035 3363 ε
2052 3331 2232 3364 Heraclitus
2241 3331 2367 3372 quoties
2377 3329 2537 3372 prodierat

1485 3376 1518 3407 et
1538 3377 1661 3406 tantum
1678 3374 1760 3406 circa
1773 3383 1807 3407 se
1824 3373 1907 3405 male
1924 3372 2223 3412 viventium‚immo
2237 3373 2319 3405 male
2334 3371 2536 3415 pereuntium

1486 3421 1631 3461 viderat,
1646 3420 1742 3453 nebat
1751 3444 1761 3461 ,
1781 3420 1991 3452 miserebatur
2002 3419 2146 3452 omnium
2158 3422 2212 3461 qui
2223 3420 2282 3452 sibi
2293 3419 2358 3452 laeti
2369 3418 2538 3459 felicesque

1486 3468 1713 3507 occurrebant,
1732 3467 1803 3499 miti
1829 3467 1957 3506 animo,
1984 3467 2039 3499 sed
2066 3467 2160 3499 nimis
2190 3466 2349 3499 imbecillo
2378 3478 2386 3498 ε
2413 3467 2447 3499 et
2470 3465 2538 3506 ipse

1489 3516 1569 3548 inter
1585 3514 1797 3556 deplorandos
1809 3516 1888 3547 erat.
1907 3515 1957 3547 Ct'.
1972 3514 2012 3547 de
2024 3516 2143 3555 Tranq.
2155 3523 2207 3546 an.
2226 3523 2296 3554 cap.
2315 3517 2362 3546 15.
2381 3512 2538 3545 mucianus

1435 3579 1509 3612 310

2592 380 2609 524 {a

2592 531 2608 633 fi}

2591 640 2608 703 ιε

2592 704 2608 764 ει

2595 890 2609 981 asama:
2597 852 2607 868 ⁴·
2602 824 2608 841 -.
2593 767 2608 807 50³?
