2612 3814
170 239 2288 302 aeffffleefflssessffiffiffleieffiaeeefflffiaefflefflffl

720 385 843 458 DE
907 382 1286 460 OCELLO
1349 378 1785 456 LUCANO.

224 668 381 705 Constat
401 674 529 703 nostra
546 664 735 702 memoria
754 664 961 715 plerosque
971 662 1211 700 eruditorum

169 716 225 764 sic
240 724 435 776 judicasse
449 754 460 772 ‚
490 722 823 774 Pythagoreorum
847 722 1059 772 fragmenta
1084 734 1106 758 a
1125 720 1211 758 Sto-

168 783 254 822 baeo
270 812 280 830 ‚
303 782 527 821 Jamblicho
541 811 552 831 ,
567 781 789 832 Porphyrio
803 811 813 829 ,
830 780 1034 832 Simplicio
1050 779 1214 829 aliisque

169 851 320 881 servata
342 854 449 892 aeque
469 855 512 879 ac
530 840 668 878 Timaei
684 840 731 878 de
751 840 879 878 anima
892 838 1026 877 mundi
1041 846 1077 876 et
1092 837 1213 875 Ocelli

168 902 312 941 Lucani
333 901 381 938 de
401 900 575 937 universi
597 908 734 937 natura
761 898 885 937 libros
899 928 909 947 ,
932 898 1026 937 solis
1045 897 1214 935 Philolai

170 959 350 1009 reliquiis
364 958 536 1009 exceptis
547 986 557 1004 ,
583 966 647 995 aut
667 970 843 1007 magnam
861 965 1010 1006 partem
1032 954 1213 1006 supposi-

171 1018 256 1056 titia
268 1030 351 1056 esse
367 1025 432 1054 aut
446 1017 606 1054 omnino
620 1015 719 1054 nihil
732 1016 944 1061 continere,
957 1013 1062 1065 quod
1077 1026 1098 1051 a
1114 1021 1217 1051 vete⁴

172 1075 282 1114 ribus
298 1076 394 1123 illis,
410 1075 554 1125 quibus
574 1074 813 1121 tribuuntur,
832 1073 1047 1125 profectum
1071 1072 1121 1110 sit
1145 1070 1212 1124 (1).

169 1135 301 1186 Neque
321 1148 392 1184 ego
412 1134 458 1171 de
481 1133 682 1171 liis'rebus
703 1133 815 1170 aliter
832 1131 978 1181 sentio,
997 1131 1064 1169 sed
1090 1140 1215 1168 tamen

170 1193 314 1231 librum
335 1194 404 1243 qui
424 1193 546 1230 Ocelli
567 1191 712 1229 Lucani
733 1204 874 1229 nomen
903 1191 944 1228 in
974 1190 1099 1228 fronte
1119 1190 1217 1240 gerit

171 1265 249 1289 non
270 1265 352 1290 esse
374 1264 533 1301 prorsus
553 1249 874 1288 contemnendum
895 1262 938 1287 ac
958 1249 1047 1301 plus
1075 1250 1117 1287 in
1148 1262 1214 1296 eo,

170 1323 283 1359 quain
303 1310 420 1359 vulgo
441 1308 821 1360 putatur,.momenti
839 1308 885 1346 ad
908 1308 1218 1358 cognoscendam

169 1369 423 1419 posteriorem
455 1367 789 1418 Pythagoreorum
825 1367 1015 1405 rationem
1045 1367 1215 1418 positum

170 1428 348 1472 arbitror,
377 1435 414 1464 et
461 1439 615 1464 causam
651 1434 846 1464 renovatae
881 1425 1215 1476 Pythagoreorum

170 1485 387 1537 disciplinae
421 1485 534 1522 aliam
563 1498 677 1534 quam
704 1497 790 1536 quae
809 1497 831 1522 a
850 1483 1035 1535 plurimis
1055 1483 1217 1521 affertur

171 1543 288 1582 fuisse
318 1543 524 1582 contendo.
582 1542 771 1588 Quamvis
799 1542 903 1580 enim
925 1554 971 1579 ea
994 1540 1045 1579 sit
1064 1541 1218 1579 littera—

170 1605 256 1641 rui'n
287 1604 504 1653 artiumque
542 1614 628 1640 sors
659 1610 697 1640 et
731 1601 921 1648 conditio,
940 1608 984 1639 ut
1012 1608 1215 1651 postquam

172 1669 271 1698 ortae
296 1669 406 1709 sunt,
437 1674 486 1698 ex
504 1661 641 1712 primae
661 1663 771 1711 quasi
798 1659 959 1697 aetatulae
980 1658 1151 1697 tenebris
1171 1659 1218 1696 ad

172 1719 357 1770 majorem
389 1732 541 1770 semper
571 1719 697 1758 lucem
725 1727 922 1768 emergant
952 1730 996 1755 ac
1031 1726 1218 1768 perpetuo

173 1786 288 1816 auctu
308 1786 480 1816 crescant
499 1786 536 1816 et
557 1771 783 1816 excolantur
803 1791 811 1814 :
832 1786 978 1823 tamen,
994 1775 1064 1814 ubi
1084 1775 1131 1813 ad
1147 1776 1220 1814 tale

175 1837 369 1886 fastigium
390 1845 480 1874 sunt
500 1846 640 1875 evectae
654 1866 665 1886 ‚
692 1845 735 1875 ut
754 1835 801 1874 ad
819 1835 859 1874 id
890 1834 994 1887 quod
1026 1847 1218 1872 summum

170 1904 228 1933 est
242 1895 322 1946 jam
339 1895 569 1945 pervenisse
587 1896 650 1934 vel
676 1894 789 1934 brevi
807 1902 1052 1946 perventurae
1066 1892 1220 1931 videan-

172 1962 249 2002 tur,
280 1954 457 1992 homines
490 1954 686 1992 interdum
722 1962 900 2004 tanquam
930 1953 1047 2002 longo
1078 1952 1218 1990 itinere

173 2013 263 2051 fessi
287 2013 498 2051 subsistere
517 2026 726 2064 parumper
748 2021 785 2051 et
804 2020 891 2051 ante
910 2020 993 2050 acta
1012 2024 1141 2050 secum
1157 2024 1217 2049 re-

171 2071 299 2110 colere
313 2073 487 2123 cupiunt.
547 2072 807 2117 Quamobrem
824 2071 953 2123 primo
967 2079 1053 2108 ante
1067 2070 1157 2109 Chr.
1175 2084 1214 2108 n.

171 2131 314 2168 saeculo
345 2130 574 2169 florentibus
606 2130 947 2177 Academicorum,
976 2129 1215 2176 Stoicorum,

171 2189 449 2241 Epicureorum
472 2190 716 2240 aliorumque
738 2188 878 2227 studiis
899 2185 1052 2226 suer'unt
1071 2188 1139 2238 qui
1155 2189 1217 2226 vel

172 2248 220 2286 ad
254 2248 522 2298 Pythagoricae
548 2247 1051 2298 doctrinae.simplicitatem
1080 2247 1141 2284 vel
1171 2247 1218 2284 ad

174 2306 426 2344 Heracliteam
462 2307 524 2344 vel
550 2307 596 2344 ad
625 2307 810 2358 Cynicam
832 2305 1116 2357 philosophiam
1156 2319 1218 2344 re-

175 2364 283 2413 dire,
315 2378 428 2415 quam
470 2365 572 2403 inter
599 2365 707 2404 illius
744 2365 865 2403 atatis
903 2373 1024 2402 sectas
1060 2365 1221 2403 nomina

175 2434 244 2460 sua
291 2422 465 2473 profiteri
510 2423 682 2462 mallent.
740 2422 800 2460 Ad
837 2422 941 2473 quod
973 2423 1218 2461 efficiendum

173 2481 367 2532 imprimis
393 2481 545 2519 sublata
566 2481 726 2533 Epicuri
753 2482 999 2533 aliorumque
1019 2483 1220 2521 sententiis

175 2539 393 2577 animorum
438 2540 711 2578 immortalitas
752 2549 789 2578 et
830 2540 956 2578 offusa
998 2540 1219 2578 dialectico-

175 2611 262 2635 rum
311 2598 490 2636 acumine
536 2597 652 2636 rebus
683 2598 831 2636 divinis
878 2607 991 2648 atque
1040 2598 1220 2637 humanis

175 2655 300 2704 caligo
339 2655 505 2693 valuisse
542 2655 738 2693 videntur.
793 2656 887 2693 Nam
922 2657 1225 2695 immortalitatis

174 2712 367 2751 desiderio
384 2713 559 2764 plerique
578 2722 758 2752 tenentur
777 2714 954 2753 homines
971 2723 1008 2753 et
1024 2714 1221 2766 posthabi-

180 2771 230 2809 tis
250 2772 408 2809 incertis
429 2780 532 2809 certa
554 2780 735 2823 expetere
755 2773 892 2811 solent.
948 2772 1001 2811 Ut
1031 2782 1157 2811 autem
1179 2773 1226 2811 de

177 2829 272 2868 solis
297 2830 434 2881 loquar
457 2830 730 2881 Pythagoreis,
753 2831 860 2869 nulla
880 2831 952 2869 fuit
974 2831 1225 2882 philosopho-

177 2901 262 2925 rum
296 2888 506 2939 disciplina
537 2898 736 2940 poetarum
778 2891 1005 2928 commentis
1042 2890 1223 2941 propior,

175 2947 327 2996 vulgari
347 2946 547 2986 hominum
578 2949 708 2999 captui
737 2948 1064 2987 accommodatior
1087 2958 1123 2986 et
1150 2949 1182 2987 si
1204 2963 1225 2986 a

176 3006 392 3044 Stoicorum
423 3007 570 3045 familia
600 3008 821 3046 discesseris
856 3008 905 3046 ad
947 3008 1223 3046 consolandum

178 3076 297 3113 genus
315 3064 525 3103 humanum
546 3066 756 3114 efficacior,
776 3080 890 3117 quam
925 3066 1006 3104 haec
1032 3067 1223 3117 Pythago-

179 3135 334 3161 reorum
352 3126 464 3164 ratio.
525 3124 626 3162 Hinc
647 3138 725 3162 non
750 3124 978 3172 defuerunt,
1004 3125 1071 3175 qui
1090 3124 1226 3161 ultimo

1277 668 1364 698 ante
1392 658 1486 696 Chr.
1518 671 1555 695 n.
1587 657 1726 695 saeculo
1749 656 1796 694 ad
1817 655 1936 706 hujus
1956 655 2218 707 philosophiae
2247 665 2327 694 stu-

1278 717 1387 755 dium
1408 725 1693 755 reverterentur
1711 724 1825 767 atque
1845 715 1940 753 adeo
1962 715 2162 754 veteribus
2179 716 2329 767 Pytha-

1280 776 1410 825 goreis
1459 775 1584 814 libros
1626 783 1911 827 supponerent,
1948 775 2161 825 praesertim
2207 788 2327 826 quum

1278 835 1401 882 Juba‚
1424 835 1670 873 doctissimus
1690 833 1940 872 Mauretaniae
1969 846 2057 887 rex,
2088 847 2331 885 quaecunque

1279 894 1445 945 reperiri
1465 901 1678 945 potuerunt
1698 892 2031 944 Pythagoreorum
2059 893 2202 943 scripta
2219 892 2329 930 colli-

1280 960 1399 1001 geret.
1458 952 1544 997 Qua
1576 952 1624 989 de
1649 965 1692 989 re
1732 952 1895 1001 insignis
1929 960 1987 989 est
2020 952 2183 990 Davidis
2220 952 2327 991 locus

1280 1011 1496 1051 Comment.
1513 1012 1555 1049 in
1572 1011 1694 1049 Arist.
1714 1011 1844 1060 Categ.
1856 1025 1896 1062 p.
1919 1012 1968 1048 28
1984 1024 2019 1048 a.
2037 1011 2172 1049 scholi.
2189 1011 2326 1051 Arist.:

1281 1071 1314 1108 ἕν
1336 1065 1385 1115 οἷς
1404 1069 1571 1118 ζητητέον
1591 1070 1650 1108 καὶ
1669 1069 1708 1108 τὸ
1728 1069 1870 1121 γνήσιον
1901 1070 1958 1107 διὰ
1977 1068 2041 1116 τὴν
2064 1068 2249 1121 γινομένην
2269 1085 2328 1108 νο-

1280 1127 1393 1166 θείαν·
1419 1128 1618 1166 νοθεύονται
1639 1126 1706 1180 γὰρ
1723 1127 1768 1165 τὰ
1790 1126 1909 1179 βιὸλία
1930 1130 2133 1180 πενταχῶς·
2156 1127 2178 1175 ἢ
2197 1127 2265 1179 γὰρ
2285 1128 2330 1165 δι’

1281 1186 1548 1237 εὐγνωμοσύνην
1577 1188 1742 1236 μαθητῶν
1763 1185 1808 1224 τὰ
1839 1188 1950 1224 οἰκεῖα
1973 1186 2235 1239 συγγράμματα
2261 1192 2332 1229 τοῖς

1278 1243 1418 1288 οἰκείοις
1446 1245 1666 1288 διδασκάλοις
1687 1243 1919 1283 ἀνατιθέντων
1934 1275 1944 1292 ,
1976 1247 2022 1289 ὡς
2043 1245 2088 1283 τὰ
2119 1245 2331 1298 Πυθαγόρου

1281 1303 1342 1342 καὶ
1374 1303 1585 1355 Σωκράτους
1608 1302 1873 1355 ἐπιγραφόμενα
1894 1303 2038 1355 βιὸλία,
2062 1303 2111 1354 μὴ
2137 1303 2219 1341 ὄντα
2245 1305 2330 1342 Σω-

1281 1363 1426 1415 κράτους
1445 1362 1695 1414 ἢᾙυθαγόρου
1719 1361 1811 1401 ἀλλὰ
1831 1363 2070 1414 Σωκρατικῶν
2092 1362 2152 1400 καὶ
2171 1364 2332 1414 Πυθαγο-

1283 1425 1388 1475 ρικῶν
1400 1438 1408 1446 ·
1426 1421 1448 1469 ἢ
1474 1421 1530 1460 διὰ
1553 1421 1756 1474 φιλοτιμίαν
1779 1421 1964 1474 βασιλικήν
1976 1437 1984 1446 ·
2002 1421 2175 1466 Ἰοὸάτους
2189 1423 2256 1474 γὰρ
2272 1425 2333 1461 τοῦ

1281 1481 1423 1521 Λιὸύων
1446 1480 1617 1534 βασιλέως
1635 1480 1840 1532 συνάγοντος
1857 1480 1902 1519 τὰ
1919 1482 2127 1533 Πυθαγόρου
2150 1482 2210 1520 καὶ
2230 1484 2333 1522 Πτο-

1281 1539 1429 1590 λεμαίου
1455 1539 1499 1577 τὰ
1521 1538 1795 1592 Ἀριστοτέλους,
1827 1539 1917 1583 τινὲς
1944 1539 2139 1585 καπηλείας
2164 1541 2268 1592 χάριν
2287 1539 2333 1578 τὰ

1281 1599 1433 1651 τυχόντα
1449 1598 1708 1651 συγγράμματα
1733 1598 1972 1648 λαμὸάνοντες
1994 1597 2153 1651 ἐκέδρουν
2168 1599 2228 1637 καὶ
2247 1597 2333 1647 ἔση-

1284 1675 1349 1698 πον
1371 1658 1427 1697 διὰ
1441 1657 1667 1710 παραθέσεως
1681 1657 1765 1696 νέων
1783 1659 1921 1711 μυῤῥῶν
1943 1659 2006 1709 (2),
2020 1656 2077 1696 ἵνα
2094 1659 2210 1710 σχοῖεν
2231 1660 2334 1706 δῆθεν

1282 1718 1345 1764 τὴν
1369 1720 1408 1756 ἐκ
1430 1721 1490 1756 τοῦ
1509 1717 1635 1769 χρόνου
1657 1715 1894 1760 ἀξιοπιστίαν·
1916 1715 1938 1763 ἢ
1962 1717 2004 1754 δι’
2027 1716 2229 1768 ὁμωνυμίας
2250 1732 2335 1768 συγ-

1283 1776 1444 1830 γραφέων
1460 1776 1484 1824 ἢ
1503 1775 1788 1828 συγγραμμάτων
1812 1774 1835 1821 ἢ
1853 1775 2131 1825 ὑπομνημάτων.
2190 1776 2246 1814 Eo
2265 1776 2335 1827 igi·

1284 1845 1345 1874 tur
1366 1845 1539 1887 tempore
1562 1848 1647 1872 cum
1675 1835 1750 1872 alia
1775 1834 1896 1872 multa
1914 1835 2084 1884 antiquis
2103 1834 2338 1885 Pythagorae

1285 1895 1402 1934 sociis
1419 1894 1574 1933 subdita
1591 1902 1703 1940 sunt,
1722 1902 1802 1931 tum
1823 1893 1890 1932 ille
1905 1893 2144 1944 compositus
2158 1903 2215 1932 est
2232 1894 2334 1933 liber

1284 1955 1351 2005 qui
1376 1954 1422 1992 ad
1442 1953 1615 1991 Ocellum
1636 1951 1832 1990 Lucanum
1850 1952 1969 2002 vulgo
1991 1952 2171 1990 refertur.
2230 1953 2334 1999 Quo-

1285 2027 1371 2051 cum
1410 2012 1592 2051 convenit
1624 2010 1821 2049 scribendi
1865 2019 1903 2049 et
1938 2010 2156 2049 disserendi
2194 2024 2336 2061 genere

1286 2072 1540 2122 fragmentum
1569 2083 1590 2108 e
1622 2069 1725 2107 libro
1754 2069 1801 2107 de
1832 2068 1984 2119 legibus
2016 2069 2204 2120 petitum,
2228 2069 2334 2120 quod

1285 2131 1388 2182 apud
1421 2130 1613 2168 Joannem
1653 2127 1848 2166 Stobaeum
1879 2136 2014 2166 exstat.
2073 2128 2130 2166 Ac
2162 2128 2334 2179 primum

1286 2189 1442 2239 quidem
1462 2189 1537 2226 hoc
1557 2188 1740 2226 volumen
1759 2201 1845 2225 cum
1866 2188 1953 2225 aliis
1978 2187 2209 2238 hujusmodi
2226 2188 2333 2225 scri-

1284 2247 1488 2298 ptionibus
1510 2246 1724 2284 conferenti
1746 2254 1849 2297 patet
1879 2254 2077 2283 auctorem
2102 2245 2185 2296 ejus
2211 2246 2335 2284 multo

1286 2306 1487 2344 meliorem
1509 2305 1627 2343 fuisse
1643 2312 1681 2341 et
1700 2317 1829 2342 rerum
1848 2303 2131 2342 tractandarum
2147 2304 2334 2343 artificem

1286 2373 1322 2402 et
1351 2363 1566 2402 verborum
1602 2362 1850 2400 architectum
1867 2392 1878 2410 ‚
1911 2362 2155 2413 eundemque
2182 2363 2335 2412 elegan-

1288 2424 1423 2461 tiorem
1443 2423 1672 2473 scriptorem
1694 2430 1731 2458 et
1748 2421 1987 2459 callidiorem
2011 2421 2253 2471 antiquitatis
2278 2422 2336 2460 si-

1287 2481 1515 2518 mulatorem
1532 2509 1542 2522 ,
1569 2493 1683 2529 quam
1713 2492 1845 2532 eorum
1872 2479 2081 2530 plerosque
2102 2480 2170 2530 qui
2200 2480 2338 2530 longas

1287 2539 1334 2576 de
1354 2539 1496 2576 virtute
1516 2538 1576 2575 vel
1601 2537 1649 2574 de
1674 2538 1881 2586 categoriis
1904 2538 2186 2589 disputationes
2205 2541 2335 2577 confe-

1288 2606 1424 2634 cerunt
1446 2595 1498 2649 (3)
1516 2596 1576 2633 vel
1596 2596 1696 2633 fictis
1715 2596 1890 2646 epistolis
1905 2597 2121 2647 posteritati
2135 2597 2340 2648 imponere

1289 2664 1484 2693 tentarunt
1496 2653 1561 2707 (4).
1621 2655 1693 2692 Hic
1709 2657 1808 2692 enim
1826 2656 1992 2707 scriptor
2009 2656 2079 2694 etsi
2096 2656 2215 2694 multa
2230 2670 2339 2694 usur·

1289 2715 1397 2765 pavit
1415 2714 1606 2752 vocabula
1621 2743 1631 2762 ,
1654 2727 1739 2764 quae
1759 2714 1808 2751 ab
1826 2715 1984 2765 antiqua
2003 2715 2336 2766 Pythagoreorum

1290 2773 1463 2811 dictione
1499 2771 1710 2810 abhorrere
1748 2773 1944 2821 videntur,
1983 2774 2177 2812 teclinicas
2211 2784 2338 2813 tamen

1290 2831 1520 2883 posterioris
1548 2832 1669 2869 aetatis
1698 2845 1813 2870 voces
1825 2860 1836 2878 ‚
1859 2840 1901 2870 ut
1922 2832 2097 2883 στοιχεῖα,
2121 2832 2231 2883 cujus
2251 2834 2337 2872 loco

1289 2889 1408 2932 οὗσίας
1429 2889 1547 2936 dicit,
1570 2890 1731 2937 vitavit,
1763 2899 1806 2928 ut
1834 2892 2036 2930 vetustatis
2061 2893 2227 2943 speciem
2259 2906 2338 2942 prae

1291 2961 1331 2985 se
1352 2948 1480 2986 ferret.
1537 2948 1686 2986 Deinde
1706 2949 1797 2986 licet
1818 2948 1922 2987 haud
1940 2962 2061 3000 pauca
2080 2964 2128 2988 ex
2147 2950 2336 2987 Eleatico—

1291 3020 1375 3044 rum
1396 3007 1619 3055 fragmentis
1640 3016 1676 3044 et
1695 3008 1916 3046 Aristotelis
1937 3022 2075 3060 opere,
2093 3009 2198 3059 quod
2218 3017 2275 3045 est
2291 3009 2337 3046 de

1290 3065 1538 3114 generatione
1554 3073 1591 3102 et
1607 3065 1780 3112 interitu,
1798 3066 1843 3103 ad
1864 3065 2025 3104 verbum
2046 3067 2086 3104 in
2104 3079 2214 3104 suum
2230 3065 2338 3103 libel—

1291 3124 1369 3161 lum
1394 3124 1728 3175 transscripserit,
1746 3125 1975 3176 simpliciter
1989 3134 2115 3163 tamen
2136 3134 2172 3162 et
2192 3124 2339 3176 perspi-

223 3233 357 3272 (1)Vid.
374 3235 485 3266 Ritteri
516 3235 630 3267 Gesclz.
648 3235 710 3267 cler
737 3236 888 3277 Pychaq.
910 3235 1043 3268 Plzilos.
1068 3244 1137 3275 pag.
1165 3238 1225 3274 673

180 3279 300 3314 Gesclz.
325 3280 388 3312 der
408 3281 505 3313 Phil.
524 3283 535 3313 l
566 3290 597 3322 p.
615 3283 686 3315 377.
707 3283 756 3314 Cf.
775 3284 905 3322 Gruppe
926 3281 1014 3314 iiber
1042 3281 1097 3314 die
1118 3285 1227 3322 Ἐναρ-

180 3330 293 3360 mente
322 3327 379 3359 des
419 3327 587 3368 Archytas
618 3328 693 3360 und
721 3328 784 3362 der
818 3329 937 3362 ᾶίιεινι
971 3329 1222 3370 Pycltaqoreer.

179 3375 283 3408 Berlin
303 3378 392 3408 1840.
414 3374 537 3407 Alireus
550 3375 589 3406 de
601 3375 676 3407 dial.
700 3375 770 3408 dor.
783 3386 821 3421 p.
844 3381 882 3409 23
905 3385 972 3415 seu.

223 3424 267 3463 (2)
292 3422 344 3454 Sic
358 3420 492 3454 emendo
508 3422 654 3456 vitiosam
670 3423 859 3464 scripturam
879 3422 1015 3465 πυῤῥῶν.

282 3523 296 3539 0

1335 3233 1379 3274 (3)
1401 3234 1456 3312 (Ξῖ.
1485 3235 1584 3267 Orell.
1613 3237 1731 3276 opusc.
1756 3238 1820 3268 vet.
1848 3238 1902 3267 Gr.
1934 3238 2016 3268 sent.
2037 3238 2068 3268 et
2085 3245 2166 3268 mor.
2190 3238 2282 3268 Tom.
2307 3237 2338 3268 ΙΙ

1287 3290 1323 3321 p.
1341 3284 1414 3312 210·
1437 3284 1488 3313 ei.

1333 3327 1375 3368 (4)
1389 3327 1471 3359 Vide
1484 3327 1634 3366 epistolas
1652 3329 1884 3361 Socraticorum
1900 3331 1929 3361 et
1945 3330 2218 3370 1³>iii··g01·001·um
2237 3329 2336 3361 editas

1285 3372 1326 3404 ab
1346 3373 1475 3406 Orellio.
1491 3374 1608 3415 Lipsiae
1628 3377 1716 3408 1815.

1222 3487 1297 3522 383
