2612 3814
271 251 346 282 290

260 339 351 382 Ἔτι
370 338 406 380 ἵν
425 338 462 379 ὂν
481 336 580 377 οὐδὲν
600 337 728 377 ἄτοπον
754 339 782 375 εἷ
806 337 856 389 μὴ
882 337 999 390 πάντῃ
1019 335 1139 388 ὅμοιόν
1162 336 1267 375 ἔστιν·
1292 335 1323 374 εἷ

223 406 245 439 b
267 401 335 451 γάρ
357 400 449 437 ἐστιν
466 396 559 450 ὕδωρ
581 396 675 435 ἅπαν
700 395 724 444 ἢ
751 400 821 451 πῦρ
841 395 864 444 ἢ
886 394 916 445 ὅ,
931 411 965 436 τι
983 395 1026 443 δὴ
1044 395 1130 435 ἄλλο
1151 397 1324 444 τοιοῦτον,

269 458 366 497 οὐδὲν
388 456 516 497 κωλύει
546 455 658 494 πλείω
691 457 801 494 εἰπεῖν
833 458 894 494 τοῦ
928 454 1023 499 ὄντος
1038 452 1128 502 ἑνός,
1151 454 1180 492 εί
1206 453 1248 500 δὴ
1276 453 1329 492 δεῖ

198 526 203 532 ”
269 516 416 557 ἕκαστον
437 514 556 567 ὅμοιον
574 514 658 554 αὐτὸ
678 515 795 568 ἑαυτῷ
817 507 922 553 εἶναι·
979 515 1018 552 οὗ
1032 513 1100 565 γὰρ
1120 512 1160 551 τὸ
1175 511 1238 562 μὲν
1259 526 1328 564 μα·

277 576 348 627 νόν,
369 575 409 615 τὸ
429 574 465 614 δὲ
493 573 622 614 πυκνὸν
652 567 755 626 εἶναι,
779 573 829 624 μὴ
846 573 941 617 ὄντος
961 574 995 611 ἐν
1011 574 1062 626 τῷ
1092 574 1193 625 μανῷ
1214 574 1329 612 κενοῦ.

278 634 392 676 Οὐδὲν
406 634 442 674 δὲ
460 634 600 682 κωλύει,
620 635 670 687 τῷ
686 635 786 686 μανῷ
799 634 926 671 ἱνεῖναι
947 631 981 670 ἔν
996 647 1065 670 τισι
1085 630 1206 684 μέρεσι
1224 629 1333 683 χωρὶς

271 692 548 746 ἀποκεκριμένον
567 692 607 731 τὸ
620 690 730 738 κενόν,
754 691 844 729 ὥστε
866 694 925 729 τοῦ
945 690 1026 728 δ’λου
1046 689 1085 728 τὸ
1110 689 1173 740 μὲν
1195 689 1326 727 πυκνὸν

270 745 360 798 εἶναι
381 752 420 790 τὸ
441 751 477 790 δὲ
513 750 639 803 μανόν,
660 749 698 788 τὸ
729 756 798 788 πᾶν
827 748 936 792 οὕτως
956 747 1060 801 ἔχον·
1092 747 1170 786 ἀλλ’
1200 746 1326 797 ὁμοίως

273 903 375 946 sychii
404 902 594 935 auctoritate
629 899 781 933 defendit.
829 901 1006 939 Postrema,
1037 908 1111 940 qnoe
1146 908 1211 931 non
1254 899 1332 931 satis

271 953 438 985 assecutus
465 954 513 982 est
526 948 741 990 Spaldingius,
768 946 967 979 illustrantur
989 956 1007 978 a
1030 946 1329 988 Pseudoplutarcllo

272 998 314 1031 de
337 998 449 1031 Placit.
471 997 587 1038 philos.
603 998 628 1034 1,
649 998 666 1026 5
689 994 923 1036 εἘμπεδοκλῆς
941 994 974 1026 δὲ
997 994 1117 1034 κόσμον
1137 995 1191 1034 μὲν
1213 994 1276 1029 ἕνα,
1292 995 1328 1027 οὐ

270 1046 373 1087 μέντοι
392 1046 427 1077 τὸ
442 1047 504 1077 πᾶν
524 1044 602 1076 εἶναι
618 1043 671 1075 τὸν
688 1041 819 1083 κόσμον,
835 1040 901 1073 ἀλλ’
912 1041 1016 1082 ὀλίγον
1034 1053 1063 1073 τι
1078 1044 1134 1074 τοῦ
1147 1042 1260 1078 παντὸς
1279 1042 1331 1082 μέ·

269 1105 320 1136 ρος
333 1117 342 1133 ,
355 1093 391 1126 τὸ
411 1093 443 1125 δὲ
456 1093 563 1124 λοιπὸν
577 1091 673 1133 ἀργὴν
687 1090 766 1122 εἶναι
777 1089 854 1128 ὕλην
868 1089 1081 1129 (ἀπεφήνατο).

311 1143 364 1174 37.
388 1141 457 1173 'En
474 1140 508 1172 ὃν
528 1139 560 1172 ἓν
588 1138 676 1171 οὐδὲν
694 1138 813 1170 ἄτοπον
839 1137 867 1169 εἰ
892 1137 935 1177 μὴ
959 1136 1061 1179 πάντῃ
1095 1135 1205 1177 ὄμοιὸν
1228 1137 1326 1170 ἐστιν.

270 1191 348 1222 Hoec
363 1187 475 1221 eodem
493 1186 589 1219 modo
614 1186 647 1218 in
671 1184 747 1218 cod.
767 1184 853 1225 Lips.
876 1184 1039 1226 leguntur,
1058 1185 1117 1217 nisi
1131 1184 1220 1226 quod
1239 1184 1329 1217 initio

270 1237 397 1270 inverso
412 1234 524 1268 ordine
539 1234 583 1267 ἔτι
599 1234 632 1267 ἓν
649 1233 684 1266 δν
700 1233 877 1266 invenitur.

311 1285 363 1316 38.
388 1283 427 1315 Et
443 1282 500 1324 γάρ
514 1281 596 1314 ἐστιν
612 1281 699 1323 ὕδωρ
711 1278 795 1313 ἅπαν
812 1280 833 1319 ἢ
845 1282 906 1320 πῦρ
922 1280 942 1318 ἢ
957 1279 1018 1320 ὅ,τι
1033 1280 1071 1317 δὴ
1086 1279 1162 1311 ἄλλο
1176 1282 1328 1319 τοιοῦτον,

268 1330 356 1363 οὐδὲν
370 1330 484 1362 κωλύει
508 1327 607 1361 πλείω
629 1328 726 1360 εἰπεῖν
753 1329 809 1359 τοῦ
825 1326 912 1364 ὄντος
931 1326 1009 1368 ἑνός,
1033 1328 1060 1359 εί
1080 1327 1118 1364 δὴ
1135 1326 1174 1358 δι’
1195 1327 1330 1359 ἕκαστον

268 1378 378 1418 ὅμοιον
395 1377 470 1410 αὐτὸ
489 1377 603 1417 ἐαυτῷ.
647 1374 702 1407 καὶ
718 1374 778 1416 γὰρ
795 1373 904 1416 μανόν,
927 1374 964 1407 τὸ
980 1374 1013 1407 δὲ
1034 1375 1152 1406 πυκνὸν
1176 1374 1270 1413 εἶναι,
1289 1374 1332 1414 μή

272 1425 360 1463 ὄντος
379 1425 411 1458 ἐν
424 1427 470 1465 τῷ
495 1425 584 1464 μανῷ
609 1425 713 1454 κενοῦ.
757 1420 845 1454 οὐδὲν
868 1422 999 1454 κωλύειν
1014 1421 1086 1465 γάρ,
1109 1424 1155 1464 τῷ
1172 1424 1261 1462 μανῷ
1275 1420 1333 1453 οὐκ

271 1474 354 1506 ἔστιν
374 1472 406 1505 ἔν
419 1483 483 1504 τισι
498 1471 603 1513 μέρεσι
626 1470 721 1512 χωρὶς
737 1469 982 1511 ἀποκεκριμένον
995 1470 1031 1502 τὸ
1051 1470 1153 1510 κενόν,
1168 1470 1210 1507 ὡς
1228 1470 1265 1502 τὸ
1277 1471 1332 1501 τοῦ

269 1521 362 1560 ὅλου,
379 1520 415 1552 τὸ
433 1519 487 1560 μὶν
514 1518 592 1551 εἶναι
617 1516 748 1557 πυκνόν,
767 1517 822 1549 καὶ
846 1518 931 1549 τουτὶ
948 1518 981 1549 δέ
1009 1518 1075 1550 ἐστι
1103 1517 1200 1558 μανὸν
1221 1517 1257 1550 τὸ
1269 1519 1333 1550 πᾶν

272 1567 371 1602 οὕτως
387 1566 458 1608 ἕχον
470 1574 477 1581 ·
496 1565 562 1597 ἀλλ’
576 1564 697 1606 ὁμοίως
711 1563 794 1596 ἅπαν
810 1565 922 1606 πλῆρες
937 1564 985 1603 ὄν,
1006 1564 1122 1606 ὁμοίως
1137 1563 1230 1605 ἧττον
1245 1565 1329 1604 πλῆ-

271 1614 319 1656 ρές
345 1613 412 1646 ἐστι
430 1615 486 1645 τοῦ
506 1615 637 1645 πυκνοῦ.
682 1612 710 1645 εἰ
732 1611 765 1644 δὲ
790 1611 844 1644 καὶ
867 1613 972 1652 ἐστιν,
988 1611 1137 1652 ἀγένητόν
1154 1612 1252 1653 ἔστιν,
1277 1612 1331 1645 καὶ

268 1661 322 1694 διὰ
333 1664 427 1694 τοῦτο
441 1659 550 1698 δοθείη
565 1659 693 1701 ἄπειρον
703 1659 796 1699 εἶναι,
812 1659 865 1692 καὶ
880 1659 957 1700 μηδὲ
979 1659 1157 1701 ἐνδέχεσθαι
1179 1660 1255 1692 ἄλλο
1278 1659 1332 1693 καὶ

269 1708 344 1740 ἄλλο
358 1706 484 1749 ἄπειρον
498 1706 590 1741 εἶναι,
637 1705 689 1739 διὰ
703 1709 796 1739 τοῦτο
809 1706 863 1739 καὶ
879 1707 911 1738 ἐν
927 1707 1031 1748 τούτῳ
1043 1707 1104 1747 ἤδη
1123 1718 1334 1750 προσαγορευ-

270 1755 339 1788 τέον
350 1755 404 1788 καὶ
417 1754 568 1787 ἀδύνατον
577 1762 586 1771 ·
602 1757 670 1791 πῶς
683 1753 743 1796 γὰρ
762 1755 800 1786 ἂν
813 1754 850 1787 τὸ
863 1753 989 1798 ἄπειρον
1009 1754 1084 1788 ὅσον
1100 1753 1122 1797 ᾗ
1134 1755 1171 1788 τὸ
1186 1755 1277 1788 κενὸν
1289 1756 1332 1797 μή

268 1804 340 1836 ὅλον
352 1804 391 1836 ἂν
414 1802 480 1836 οῑόν
492 1813 525 1835 τε
538 1802 636 1842 sivan
657 1801 875 1835 Dil'ticillimus
893 1801 995 1834 locus.
1019 1802 1117 1835 Initio
1135 1802 1162 1835 εί
1174 1802 1235 1844 γάρ
1248 1802 1333 1835 ἐστιν

271 1853 355 1893 ὕδωρ
373 1854 459 1884 recte
472 1849 612 1882 restituit
624 1847 786 1882 Bekkerus
803 1857 860 1891 pro
876 1858 916 1882 eo
937 1849 1026 1891 quod
1044 1850 1078 1882 in
1096 1849 1212 1883 Aldina
1229 1850 1333 1891 prima

268 1902 301 1932 et
319 1898 389 1931 aliis
404 1896 479 1931 edd.
497 1900 546 1930 est
560 1896 604 1935 εἷς
622 1897 682 1940 γάρ
703 1897 806 1938 ἐστιν;
833 1896 951 1930 deinde
974 1906 1031 1939 pro
1047 1898 1074 1930 εἰ
1091 1898 1129 1937 δὴ
1142 1898 1182 1931 δι’
1199 1898 1332 1931 ἕκαστον

270 1946 340 1980 cod.
370 1946 458 1988 Lips.
482 1946 563 1978 bene
590 1945 774 1987 suppeditat
790 1946 817 1978 εἰ
830 1946 868 1984 δὴ
890 1946 939 1979 δεῖ
957 1946 1103 1979 ἕκαστον.
1148 1946 1332 1981 Felicianus

269 1994 400 2028 videtur
413 1994 492 2033 ειδὴ
520 1994 563 2036 μή
578 1993 710 2026 ἕκαστον
735 1992 859 2034 legisse.
903 1995 980 2026 Mox
1005 2003 1062 2035 pro
1094 1994 1182 2027 οὐδὲν
1198 1996 1330 2029 κωλύειν

267 2042 339 2085 γάρ,
350 2045 397 2084 τῷ
415 2043 505 2083 μανῷ
536 2040 597 2073 οὐκ
612 2040 697 2073 ἔστιν
719 2040 752 2073 in
779 2041 970 2074 membrana
997 2041 1154 2083 Lipsiensi
1173 2042 1332 2084 reperitur

270 2090 360 2123 οὐδὲν
377 2088 511 2122 κωλύειν
524 2086 584 2129 γὰρ
593 2087 630 2120 τὸ
643 2087 741 2129 μανὸν
755 2087 814 2120 οὐκ
826 2088 923 2121 ἔστιν.
937 2090 1024 2121 Tum
1044 2097 1102 2130 pro
1124 2089 1162 2122 τὸ
1175 2089 1229 2132 μὲν
1250 2090 1332 2123 εἶναι

267 2135 397 2176 πυκνόν,
423 2135 477 2168 καὶ
498 2134 583 2168 τουτὶ
610 2135 644 2167 δι’
669 2135 736 2168 ἐστι
751 2135 847 2177 μανὸν
875 2135 961 2168 idem
980 2135 1051 2168 cod.
1071 2136 1203 2170 exhibet
1218 2138 1254 2170 τὸ
1275 2137 1331 2179 μὲν

268 2183 385 2216 πυκνὸν
406 2182 486 2215 εἶναι
502 2181 646 2223 (inverso
663 2181 788 2224 ordine)
803 2182 857 2215 καὶ
874 2182 959 2215 τοῦτ’
974 2183 1034 2222 ἤδη
1049 2183 1115 2216 ἐστὶ
1141 2184 1250 2224 μανόν.
1295 2187 1333 2217 111

269 2229 478 2272 sequentibus
490 2237 548 2270 pro
567 2227 654 2268 vulg.
674 2227 841 2268 ἀγέννητον
857 2228 955 2269 ἐστιν,
973 2229 1026 2262 καὶ
1041 2229 1095 2263 διὰ
1113 2232 1209 2263 τοῦτο
1226 2230 1331 2271 δοθείη

269 2279 399 2320 ἄπειρον
406 2276 495 2312 εἶναι,
502 2276 555 2308 καὶ
569 2275 645 2317 μηδὲ
661 2275 839 2318 ἐνδέχεσθαι
847 2275 968 2309 ibidem
978 2280 1085 2310 exstat
1092 2277 1241 2319 ἀγένητόν
1251 2278 1331 2317 ἐστι,

269 2325 323 2358 καὶ
337 2323 390 2358 διὰ
401 2327 493 2357 τοῦτο
506 2323 633 2365 ἄπειρον
645 2322 748 2362 δοθείη
759 2323 851 2364 εἶναι,
873 2323 926 2356 καὶ
941 2325 984 2367 μὴ
997 2325 1186 2367 ἐνδέχεσθαι.
1210 2326 1332 2358 Praete·

273 2380 328 2405 rea
342 2379 402 2414 pro
413 2370 466 2404 διὰ
480 2372 572 2403 τοῦτο
583 2369 637 2402 καὶ
654 2369 685 2402 ἐν
700 2370 803 2412 τούτῳ
819 2370 881 2411 ἤδη
896 2372 1162 2414 προσαγορευτέον
1178 2372 1259 2406 cod.
1279 2372 1333 2405 ille

273 2417 325 2450 διὰ
339 2418 369 2450 τί
384 2418 438 2450 καὶ
452 2418 485 2450 ἓν
505 2420 597 2450 τοῦτο
619 2417 680 2457 ἤδη
697 2419 975 2461 προσαγορευτέον.
1020 2419 1168 2460 Denique
1191 2426 1250 2461 pro
1263 2423 1331 2456 πῶς

272 2464 333 2508 γὰρ
344 2466 383 2498 ἂν
395 2465 433 2498 τὸ
445 2465 570 2507 ἄπειρον
577 2465 652 2498 ὅσον
661 2464 724 2506 ᾖτὸ
734 2466 825 2499 κενὸν
839 2466 882 2508 μὴ
895 2465 967 2499 ὅλον
979 2466 1017 2500 ἂν
1029 2466 1096 2499 οἷόν
1108 2477 1142 2499 τε
1156 2466 1234 2499 εἶναι
1245 2466 1331 2500 idem

274 2510 398 2551 praebet
411 2515 480 2548 πῶς
490 2510 551 2554 γὰρ
563 2510 585 2552 ἦ
601 2510 638 2544 τὸ
658 2511 784 2554 ἄπειρον
802 2511 877 2545 ὅσον
905 2511 927 2553 ἦ
945 2513 981 2546 τὸ
999 2514 1043 2555 μή
1065 2513 1137 2546 ὅλον
1156 2512 1195 2545 ἂν
1211 2512 1328 2546 οίονται

274 2557 365 2591 εἶναι.
410 2557 495 2597 Quid
525 2557 559 2590 in
578 2557 767 2591 universum
789 2558 839 2592 bis
863 2559 972 2593 verbis
995 2560 1191 2601 significetur
1217 2563 1332 2602 sponte

276 2605 387 2645 patero
412 2604 572 2646 existimo,
587 2604 662 2638 licet
679 2605 854 2639 admodum
871 2606 937 2640 sint
964 2611 1127 2650 corrupta.
1170 2608 1331 2642 Nimirum

275 2650 407 2683 Melisso
423 2652 590 2692 statuenti,
607 2659 664 2684 ens
679 2651 812 2694 plenum
827 2662 866 2686 ac
885 2653 1024 2687 solidum
1038 2663 1107 2689 esse
1122 2664 1228 2697 neque
1250 2655 1330 2688 den-

275 2699 371 2732 sitate
391 2706 429 2731 sc
442 2698 572 2731 raritate
588 2699 748 2732 variatum
768 2700 822 2742 (cr.
847 2701 961 2744 fragm.
979 2702 1010 2745 5)
1033 2703 1126 2745 plura
1142 2707 1331 2744 argumenta

275 2744 428 2787 opposuit
447 2744 643 2778 Aristoteles.
688 2746 818 2788 singula
842 2751 952 2782 antem
970 2749 1017 2782 sic
1033 2751 1159 2792 corrigo
1181 2763 1189 2783 ε
1209 2751 1278 2784 Ἔτι
1297 2752 1330 2784 ἓν

275 2791 310 2824 ὃν
327 2791 414 2825 οὐδὲν
428 2791 545 2824 ἄτοπον
559 2793 586 2825 εἰ
603 2793 646 2832 μὴ
661 2794 762 2836 πάντῃ
775 2795 883 2838 ὅμοιόν
896 2797 991 2830 ἐστιν.
1025 2799 1064 2831 Εἰ
1079 2798 1138 2842 γάρ
1148 2799 1234 2832 ἐστιν
1246 2800 1331 2844 ὕδωρ

275 2839 360 2871 ἅπαν
375 2839 396 2879 ἢ
406 2841 468 2882 πῦρ
482 2840 502 2878 ἢ
515 2838 576 2879 ὅ,τι
587 2839 626 2879 δὴ
643 2839 718 2873 ἄλλο
725 2845 875 2880 τοιοῦτον,
890 2844 978 2877 οὐδὲν
989 2846 1103 2878 κωλύει
1118 2845 1217 2879 πλείω
1232 2846 1330 2879 εἰπεῖν

274 2890 330 2920 τοῦ
339 2886 427 2924 ὄντος
437 2885 515 2925 ἑνός,
528 2887 555 2919 εἰ
571 2886 609 2926 δὴ
621 2887 669 2919 δεῖ
680 2888 812 2922 ἕκαστον
827 2890 936 2932 ὅμοιον
953 2892 1030 2925 αὐτὸ
1045 2894 1147 2935 ἑαυτῷ
1164 2894 1256 2927 εἶναι.
1282 2895 1331 2927 Οὐ

274 2934 335 2977 γὰρ
351 2934 389 2967 τὸ
409 2933 465 2976 μὲν
479 2934 588 2975 μανόν,
609 2934 646 2966 τὸ
661 2934 695 2967 δὲ
714 2937 831 2970 πυκνὸν
850 2938 942 2980 εἶναι,
966 2940 1010 2980 μὴ
1027 2939 1113 2978 ὄντος
1136 2942 1167 2973 ἐν
1182 2945 1229 2984 τῷ
1243 2945 1332 2984 μανῷ

274 2985 376 3015 κενοῦ.
419 2981 518 3015 Οὐδὲν
530 2981 564 3014 δὲ
576 2982 688 3015 κωλύει
700 2986 747 3025 τῷ
764 2988 852 3027 μανῷ
865 2986 976 3019 ἐνεῖναι
989 2988 1020 3020 ἓν
1033 2999 1097 3020 τισι
1114 2989 1220 3031 μέρεσι
1235 2991 1330 3032 χωρὶς

275 3029 520 3072 ἀποκεκριμένον
533 3029 571 3062 τὸ
588 3028 779 3071 κενόν,ὥστε
795 3036 851 3065 τοῦ
864 3034 939 3067 ὅλου
951 3035 988 3068 τὸ
999 3035 1054 3077 μὲν
1068 3038 1184 3070 πυκνὸν
1201 3038 1330 3072 εἶναιτὸ

276 3075 309 3108 δὲ
321 3076 430 3117 μανόν,
442 3076 480 3109 τὸ
495 3079 557 3109 πᾶν
567 3076 669 3115 οὕτως
682 3078 773 3120 ἔχον·
789 3079 855 3112 ἀλλ’
877 3081 992 3123 ὁμοίως
1007 3084 1088 3115 ἅπαν
1101 3085 1212 3127 πλῆρες
1229 3086 1276 3127 ὄν,
1296 3088 1332 3120 τὸ

277 3122 374 3162 μανὸν
390 3121 450 3164 οὐχ
463 3122 556 3162 ἦττον
574 3123 686 3164 πλῆρές
703 3125 771 3159 ἐστι
790 3129 846 3159 τοῦ
859 3131 992 3162 πυκνοῦ.
1010 3131 1048 3162 El
1073 3130 1105 3163 δὲ
1117 3132 1171 3164 καὶ
1184 3132 1332 3173 ἀγένητόν

276 3171 356 3210 ἐστι,
371 3173 439 3206 πῶς
451 3170 489 3202 ἂν
502 3170 554 3203 διὰ
568 3174 661 3205 τοῦτο
673 3171 799 3216 ἄπειρον
812 3173 916 3214 δοθείη
925 3177 1017 3217 εἶναι,
1032 3177 1085 3210 καὶ
1100 3178 1143 3220 μὴ
1154 3179 1331 3222 ἐνδέχεσθαι

276 3218 352 3249 ἄλλο
360 3217 415 3250 καὶ
426 3217 501 3250 ἀλλο
513 3217 638 3261 ἄπειρον
647 3220 730 3253 εἶναι
741 3230 752 3260 ;
766 3220 818 3253 διὰ
835 3221 866 3254 τί
876 3223 929 3255 καὶ
939 3223 971 3255 ἓν
983 3227 1076 3257 τοῦτο
1089 3226 1149 3264 ἤδη
1167 3238 1328 3276 προσαγο-

278 3264 400 3307 ρευτίον
415 3264 469 3298 καὶ
482 3264 608 3308 ἄπειρον
619 3276 628 3306 ;
641 3271 709 3304 πῶς
726 3268 786 3309 γὰρ
808 3269 846 3301 ἂν
861 3269 899 3302 τὸ
916 3270 1043 3314 ἄπειρον
1061 3273 1109 3311 εἴη
1122 3273 1196 3306 ὅσον
1210 3275 1245 3307 τὸ
1262 3275 1332 3308 ὅλον

278 3313 315 3344 ἂν
328 3310 445 3345 οῐονται
464 3312 565 3355 εἶναι,
584 3314 663 3346 Haec
684 3314 728 3346 ita
748 3315 997 3357 interpretamur
1015 3332 1022 3351 :
1043 3331 1061 3348 ιι
1079 3322 1238 3353 Praeterea
1252 3323 1332 3355 nilril

280 3359 410 3392 absurdi
425 3362 491 3400 est,
513 3360 552 3401 si,
569 3370 671 3403 quum
689 3371 789 3396 uuum
805 3364 860 3405 sil,
883 3374 947 3397 non
968 3365 1088 3408 ubique
1106 3367 1210 3401 simile
1221 3369 1330 3403 suerit.

280 3405 313 3437 Si
327 3406 413 3439 enim
423 3406 558 3448 sitaqua
575 3408 761 3442 universum
777 3409 829 3443 vel
845 3411 928 3453 ignis
942 3412 992 3445 vel
1010 3413 1227 3456 quodcunque
1243 3415 1331 3448 aliud

283 3454 358 3494 tale,
370 3453 450 3487 nibil
464 3456 563 3496 vetat,
576 3454 655 3498 quin
671 3456 763 3498 plura
779 3457 956 3501 (variaque)
974 3460 1044 3502 ejus
1065 3462 1152 3503 quod
1170 3472 1271 3496 unum
1291 3465 1333 3498 sit

282 3498 428 3533 membra
453 3510 523 3535 esse
546 3501 706 3545 dicamus,
735 3504 893 3546 siquidem
925 3509 1050 3549 oportet
1079 3511 1334 3554 unumquodque

1095 245 1430 287 ARISTOTELIS
1461 245 1612 284 LIBER

1395 332 1489 371 ἅπαν
1510 334 1641 386 πλῆρες
1659 332 1711 379 ὅν,
1728 331 1767 372 τὸ
1785 332 1894 384 μανὸν
1919 334 1984 386 οὐχ
2002 327 2106 381 ἧττον
2133 332 2266 387 πλῆρές
2285 335 2359 374 ἐστι
2385 337 2447 374 τοῦ

1395 393 1541 430 πυκνοῦ.
1601 392 1646 430 Εἰ
1666 390 1702 430 δὲ
1727 391 1790 430 καὶ
1812 392 1978 445 ἀγένητόν
2002 394 2097 440 ἐστι,
2117 395 2192 439 πῶς
2215 391 2257 432 ἂν
2278 392 2335 432 διὰ
2354 395 2459 434 τοῦτο

1395 451 1538 503 ἄπειρον
1555 449 1671 499 δοθείη
1688 445 1792 499 εἶναι,
1806 450 1867 490 καὶ
1883 451 1934 504 μὴ
1952 452 2153 505 ἐνδέχεσθαι
2178 452 2265 492 ἄλλο
2284 452 2345 491 καὶ
2366 452 2457 492 ἄλλο

1396 510 1538 563 ἄπειρον
1554 502 1664 559 sivetu
1682 509 1740 548 διὰ
1754 509 1789 549 τί
1805 510 1866 550 καὶ
1885 510 1922 550 ἓν
1941 514 2042 550 τοῦτο
2062 512 2131 560 ἤδη
2157 510 2458 565 προσαγορευτίον
2481 525 2521 552 ια
2569 550 2571 552 .

1396 568 1457 608 καὶ
1472 567 1618 622 ἄπειρον
1637 583 1649 618 3
1665 570 1739 613 πῶς
1754 568 1822 623 γὰρ
1835 568 1875 608 ἂν
1886 569 1928 609 τὸ
1943 569 2087 623 ἄπειρον
2101 569 2155 619 εἴη
2172 569 2252 610 ὅσον
2266 571 2307 611 τὸ
2319 569 2400 610 ὅλον
2415 571 2457 610 ἂν

1398 628 1530 666 οἴονται
1560 620 1669 677 εἶναις
1703 628 1867 676 ἀκίνητον
1890 629 1920 668 δ’
1948 624 2039 669 εἶναί
2058 646 2181 684 φησιν,
2212 633 2243 670 εἶ
2277 630 2376 671 κενὸν
2405 629 2457 682 μή

1397 689 1509 727 ἐστιν·
1542 686 1685 726 ἅπαντα
1711 687 1781 742 γὰρ
1811 692 1982 728 κινεῖσθαι
2021 693 2072 742 τῷ
2107 691 2294 730 ἀλλάττειν
2324 690 2450 732 τόπον.

1398 749 1545 800 Πρῶτον
1568 747 1633 798 μὲν
1651 742 1710 787 οὗν
1727 751 1830 787 τοῦτο
1848 749 1991 793 πολλοῖς
2013 750 2051 787 οὗ
2065 751 2242 796 συνδοκεῖ,
2266 751 2345 788 ἀλλ’
2369 743 2460 789 εἷναί

1392 899 1440 932 sui
1470 900 1577 932 simile
1606 909 1676 933 esse
1697 900 1896 934 membrum.
1943 901 2093 941 Namque
2128 909 2191 933 non
2219 901 2307 934 aliud
2326 907 2460 943 nrum,

1392 946 1479 979 aliud
1499 947 1636 981 densum
1659 956 1730 980 esse
1752 947 1811 987 (ait
1831 948 1998 989 Melissus)
2015 957 2117 989 quum
2146 948 2179 981 in
2202 957 2276 982 raro
2301 957 2367 983 non
2385 949 2463 984 insit

1394 1002 1545 1027 vacuum.
1591 996 1631 1027 At
1652 995 1731 1027 nihil
1763 994 1911 1036 impedit,
1941 995 2117 1036 quominus
2141 994 2174 1027 iu
2194 1004 2269 1028 raro
2286 996 2464 1037 separatim

1379 1041 1533 1082 ⁶positum
1548 1041 1744 1083 quibusdam
1759 1042 1791 1074 in
1816 1042 1964 1083 partibus
1981 1050 2122 1074 vacuum
2145 1041 2232 1083 insit,
2249 1043 2295 1076 ilo
2310 1045 2348 1076 ut
2360 1044 2467 1078 totins

1392 1089 1479 1121 aliud
1501 1088 1684 1122 membrum
1698 1090 1740 1122 sit
1751 1089 1906 1129 densum,
1918 1089 2006 1121 alind
2021 1098 2143 1130 rarum,
2161 1090 2315 1130 quoniam
2329 1090 2466 1126 univer-

1392 1134 1520 1167 sumita
1527 1144 1563 1167 se
1576 1134 1674 1167 habet
1689 1135 1761 1168 :sed
1770 1136 1795 1167 si
1810 1135 1997 1168 universum
2006 1134 2057 1176 (ut
2066 1135 2137 1168 vult
2144 1136 2305 1178 Melissus)
2313 1137 2464 1172 similiter

1393 1181 1523 1222 plenum
1540 1186 1600 1222 cst,
1620 1192 1730 1215 rarum
1752 1192 1816 1215 non
1838 1183 1945 1215 minus
1970 1183 2102 1224 plenum
2125 1185 2175 1217 est
2191 1193 2291 1226 quam
2304 1185 2457 1222 densum.

1392 1228 1425 1261 Si
1438 1237 1514 1261 vero
1527 1229 1623 1262 etiam
1637 1239 1702 1263 non
1716 1230 1757 1263 sit
1768 1233 1896 1276 ortum,
1912 1230 2079 1272 quomodo
2099 1230 2172 1264 ideo
2189 1232 2385 1266 concedatur
2405 1234 2455 1267 in·

1393 1276 1522 1310 linitum
1540 1286 1621 1318 esse,
1638 1287 1744 1320 neque
1760 1278 1828 1311 lieri
1845 1287 1951 1320 posse.
1967 1280 2004 1312 ut
2016 1278 2104 1311 aliud
2118 1281 2219 1322 atque
2237 1280 2326 1313 aliud
2345 1281 2457 1315 inlini-

1393 1326 1464 1357 tum
1484 1325 1538 1358 sit.
1583 1327 1649 1359 Cur
1665 1330 1697 1358 et
1718 1335 1820 1359 unum
1841 1327 1902 1359 lioc
1916 1326 1986 1367 jam
2011 1326 2195 1360 vocandum
2215 1331 2248 1361 et
2261 1328 2428 1363 infinitum
2441 1331 2459 1364 Ρ
2513 1347 2517 1349 -
2576 1340 2581 1346 '

1393 1372 1564 1410 Quomodo
1577 1374 1664 1406 enim
1681 1374 1843 1407 infinitum
1863 1375 1992 1407 tantum
2005 1374 2067 1416 sit,
2089 1379 2251 1418 quanlnm
2268 1378 2374 1410 totum
2387 1386 2459 1412 esse

1395 1429 1488 1462 posse
1508 1421 1732 1455 arbitrantur?
1753 1435 1769 1451 ιο
1787 1422 1897 1455 Verba
1913 1422 2001 1455 οὐδὲν
2023 1424 2137 1456 κωλύει
2160 1423 2260 1456 πλείω
2281 1424 2379 1457 εἰπεῖν
2398 1428 2457 1459 τοῦ

1392 1468 1480 1507 ὄντος
1491 1469 1557 1507 ἑνὸς
1572 1470 1656 1502 male
1670 1471 1840 1502 vertuntur
1850 1479 1869 1502 a
1882 1470 2044 1503 Feliciano
2054 1480 2062 1503 :
2071 1471 2151 1504 nihil
2167 1472 2266 1512 vetat,
2276 1471 2354 1513 quin
2364 1473 2460 1514 plura

1394 1525 1493 1558 quam
1508 1526 1609 1549 unum
1619 1526 1675 1550 ens
1685 1527 1756 1550 esse
1766 1518 1931 1559 dicamus3
1950 1518 2011 1550 boc
2027 1518 2113 1551 enim
2126 1527 2230 1560 groece
2247 1522 2341 1552 sonat
2358 1519 2468 1554 πλείω

1393 1564 1491 1597 εἰπεῖν
1504 1565 1570 1603 ἐνὸς
1578 1564 1677 1603 ὄντος.
1723 1565 1786 1598 Sed
1797 1565 1929 1598 fortasse
1937 1566 1970 1598 in
1982 1575 2042 1598 suo
2051 1566 2229 1608 exemplari
2245 1566 2289 1599 ita
2301 1567 2466 1610 scriptum

1392 1611 1583 1646 offenderat.
1628 1614 1800 1646 structura
1817 1614 1855 1646 τὸ
1873 1615 1937 1646 πᾶν
1952 1613 2051 1651 οὕτως
2067 1613 2141 1655 ἔχον
2161 1613 2240 1647 nihil
2255 1613 2353 1648 habel
2369 1614 2458 1649 inso-

1393 1660 1541 1701 lens,sed
1553 1670 1656 1702 quum
1667 1660 1754 1694 idem
1763 1661 1867 1694 valeat
1882 1660 1971 1703 quod
1987 1661 2024 1693 τὸ
2037 1663 2100 1694 πᾶν
2111 1664 2253 1694 τοιοῦτον
2267 1660 2316 1704 ὃν,
2331 1662 2466 1696 absolu-

1394 1711 1425 1742 te
1439 1709 1580 1750 ponitur,
1591 1711 1627 1742 ut
1639 1709 1673 1742 in
1685 1709 1742 1742 illo
1756 1708 1845 1750 quod
1861 1708 2004 1742 annectit
2019 1708 2158 1750 scriptor
2169 1708 2272 1743 inciso
2283 1709 2381 1744 verba
2390 1710 2465 1744 ἀλλ’

1392 1756 1509 1798 ὁμοίως
1524 1755 1608 1789 ἅπαν
1623 1757 1736 1799 πλῆρες
1751 1755 1799 1788 ὅν.
1815 1758 1916 1788 Porro
1929 1755 1984 1788 illa
1992 1755 2047 1788 καὶ
2061 1755 2105 1797 μὴ
2123 1754 2302 1798 ἐνδέχεσθαι
2315 1755 2392 1789 ἄλλο
2404 1758 2466 1790 καὶ

1392 1803 1468 1836 ἄλλο
1480 1803 1608 1846 ἄπειρον
1622 1804 1701 1837 εἶναι
1714 1802 1844 1836 abunde
1867 1803 2070 1847 explicantur
2085 1802 2294 1845 xenopbsnis
2307 1803 2456 1846 decreto,

1393 1852 1487 1892 quus
1513 1851 1609 1892 paulo
1634 1851 1783 1893 superius
1809 1851 1894 1884 t'acta
1915 1853 1963 1884 est
1989 1851 2122 1884 mentio.
2169 1851 2318 1894 Denique
2347 1852 2463 1887 ultima

1393 1898 1469 1932 ὅσον
1480 1899 1517 1932 τὸ
1531 1898 1602 1931 ὅλον
1615 1900 1653 1931 ἂν
1665 1898 1783 1932 οἴονται
1801 1898 1879 1932 εἶναι
1893 1899 1939 1931 ita
1955 1898 2114 1937 converti,
2131 1899 2167 1932 ut
2182 1897 2220 1932 τὸ
2244 1899 2410 1938 δυνητικὸν
2420 1899 2462 1933 ἄν

1395 1955 1435 1979 eo
1466 1945 1682 1988 exprimerem
1701 1945 1862 1979 vocabulo
1891 1945 1980 1987 quod
2008 1945 2177 1978 infinitivis
2201 1944 2393 1987 adiunctum
2417 1947 2465 1981 ad

1394 2002 1510 2035 graecae
1531 1993 1700 2035 particulae
1711 1992 1778 2026 vim
1789 1992 2015 2026 declarandam
2034 2002 2137 2026 unum
2156 1993 2305 2027 omnium
2319 1994 2461 2029 maxime

1393 2041 1489 2074 valet.
1536 2041 1588 2074 cl.
1605 2040 1780 2073 Hermanni
1793 2040 1833 2074 de
1849 2040 1999 2083 particnl.
2017 2040 2055 2073 ἂν
2069 2039 2125 2074 lib.
2141 2041 2186 2074 1v
2196 2049 2268 2084 cap.
2289 2045 2308 2075 2
2323 2041 2464 2086 (opusc.

1436 2146 1467 2178 p.
1485 2138 1559 2170 976.
1576 2136 1607 2169 b.
1631 2138 1681 2168 12.
1707 2135 1865 2174 Ἀκίνητον
1890 2134 1918 2168 δ’
1938 2135 2018 2168 εἶναι
2035 2135 2129 2178 φησὶν
2143 2135 2170 2168 εἰ
2185 2135 2276 2169 κενὸν
2289 2137 2333 2179 μή
2361 2136 2459 2171 ἔστιν.

1390 2185 1531 2218 'Arm-:02
1541 2184 1601 2226 γὰρ
1614 2184 1767 2215 κινεῖσθαι
1779 2186 1827 2224 τῷ
1842 2182 2003 2216 ἀλλάττειν
2021 2183 2131 2216 τόπον.
2176 2184 2309 2226 Πρῶτον
2329 2184 2386 2226 μὲν
2402 2183 2463 2218 οὖν

1390 2235 1483 2264 τοῦτο
1494 2232 1620 2268 πολλοῖς
1635 2231 1672 2263 οὐ
1682 2231 1839 2270 συνδοκεῖ,
1860 2230 2024 2263 ἀλλ’-εἶναί
2044 2242 2075 2263 τι
2089 2230 2193 2270 κενόν,
2210 2231 2248 2264 οὺ
2266 2231 2371 2272 μέντοι
2381 2235 2461 2266 τοῦ·

1391 2279 1427 2312 τό
1446 2280 1482 2318 γε’
1505 2290 1535 2312 τι
1552 2282 1648 2320 σῶμα
1676 2278 1769 2319 εἶναι,
1791 2277 1860 2311 ἀλλ’
1873 2277 1940 2311 οἷον
1959 2278 2012 2310 καὶ
2039 2279 2057 2311 ὁ
2069 2278 2216 2316 Ἠσίοδος
2231 2279 2265 2312 έν
2279 2283 2319 2321 τῇ
2338 2281 2466 2323 γενέσει

1392 2331 1518 2370 πρῶτον
1533 2327 1570 2359 τὸ
1584 2326 1662 2368 χάος
1676 2326 1752 2367 φησὶ
1767 2325 1924 2367 γενέσθαι,
1943 2326 1985 2363 ὡς
1999 2325 2033 2358 δὲ
2049 2325 2156 2368 χώραν
2171 2329 2297 2368 πρῶτον
2306 2326 2460 2370 ὑπάρχειν

1393 2378 1457 2412 τοῖς
1470 2373 1572 2407 οὖσιν.
1617 2376 1759 2406 τοιοῦτον
1780 2373 1857 2406 δέτι
1875 2373 1930 2406 καὶ
1950 2373 1988 2406 τὸ
2007 2372 2110 2414 κενόν,
2125 2373 2192 2406 οἶον
2209 2373 2336 2415 ἀγγεῖόν
2350 2385 2380 2407 τι
2396 2374 2463 2408 ἀνὰ

1392 2423 1487 2463 μέσον
1504 2422 1581 2454 εἶναι
1592 2424 1754 2462 ζητοῦμεν.
1800 2422 1848 2453 na
1861 2420 2032 2461 Bekkerus,
2044 2421 2098 2462 qui
2108 2420 2161 2454 hic
2169 2421 2238 2461 jam
2249 2429 2267 2454 e
2282 2421 2356 2455 cod.
2369 2422 2458 2465 Lips,

1392 2470 1419 2502 εἰ
1439 2469 1529 2502 κενὸν
1544 2469 1586 2511 μή
1599 2469 1679 2508 ἐστι,
1702 2467 1790 2510 quod
1802 2469 1835 2500 et
1852 2467 2032 2500 Felicianus
2051 2467 2225 2509 expressit,
2246 2477 2306 2510 pro
2325 2469 2465 2510 vulgato

1391 2519 1417 2550 ἐ.
1429 2529 1461 2549 κ.
1477 2517 1531 2557 μέν
1555 2517 1621 2549 ἐστι
1641 2515 1801 2557 restituit,
1821 2514 1937 2548 deiude
1951 2524 1994 2548 ex
2008 2515 2123 2549 eodem
2140 2514 2212 2548 cod.
2230 2517 2384 2550 κινεῖσθαι
2399 2525 2465 2559 pro

1390 2567 1522 2596 κινεῖται
1539 2562 1729 2604 depromsit,
1753 2562 1893 2604 denique
1905 2563 2000 2595 τοῦτό
2018 2563 2054 2604 γέ
2074 2573 2105 2596 τι
2125 2572 2183 2604 pro
2198 2562 2237 2596 τό
2252 2563 2291 2604 γε’
2304 2574 2334 2596 τι
2349 2564 2463 2606 vulga·

1391 2611 1450 2644 vit.
1495 2610 1558 2644 Sed
1582 2611 1625 2647 ὡς
1640 2610 1674 2643 δὲ
1701 2609 1808 2653 χώραν
1835 2609 1912 2642 t'erri
1937 2618 2003 2642 non
2023 2618 2118 2651 posse
2133 2610 2202 2652 jam
2223 2610 2459 2645 Fullebornius

1392 2658 1529 2699 viderat,
1542 2656 1630 2700 quod
1646 2656 1678 2689 in
1698 2657 1854 2698 Lipsiensi
1870 2656 1953 2690 libro
1966 2658 2086 2699 legitur
2101 2659 2145 2696 ὡς
2161 2658 2231 2691 δέον
2251 2657 2359 2701 χώραν
2372 2659 2458 2692 scri-

1391 2706 1536 2740 bendum
1550 2714 1619 2738 esse
1634 2705 1828 2746 suspicatus.
1853 2706 2016 2738 Praeterea
2027 2714 2141 2747 parum
2154 2706 2242 2739 recte
2253 2706 2348 2738 inane
2361 2706 2460 2748 quasi

1392 2754 1561 2786 vasculum
1589 2753 1754 2794 quoddam
1778 2762 1846 2786 esse
1875 2753 2063 2794 perhibetur
2070 2764 2081 2794 ;
2106 2752 2208 2785 immo
2240 2749 2463 2787 conveniebat}

1392 2802 1475 2834 illud
1502 2801 1597 2834 inane
1613 2809 1691 2833 cum
1719 2809 1759 2833 eo
1780 2799 1869 2842 quod
1884 2801 1918 2832 in
1938 2800 2078 2833 vasculis
2096 2799 2227 2833 videtur
2255 2808 2327 2834 esse
2350 2808 2457 2834 vacuo

1392 2848 1582 2891 comparari.
1627 2850 1740 2890 Neque
1763 2847 1826 2880 alio
1850 2847 2026 2880 utebantur
2046 2847 2198 2889 exemplo
2219 2847 2276 2888 qui
2291 2846 2456 2881 nihilesse

1392 2899 1486 2930 inane
1507 2895 1682 2930 docebant.
1728 2898 1837 2935 Quare
1854 2895 2009 2936 Bergkius
2021 2895 2229 2928 emendavit:
2247 2894 2315 2928 οῐον
2328 2894 2456 2938 ἀγγεῖόν

1390 2956 1420 2977 τι
1442 2943 1503 2977 ἀνὰ
1524 2944 1620 2985 μέσον
1644 2942 1748 2983 κενόν,
1778 2942 1856 2975 εἶναι
1890 2944 2053 2983 ζητοῦμεν.
2098 2943 2253 2974 Extrema
2283 2940 2381 2983 igitur
2408 2941 2456 2975 sic

1391 2991 1625 3024 conformanda
1642 3005 1650 3024 :
1666 2991 1732 3023 ἀλλ’
1759 2990 1825 3023 οἷον
1844 2990 1898 3022 καὶ
1915 2990 1933 3022 ὁ
1954 2989 2099 3027 Ἡσίοδος
2122 2989 2154 3022 ἐν
2171 2992 2211 3031 τῇ
2230 2990 2350 3031 γενέσει
2373 2992 2466 3032 πρῶ·

1391 3051 1444 3073 τον
1459 3040 1498 3073 τὸ
1518 3039 1596 3082 χάος
1621 3039 1696 3081 φησὶ
1713 3039 1876 3079 γενέσθαι,
1895 3039 1938 3075 ὡς
1951 3037 2020 3070 δέον
2038 3037 2145 3080 χώραν
2163 3041 2289 3081 πρῶτον
2306 3037 2459 3080 ὑπάρχειν

1393 3091 1458 3124 τοῖς
1475 3086 1576 3127 οὖσιν,
1590 3089 1731 3119 τοιοῦτον
1744 3086 1778 3119 δέ
1789 3097 1818 3118 τι
1831 3085 1885 3118 καὶ
1901 3085 1937 3117 τὸ
1950 3085 2052 3124 κενόν,
2064 3084 2131 3118 οἷον
2144 3083 2271 3127 ἀγγεῖόν
2283 3095 2315 3118 τι
2324 3084 2386 3118 ἀνὰ
2397 3084 2456 3126 με’·

1392 3146 1448 3167 σον
1461 3133 1565 3175 κενόν,
1582 3134 1833 3174 εἶναιζητοῦμεν.
1879 3132 1931 3165 Cf.
1956 3132 2089 3164 Aristot.
2110 3131 2209 3173 Phys.
2232 3131 2461 3172 Auscult.1v,
2519 3137 2523 3142 '
2590 3120 2592 3122 v

1394 3187 1412 3214 6
1425 3191 1433 3211 =
1453 3183 1507 3214 τὸν
1529 3181 1622 3214 αὐτὸν
1636 3181 1670 3213 δὲ
1682 3180 1795 3222 τρόπον
1809 3180 2003 3218 ὑποληπτέον
2016 3178 2099 3213 εἶναι
2116 3182 2174 3211 τοῦ
2188 3181 2322 3221 φυσικοῦ
2335 3179 2455 3221 θεωρῆ-

1393 3241 1447 3262 σαι
1470 3229 1524 3261 καὶ
1547 3229 1616 3271 περὶ
1630 3230 1735 3268 κενοῦ,
1757 3228 1784 3260 εἰ
1806 3227 1922 3266 ἔστινῆ
1942 3228 1998 3269 μή,
2015 3227 2069 3259 καὶ
2089 3230 2156 3264 πῶς
2170 3226 2257 3259 ἐστιν
2275 3226 2337 3266 ἣτί
2356 3225 2456 3267 ἐστιν,

1393 3277 1500 3318 ὥσπερ
1517 3276 1570 3308 καὶ
1586 3277 1655 3318 περὶ
1668 3274 1768 3308 τόπου
1778 3282 1786 3290 ·
1805 3275 1858 3307 καὶ
1879 3274 1939 3318 γὰρ
1957 3274 2178 3316 παραπλησίαν
2191 3274 2257 3316 ἔχει
2269 3275 2325 3312 τήν
2334 3284 2370 3305 τε
2380 3272 2461 3305 &m-

1392 3323 1482 3356 στίαν
1496 3324 1549 3356 καὶ
1560 3323 1616 3363 τὴν
1627 3323 1732 3355 πίστιν
1746 3321 1799 3354 διὰ
1806 3325 1869 3354 τῶν
1878 3322 2185 3363 ὑπολαμὸανομένων
2194 3330 2202 3337 ·
2210 3321 2276 3354 οἱον
2286 3319 2346 3362 γὰρ
2357 3319 2456 3352 τόπον

1391 3371 1461 3404 τινὰ
1475 3371 1528 3404 καὶ
1542 3371 1666 3412 ἀγγεῖον
1679 3371 1715 3403 τὸ
1728 3371 1818 3403 κενὸν
1834 3371 1971 3403 τιθέασιν
1989 3371 2018 3403 οἱ
2037 3370 2190 3411 λέγοντες,
2204 3369 2292 3402 δοκεῖ
2302 3368 2336 3401 δὲ
2343 3369 2460 3409 πλῆρες
2503 3408 2506 3412 v

1394 3418 1449 3461 μὲν
1462 3419 1551 3456 εἶναι,
1565 3419 1638 3451 ὅταν
1651 3418 1709 3460 ἔχῃ
1721 3418 1775 3450 τὸν
1788 3418 1882 3459 ὄγκον
1896 3418 1931 3450 οὗ
1942 3417 2085 3451 δεκτικόν
2099 3418 2195 3459 ἐστιν,
2209 3416 2283 3450 ὅταν
2293 3415 2327 3449 δὲ
2343 3425 2454 3458 στερη·

1393 3467 1443 3507 θῇ,
1460 3465 1561 3505 κενόν,
1577 3467 1620 3503 ὡς
1633 3465 1669 3498 τὸ
1683 3465 1759 3502 αὐτὸ
1777 3467 1832 3506 μὲν
1852 3465 1886 3498 ὃν
1903 3465 1992 3498 κενὸν
2011 3465 2064 3498 καὶ
2085 3466 2196 3507 πλῆρες
2215 3464 2270 3497 καὶ
2294 3462 2406 3503 τόπον,
2418 3462 2461 3495 τὸ

1391 3512 1419 3546 δ’
1443 3514 1639 3551 εἷναιαῦτοῖς
1662 3513 1700 3547 οὗ
1717 3513 1814 3546 ταύτὸ
1829 3513 1876 3546 ὅν.
1922 3513 2012 3547 Adde
2033 3513 2094 3546 sub
2114 3513 2212 3546 finem
2242 3510 2356 3554 capitis
2379 3521 2460 3553 μαρ·
