2612 3814
171 346 220 373 ³⁴.
242 330 367 376 Ἥλιος
383 330 451 383 γὰρ
465 331 530 382 οὐχ
544 327 782 382 ὗπερῧήσεται
799 327 912 380 μέτρα
923 358 933 378 ,
949 326 1058 380 φησὶν,
1071 328 1090 364 ὁ
1107 324 1222 378 Ἡρά-

253 392 408 438 κλειτος,
426 389 456 427 εἷ
481 387 517 427 δὲ
545 387 614 440 μή,
634 386 810 440 Ἐριννύες
829 402 887 437 μιν
916 385 1026 432 Δίκης
1047 383 1223 437 ἐπίκουροι

67 499 69 501 ¹
249 447 502 501 ἐξευρήσουσιν.

43 501 78 565 {s
305 506 551 560 (Plutarchus
567 505 615 544 de
630 504 779 543 Exsilio
798 517 881 556 cap.
901 519 915 542 1
927 519 961 551 1,
977 504 1057 543 vol.
1077 503 1111 541 X
1132 515 1220 555 pag.

188 570 197 585 ⁶
252 568 344 615 377.
376 565 436 604 Id.
460 565 508 603 de
535 564 630 604 Isid.
654 572 692 602 et
718 563 820 603 Osir.
843 577 877 601 c.
910 564 976 610 48,
1003 563 1085 602 vol.
1107 561 1161 600 IX
1180 576 1220 614 p.

255 639 328 674 170
347 623 500 664 ιἭλιον
526 623 560 661 δὲ
583 621 632 672 μὴ
652 621 912 675 ὓπερὸήσεσθαι
930 621 1008 666 τοὺς
1029 621 1224 675 προσήκον-

251 699 314 727 τας
331 684 430 736 ὄρους
447 698 456 707 ·
479 684 508 721 εἷ
529 681 564 721 δὲ
586 681 658 733 μή,
676 681 837 733 γλώττας
861 696 919 731 μιν
943 680 1052 728 Δίκης
1081 679 1223 719 ἐπικού-

251 758 328 795 ρους
342 740 631 794 ἐξευρήσειν,111)ἰ
643 754 718 793 pro
731 738 888 791 γλώττας
896 753 981 778 cum
992 740 1224 778 Buttmanno

247 802 324 851 leg.
347 799 506 843 Λύσσας.
525 799 640 839 Conf.
661 799 758 837 plat.
779 797 926 849 Cratyl.
945 812 983 849 p.
1006 799 1114 848 412.)

170 873 222 900 85.
253 859 410 898 Βελτίων
425 857 454 896 δ’
475 856 703 909 Ἡράκλειτος
716 854 777 894 καὶ
798 855 1070 907 ὁμηρικώτερος,
1096 853 1224 904 ὁμοίως

251 917 329 956 ἀντὶ
344 920 405 955 τοῦ
421 917 588 969 ἀρκτικοῧ
605 914 668 963 τὴν
687 914 814 966 ἄρκτον
835 912 1027 964 ὀνομάζων·
1044 914 1152 960 «ἠοῦς
1163 912 1223 951 καὶ

248 976 396 1052 ἑξπέρης
411 976 570 1027 τέρματα
587 977 609 1022 ἡ
633 974 770 1027 ἄρκτος,
798 972 860 1012 καὶ
875 972 992 1011 ἀντίον
1013 974 1075 1019 τῆς
1093 972 1222 1025 ἄρκτου

362 1036 396 1072 α’
444 1035 472 1072 ὀ
541 1033 571 1072 ιό
593 1063 601 1072 .
626 1051 642 1068 ³³

250 1037 463 1144 Ουῖοξῑνιειθὶξί)
475 1037 554 1133 ffi-
573 1050 600 1132 ςΙ
620 1105 709 1144 pag.
736 1092 757 1129 3
781 1090 844 1131 ed.
879 1088 1045 1128 Casaub.
1063 1111 1114 1118 —
1137 1089 1223 1127 Sto-

246 1153 355 1192 baeus
386 1152 520 1202 Eclog.
554 1152 675 1203 Phys.
705 1149 777 1188 lib.
807 1149 825 1187 1
858 1163 898 1201 p.
941 1150 1016 1195 264
1051 1148 1172 1202 (tom.
1206 1149 1222 1187 l

247 1225 287 1264 p.
305 1226 369 1263 97.
387 1211 447 1249 ed.
470 1210 618 1261 Gaisf.)
635 1209 683 1247 de
704 1221 845 1258 magno
864 1207 1054 1262 Heracliti
1081 1220 1183 1245 anno
1211 1222 1218 1245 :

249 1270 478 1323 Ἡράκλειτος
509 1270 548 1308 ἐκ
585 1268 718 1321 μυρίων
753 1267 1026 1319 ὀκτακισχιλίων
1059 1269 1223 1305 ἐνιαυτῶν

247 1330 418 1378 ἡλιακῶν.
436 1328 556 1367 Addit
571 1341 666 1367 vero
676 1327 848 1400 Διογένης
859 1328 878 1365 ὁ
895 1325 1051 1369 Στωικὸς
1067 1327 1106 1363 ἐκ
1120 1325 1223 1365 πέντε

247 1388 308 1427 καὶ
327 1386 496 1435 ἑξήκοντα
522 1402 583 1425 και
602 1385 811 1439 τριακοσίων
833 1385 1001 1424 ἐνιαυτῶν
1023 1383 1220 1432 τοσούτων,

249 1441 370 1491 ὅσος’
346 1463 388 1494 ην
409 1448 427 1484 ὁ
441 1446 520 1485 καθ’
538 1443 804 1517 Ἡράκλειτον’
789 1442 957 1488 ενιαυτός.
967 1441 978 1494 )

166 1519 214 1546 ae.
243 1504 496 1577 Ἡράκλειτος..
502 1503 567 1554 μὲν
599 1518 671 1542 ουν·
692 1521 709 1537 κ
737 1504 784 1543 Εἰ
804 1501 854 1553 μὴ
872 1499 992 1550 ἥλιος,
1012 1499 1134 1554 φησίν,
1154 1516 1218 1549 ην,

249 1563 397 1617 εὐφρόνη
416 1562 457 1601 ἂν
474 1566 531 1610 ἠν.
554 1580 570 1597 w

303 1622 560 1673 (Plutarchus
577 1634 687 1672 aquae
702 1629 739 1659 et
758 1620 862 1670 ignis
876 1633 1004 1671 comp.
1026 1633 1061 1658 c.
1086 1632 1124 1666 7,
1140 1619 1221 1657 vol.

247 1679 341 1718 Xlll
362 1694 403 1732 p.
423 1681 513 1720 128.
532 1678 591 1719 Id.
609 1680 656 1718 de
679 1678 847 1717 Fortuna
861 1693 901 1731 p.
925 1679 976 1729 98
999 1693 1007 1716 :
1025 1677 1086 1717 καὶ
1105 1676 1224 1729 ὥσπερ

247 1738 348 1787 ἡλίου
376 1738 425 1789 μὴ
441 1737 537 1783 ὄντος
557 1737 658 1778 ἕνεκα
675 1739 744 1776 τῶν
762 1737 879 1776 ἄλλων
896 1737 1035 1789 ἄστρων
1054 1736 1223 1789 εὐφρόνην

249 1797 290 1835 ἂν
315 1797 466 1850 ἤγομεν,
493 1795 541 1842 ὥς
559 1811 664 1850 φησιν
685 1794 929 1848 Ἡράκλειτος.
959 1796 1019 1835 ld.
1042 1795 1090 1834 de
1115 1796 1221 1834 Plac.

247 1856 348 1909 phil.
378 1856 433 1905 ll,
456 1857 506 1895 28
537 1871 546 1894 ι
578 1853 806 1910 Ἡράκλειτος
831 1855 871 1894 τὸ
903 1854 989 1895 αὐτὸ
1016 1855 1223 1894 πεπονθέναι

249 1915 306 1954 τὸν
326 1917 424 1964 ἥλιον
444 1915 505 1955 καὶ
524 1915 589 1963 τὴν
616 1914 777 1962 σελήνην·
801 1915 1017 1968 σκαφοειδεῖς
1036 1913 1104 1968 γὰρ
1121 1913 1223 1958 ὄντας

207 2005 209 2009 4
247 1975 319 2019 τοῖς
347 1974 510 2028 σχήμασι
536 1974 616 2019 τοὺς
649 1975 818 2027 ἀστέρας,
854 1972 1063 2027 δεχομένους
1095 1972 1223 2018 δὲτὰς

250 2034 321 2073 ἀπὸ
350 2037 414 2082 τῆς
442 2037 549 2087 ὑγρᾶς
580 2034 846 2085 ἀναθυμιάσεως
874 2033 982 2086 αὐγὰς
1017 2034 1226 2087 φωτίζεσθαι

248 2093 335 2146 πρὸς
357 2093 420 2141 τὴν
445 2093 653 2149 φαντασίαν·
682 2092 926 2146 λαμπρότερον
948 2092 1011 2143 μὲν
1034 2091 1092 2131 τὸν
1112 2093 1225 2141 ἥλιον·

250 2157 284 2194 ἐν
300 2154 538 2209 καθαρωτέρῳ
561 2153 630 2208 γὰρ
653 2152 708 2192 ἀεὶ
729 2168 770 2206 φε
756 2152 907 2206 ἔρεσθαι·
931 2152 1034 2200 τὴν
1017 2152 1053 2191 οὲ
1075 2151 1225 2199 σελήνην

250 2215 285 2252 ἐν
293 2213 540 2274 θολερωτέρῳ,
561 2212 619 2252 διὰ
636 2215 739 2252 τοῦτο
752 2212 812 2251 καὶ
833 2211 1076 2265 ἀμαυροτέραν
1096 2211 1226 2264 φαίνε-

249 2278 343 2313 σθαι.
365 2274 425 2312 Cf.
444 2273 516 2312 lib.
540 2272 605 2320 11,
634 2286 679 2320 17
702 2280 740 2318 et
757 2270 934 2310 Stobaeus
955 2270 1034 2311 Ecl.
1056 2271 1175 2322 Phys.
1193 2270 1225 2321 1,

249 2347 289 2385 p.
312 2333 404 2372 510.
418 2333 428 2385 )

42 2406 66 2419 ‘³
109 2421 111 2423 -
170 2406 219 2433 37.
251 2393 324 2433 Καὶ
340 2390 570 2444 Ἡράκλειτος
585 2390 625 2430 τὸ
639 2389 794 2436 ἀντίξουν
810 2389 1002 2444 συμφέρον,
1023 2389 1082 2429 καὶ
1100 2390 1140 2428 ἐκ
1156 2391 1224 2427 τῶν

22 2447 29 2455 ⁴
253 2450 486 2505 διαφερόντων
508 2450 701 2498 καλλίστην
718 2450 906 2503 ἁρμονίαν,
925 2450 986 2488 καὶ
1005 2448 1120 2487 πάντα
1142 2449 1221 2486 κατ’

254 2510 272 2549 ἔ
295 2525 324 2548 ιν
369 2509 511 2550 ίνεσθαι.

274 2527 291 2564 ρ
309 2526 562 2621 (Kristoteles
614 2568 740 2607 Ethic.
786 2567 1010 2607 Nicomach.
1046 2566 1134 2605 Vlll
1149 2595 1159 2613 ‚
1203 2581 1224 2604 2

250 2642 291 2680 p.
328 2629 426 2666 1155
457 2627 484 2666 b
514 2628 575 2667 ed.
601 2628 718 2667 Bekk.
752 2627 865 2666 Conf.
897 2626 1130 2665 Plutarchus
1165 2625 1212 2664 de

252 2687 351 2728 Isid.
370 2696 407 2726 et
422 2687 525 2726 Osir.
546 2700 633 2739 cap.
656 2689 722 2734 48,
746 2687 826 2726 vol.
851 2686 903 2724 IX
917 2701 958 2739 p.
988 2687 1061 2737 169
1080 2699 1089 2726 :
1113 2683 1228 2736 Ἡρά-

251 2748 386 2791 κλειτος
408 2745 470 2798 μὲν
484 2745 551 2799 γὰρ
573 2746 732 2798 ἄντικρυς
746 2745 900 2795 πόλεμον
914 2746 1076 2797 ὀνομάζει
1090 2747 1225 2799 πατέρα

247 2805 314 2843 ’καὶ
349 2804 497 2857 βασιλέα
531 2804 591 2844 καὶ
625 2804 742 2857 κύριον
772 2804 933 2853 πάντων,
974 2805 1034 2843 καὶ
1067 2805 1124 2843 τὸν
1163 2804 1226 2856 μὲν

214 2939 266 2970 34.
288 2937 341 2970 Sol
361 2937 446 2970 enim
458 2960 468 2977 ,
486 2936 590 2977 inquit
610 2936 812 2975 Heraclitus,
833 2935 913 2969 {ines
939 2944 1016 2968 suos
1038 2944 1101 2967 nou
1120 2937 1227 2967 trans·

173 2997 333 3039 gredietur
349 3006 357 3029 :
374 2996 402 3029 si
413 2996 607 3038 peccaverit,
625 2995 730 3028 Furiae
744 3004 819 3028 eum
831 2997 850 3028 J
855 2995 975 3028 ustitiae
986 2994 1161 3036 adjutrices
1181 2994 1228 3026 in-

173 3057 314 3090 venient.

216 3118 269 3148 35.
293 3115 404 3148 Melior
422 3123 499 3147 vero
516 3115 628 3147 auctor
645 3114 828 3147 Heraclitus
848 3118 945 3156 atque
965 3114 997 3145 in
1017 3113 1079 3146 hoc
1095 3112 1230 3145 Homeri

177 3175 323 3216 similior,
345 3174 475 3216 perinde
495 3177 532 3207 ut
549 3174 603 3207 ille
623 3183 681 3216 pro
708 3174 830 3207 circulo
852 3173 1094 3216 septentrionali
1121 3181 1229 3205 ursam

178 3233 288 3266 dic-ens
311 3243 320 3266 ε
345 3246 361 3262 α
382 3233 514 3266 orientis
535 3236 567 3266 et
586 3233 763 3266 occidentis
789 3233 882 3265 limes
903 3241 980 3265 ursa
1003 3234 1076 3272 est,
1095 3233 1195 3272 atque
1212 3239 1230 3263 e

178 3292 305 3333 regione
322 3300 406 3324 ursae
424 3291 525 3325 sereni
543 3291 636 3325 Jovis
650 3292 819 3325 terminus.
837 3304 852 3319 ιι

923 222 1206 279 flsnAcmTi
1237 235 1572 276 FRAGMENTA.

2268 248 2345 283 319

1369 321 1552 375 ”Ομηρον,
1574 321 1764 375 εὐχόμενον
1785 322 1825 362 ἔκ
1845 339 1884 362 τε
1903 325 2028 363 θεῶν’
2010 341 2080 378 εριν
2098 327 2138 365 ἔκ
2157 329 2188 366 τ’
2212 330 2346 382 ἀνθρώ-

1370 396 1446 420 πων
1468 380 1677 428 ἀπολεσθαι,
1697 381 1879 420 λανθάνειν
1908 385 1992 436 φησὶ
2014 387 2057 436 τῇ
2078 385 2220 424 πάντων
2247 388 2326 438 γενέ
2328 410 2344 418 ·

1370 454 1424 477 σει
1454 438 1726 491 καταρώμενον,
1750 442 1789 478 ἐκ
1809 439 1928 492 μάχης
1953 441 2012 479 καὶ
2033 443 2258 488 ἀντιπαθείας
2280 447 2342 491 τὴν

1368 497 1502 548 γένεσιν
1532 498 1695 550 ἐχόντων.
1712 499 1973 551 Simplicius
1961 513 2003 537 1n
2023 501 2184 540 Aristot.
2213 503 2293 543 Cat.
2314 506 2339 542 f.

1375 563 1444 603 104
1467 556 1494 595 b
1517 571 1526 594 τ
1549 556 1603 596 διὸ
1621 558 1682 597 καὶ
1700 556 1878 612 μέμφεται
1896 561 1948 613 τῷ
1975 558 2128 613 Ὁμήρῳ
2149 560 2340 613 Ἡράκλει-

1371 632 1428 662 τος
1448 616 1579 656 εἰπόντι
1600 616 1661 663 Ὡς
1692 617 1761 673 ἔρις
1790 617 1830 657 ἔκ
1850 635 1888 657 τε
1911 622 1996 658 θεῶν
2029 619 2069 658 ἔκ
2087 620 2121 658 τ’
2150 621 2341 674 ἀνθρώπων

1371 677 1550 716 ἀπόλοιτο·
1582 677 1788 730 οἰχήσεσθαι
1815 678 1883 730 γάρ
1910 694 1996 732 φησι
2018 679 2148 719 πάντα.
2179 681 2343 720 Procius

1369 735 1584 777 Comment.
1607 738 1650 776 in
1675 737 1778 775 lim.
1803 752 1842 790 p.
1871 738 1919 783 54
1958 752 1980 777 a
2017 740 2086 791 (p.
2133 745 2204 784 124
2247 741 2342 779 edit.

1369 795 1552 835 Schneid.
1567 795 1607 849 ):
1630 812 1691 835 και
1712 798 1742 835 εἷ
1762 799 1780 835 ὁ
1800 803 1954 848 γενναῖος
1967 797 2125 850 εΗράκλ.
2144 800 2191 844 εἷς
2212 800 2344 861 ταύτην

1370 855 1503 894 ἀπιδὼν
1525 854 1637 907 ἔλεγε,
1655 855 1808 907 πόλεμος
1834 855 1953 909 πατὴρ
1973 859 2135 906 πάντων,
2161 858 2232 897 ουδ’
2245 861 2343 903 ουτος

1369 913 1506 957 ἀτόπως
1519 913 1575 953 ἕλε
1561 930 1633 967 ε.γε
1646 914 1776 953 Schol.
1788 915 1886 955 Ven.
1899 915 2013 956 Iliad.
2031 916 2096 965 IV,
2116 923 2166 963 4:
2188 918 2345 970 ἀπρεπές

1373 988 1478 1025 φασιν
1501 975 1530 1012 εἷ
1551 975 1669 1025 τέρπει
1687 973 1766 1018 τους
1786 973 1881 1019 θεους
1898 975 2063 1026 πολέμων
2084 948 2158 1016 θέα.
2180 976 2257 1015 ἀλλ’
2281 978 2344 1015 οὐκ

1369 1031 1536 1083 ἀπρεπές·
1567 1032 1612 1070 τὰ
1633 1031 1700 1085 γὰρ
1725 1038 1866 1084 γενναῖα
1888 1033 1973 1086 ἔργα
2006 1034 2139 1087 τέρπει·
2164 1034 2281 1081 ἄλλως
2304 1052 2342 1075 τε

1371 1090 1518 1140 πόλεμοι
1542 1091 1600 1129 καὶ
1622 1090 1737 1143 μάχαι
1757 1094 1842 1141 ἡμῖν
1876 1092 1972 1131 δεινὰ
1994 1094 2112 1144 δοκεῖ,
2134 1095 2184 1146 τῷ
2209 1093 2245 1133 δὲ
2275 1097 2343 1146 θεῷ

1369 1150 1446 1188 οὐδὲ
1478 1153 1590 1187 ταῦτα
1628 1150 1737 1188 δεινά·
1765 1153 1922 1190 συντελεῖ
1958 1152 2026 1205 γὰρ
2048 1152 2190 1192 ἅπαντα
2225 1156 2243 1191 ὁ
2271 1153 2345 1197 θεὸς

1367 1209 1452 1259 πρὸς
1480 1208 1651 1261 ἁρμονίαν
1683 1211 1753 1247 τῶν
1790 1209 1908 1248 ἄλλων
1945 1209 1967 1257 ἢ
2006 1210 2066 1249 καὶ
2104 1210 2194 1251 ὅλων
2213 1214 2346 1251 οἰκονο-

1369 1269 1445 1317 μῶν
1464 1267 1509 1306 τὰ
1531 1268 1768 1320 συμφέροντα,
1788 1267 1875 1321 ὅπερ
1895 1269 1954 1307 καὶ
1982 1268 2211 1322 εΗροίκλειτος
2231 1271 2341 1323 λέγει,

1369 1328 1415 1367 ὡς
1434 1327 1484 1378 τῷ
1505 1325 1567 1376 μὲν
1592 1328 1659 1379 θεῷ
1678 1326 1771 1365 καλὰ
1787 1326 1905 1365 πάντα
1932 1325 1992 1364 καὶ
2011 1327 2145 1375 δίκαια,
2169 1327 2345 1380 ἄνθρωποι

1369 1384 1404 1422 δὲ
1433 1383 1455 1423 ἃ
1486 1385 1549 1436 μὲν
1571 1385 1674 1424 ἄδικα
1706 1386 1943 1440 ὑπειλήφασι,
1973 1385 1995 1424 ἃ
2016 1386 2052 1425 δὲ
2073 1386 2206 1428 δίκαια.
2232 1388 2344 1426 Plato

1367 1443 1533 1483 C'onviv.
1555 1458 1643 1497 pag.
1667 1446 1740 1494 187
1757 1445 1794 1485 A
1817 1460 1825 1483 ε
1842 1444 1961 1499 ὥσπερ
1974 1445 2057 1490 ἴσως
2074 1446 2134 1484 καὶ
2154 1439 2343 1499 Ἡράκλει-

1363 1519 1420 1547 τος
1444 1504 1607 1557 βούλεται
1626 1503 1756 1557 λέγειν,
1779 1505 1856 1544 ἐπεὶ
1874 1510 1948 1549 τοῖς
1963 1521 2003 1557 γε
2031 1504 2184 1558 ῥήμασιν
2207 1509 2246 1544 οὗ
2274 1522 2340 1544 κα-

1371 1564 1441 1606 λῶς
1467 1562 1576 1614 λέγει.
1612 1563 1665 1603 Τὸ
1698 1562 1733 1602 ἓν
1768 1563 1837 1617 γάρ
1865 1579 1951 1618 φησι
1979 1564 2229 1618 διαφερόμενον
2260 1565 2345 1604 αὐτὸ

1368 1625 1464 1675 αὑτῷ
1490 1621 1745 1676 ξυμφέρεσθαι,
1765 1621 1884 1676 ὥσπερ
1907 1623 2075 1675 ἁρμονίαν
2102 1623 2204 1670 τόξου
2224 1640 2261 1663 τε
2280 1626 2342 1664 καὶ

1366 1682 1512 1737 λύρας.)

1285 1755 1335 1783 38.
1376 1740 1591 1785 Παλίντονος
1608 1739 1677 1793 γὰρ
1697 1740 1848 1795 ἁρμονίη
1881 1741 2034 1793 κόσμου,
2053 1742 2216 1796 ὅκωσπερ
2237 1742 2346 1795 λύρης

1369 1799 1430 1840 καὶ
1450 1798 1549 1845 τόξου
1569 1799 1647 1839 καθ’
1662 1799 1913 1852 *Ηράκλειτοι

1424 1859 1683 1910 (Plutarchus
1703 1860 1751 1898 de
1770 1860 2026 1899 lsid.etOsi1·.
2053 1874 2138 1911 cap.
2171 1860 2238 1908 45,
2259 1861 2342 1901 vol.

1369 1918 1422 1956 IX
1442 1932 1532 1970 pag.
1559 1919 1646 1958 166.
1664 1918 1770 1957 Idem
1796 1919 1843 1958 de
1859 1920 1999 1966 animae
2020 1933 2067 1971 pl
2070 1933 2137 1958 oci
2139 1928 2213 1960 eat.
2233 1932 2254 1959 e
2273 1919 2346 1957 Ti-

1369 1991 1465 2016 maeo
1485 1991 1570 2030 cap.
1594 1992 1660 2026 27,
1685 1979 1764 2016 vol.
1797 1978 1889 2017 Xlll
1905 1993 1945 2031 p.
1970 1979 2087 2029 319:
2111 1977 2346 2030 Ἡράκλειτος

1369 2036 1405 2075 δὲ
1422 2067 1432 2084 ,
1456 2036 1732 2090 παλίντροπον“
1715 2037 1887 2090 αρμονίην
1907 2036 2066 2089 κόσμου,
2087 2053 2249 2090 οκωσπερ
2278 2037 2342 2076 λύ-

1373 2112 1433 2149 ρης
1454 2097 1514 2135 καὶ
1528 2096 1648 2145 τόξου,
1668 2096 1738 2135 ubi
1755 2097 1825 2135 alii
1854 2095 2062 2135 παλίντονον
2097 2096 2270 2148 ἁρμονίην
2293 2097 2346 2135 le·

1370 2166 1479 2206 gunt.
1502 2156 1559 2194 De
1578 2156 1651 2194 hac
1669 2157 1860 2195 sententia
1876 2157 1930 2195 ita
1948 2156 2177 2208 Simplicius
2188 2156 2230 2194 in
2252 2156 2345 2198 Ari-

1372 2223 1461 2255 stot.
1483 2214 1604 2266 Phys.
1620 2214 1647 2253 s.
1670 2229 1685 2252 1
1698 2229 1712 2252 1
1741 2229 1749 2252 :
1767 2216 1812 2258 ὡς
1830 2212 2060 2268 Ἡράκλειτος
2079 2214 2118 2253 τὸ
2138 2213 2266 2266 ἀγαθὸν
2285 2214 2346 2253 καὶ

1368 2274 1408 2313 τὸ
1425 2273 1533 2312 κακὸν
1556 2275 1601 2316 εἷς
1610 2273 1737 2312 ταύτὸν
1750 2272 1861 2325 λέγων
1878 2273 2031 2312 συνιέναι
2050 2272 2149 2320 δίκην
2167 2272 2266 2319 τόξου
2284 2273 2345 2312 καὶ

1367 2332 1490 2385 λύρας,
1507 2331 1542 2377 ὃς
1560 2332 1620 2371 καὶ
1654 2332 1764 2370 ἐδόκει
1803 2331 1896 2370 θέσιν
1926 2332 2038 2382 λέγειν
2074 2331 2132 2371 διὰ
2165 2332 2204 2371 τὸ
2234 2331 2346 2377 οὕτως

1371 2390 1573 2444 ἀδιορίστως
1596 2390 1721 2444 φάναι,
1738 2391 1950 2430 ἐνεδείκνυτο
1966 2390 2080 2438 δὲτὴν
2098 2391 2132 2429 ἐν
2152 2393 2196 2442 τῇ
2213 2391 2347 2443 γενέσει
2375 2424 2377 2426 ,

1369 2449 1571 2504 ἐναρμόνιον
1593 2449 1685 2500 μῖξιν
1725 2452 1794 2488 τῶν
1829 2450 2009 2491 ἐναντίων.
2046 2450 2107 2490 Cf.
2146 2450 2343 2502 Porphyr-

1369 2511 1417 2548 de
1435 2510 1546 2550 Antr.
1565 2509 1735 2560 Nymph.
1755 2522 1793 2561 p.
1810 2510 1885 2547 268
1903 2510 1967 2549 ed.
1983 2508 2189 2559 Cantabr.)

1289 2583 1335 2609 39.
1367 2561 1445 2608 Εἶθ’
1460 2567 1537 2615 ἑξῆς
1621 2566 1707 2620 φησὶ
1727 2567 1815 2607 θεῖόν
1848 2583 1925 2606 τινα
1946 2567 2100 2619 πόλεμον
2130 2567 2345 2607 αἰνίττεσθαι

1370 2626 1448 2672 τοὺς
1487 2626 1678 2676 παλαιούς,
1705 2626 1937 2679 Ἡράκλειτον
1977 2625 2040 2678 μὲν
2075 2625 2224 2678 λέγοντα
2264 2620 2346 2665 ὧδε·

1371 2706 1386 2722 «
1409 2687 1550 2727 Εἰδέναι
1575 2685 1645 2741 χρὴ
1672 2686 1730 2726 τὸν
1751 2687 1905 2738 πόλεμον
1927 2687 2028 2726 ἐόντα
2045 2686 2142 2733 ξυνὸν
2162 2688 2222 2726 καὶ
2245 2686 2343 2735 δίκην

1370 2747 1440 2800 ἔριν
1469 2747 1531 2786 καὶ
1559 2746 1724 2800 γινόμενα
1757 2747 1874 2786 πάντα
1909 2746 1987 2786 κατ’
2012 2746 2082 2800 ἔριν
2110 2748 2172 2786 καὶ
2206 2746 2344 2801 φθειρό-

1371 2821 1471 2855 μενα.
1495 2822 1511 2840 »

1292 2936 1501 2968 dissimilibus
1518 2935 1769 2977 pulcherrimum
1786 2938 1982 2970 concentum
2001 2936 2154 2970 exsistere
2177 2939 2209 2969 et
2225 2945 2264 2969 ex
2284 2936 2347 2970 dis-

1292 2995 1401 3028 cordia
1420 2996 1507 3029 nasci
1524 2995 1634 3047 pmnia
1651 2997 1779 3029 statuit.

1334 3057 1386 3088 38.
1409 3057 1490 3088 Nam
1507 3054 1672 3087 mutabilis
1691 3054 1869 3088 concentus
1886 3056 1924 3087 ut
1937 3053 2060 3094 mundi,
2081 3054 2127 3086 ita
2148 3053 2227 3095 lyrae
2240 3055 2273 3087 et
2291 3063 2345 3087 ar-

1292 3122 1349 3147 cus
1360 3139 1371 3156 ,
1394 3114 1571 3147 secuudum
1596 3115 1796 3148 Heraclitum
1815 3113 1914 3147 modo
1928 3113 2167 3147 contentionem
2183 3113 2281 3146 modo
2298 3123 2346 3146 re·

1291 3173 1475 3206 missionem
1503 3173 1687 3209 admIttens.

1340 3236 1390 3265 39.
1412 3233 1535 3266 Deinde
1551 3233 1701 3274 deinceps
1792 3233 1836 3266 ait
1858 3232 2004 3265 divinum
2035 3232 2198 3273 quoddam
2227 3231 2344 3264 bellum

1292 3290 1470 3331 significare
1495 3291 1662 3333 antiquos,
1697 3290 1897 3324 Heraclitum
1927 3289 2059 3332 quidem
2088 3290 2134 3322 sic
2153 3289 2312 3321 dicentem
2334 3301 2343 3321 ε

222 3354 273 3383 36.
296 3349 588 3391 Heraclitusigitur
607 3362 615 3382 ι
636 3362 652 3378 «ι
669 3350 736 3383 Nisi
753 3350 813 3391 sol,
831 3349 948 3391 inquit,
963 3350 1060 3387 esset,
1078 3350 1231 3390 perpetua
1294 3359 1311 3375 α
1329 3348 1504 3381 Sciendum
1531 3351 1581 3382 est
1609 3349 1731 3382 bellum
1757 3357 1929 3382 commune
1960 3357 2029 3381 esse
2056 3352 2088 3381 et
2107 3347 2249 3381 Justitiae
2273 3347 2344 3379 loco

38 3439 42 3441 .
178 3417 241 3442 nox
267 3409 357 3441 foret.
373 3420 391 3437 ι

15 3470 28 3500 {1
221 3469 274 3501 37.
297 3469 336 3500 Et
355 3467 534 3500 Heraclitus
556 3467 749 3501 contrarium
771 3467 858 3500 idem
881 3466 960 3499 utile
979 3467 1078 3507 atque
1100 3475 1117 3498 e
1136 3465 1231 3498 rebus

1292 3406 1493 3441 Discordiam
1513 3409 1685 3450 omniaque
1717 3408 1895 3442 Discordiae
1920 3409 1988 3449 lege
2012 3408 2097 3440 nasci
2126 3410 2223 3448 atque
2245 3407 2343 3439 inter·

1292 3475 1349 3499 lre.
1367 3480 1382 3495 ›·
