2612 3814
281 299 356 334 826

957 338 966 348 ·
1033 286 1315 327 HERACLlTl
1346 281 1686 324 FRAGMENTA.

360 379 467 419 ὕπνου
480 378 640 431 λέγουσι,
657 377 702 417 τὰ
719 376 809 416 αὐτὰ
821 375 891 430 χρὴ
911 375 971 415 καὶ
990 374 1070 429 περὶ
1088 373 1236 414 θανάτου
1253 372 1285 412 ἐπ
1277 389 1331 419 ,α-

361 439 494 479 κούειν·
526 438 690 492 ἑκάτερος
718 436 787 490 γὰρ
815 436 914 486 δηλοῖ
943 434 1008 482 τὴν
1037 434 1234 475 ἀπόστασιν
1272 435 1334 479 τῆς

359 501 500 555 ψυχης,
523 501 541 538 ὁ
561 497 624 550 μὲν
657 497 791 549 μᾶλλον
806 499 824 535 ὀ
841 495 877 535 δὲ
908 489 1037 542 ἧττον·
1058 492 1143 547 ὅπερ
1176 492 1249 532 ἐστὶ
1274 491 1334 530 καὶ

360 558 440 612 περὶ
471 558 566 609 (leg.
598 556 717 609 παρὰ)
741 553 974 628 Ἡρακλείτου
994 553 1117 593 λαὸεῖν
1139 552 1236 606 (leg.
1261 566 1333 602 μα·

363 616 473 668 θεῖν)
493 614 695 668 Ἀνθρωπος
714 615 748 653 ἐν
765 613 913 667 εὐφρόνῃ
936 611 1038 664 κτλ.)

281 690 328 717 70.
358 669 472 719 Οὗτος
492 675 555 723 τὴν
570 673 682 722 οἴησιν
699 672 796 727 ἱερὰν
812 671 911 712 νόσον
925 672 1038 722 ἔλεγε.

287 1753 334 1780 78.

291 1989 337 2016 79.

327 1476 337 1486 .
362 1437 476 1488 ’Ἦθος
490 1443 558 1497 γὰρ
575 1443 789 1497 ἀνθρώπειον
801 1442 864 1494 μὲν
886 1443 949 1481 οὐκ
965 1441 1039 1496 ἔχει
1066 1438 1230 1492 γνώμας,
1251 1446 1341 1480 θεῖον

419 734 654 787 (Hesychius
681 732 857 771 Milesius
879 745 919 769 v.
951 729 1193 782 Ἡράκλειτος.
1220 727 1336 765 Nolui

365 793 494 832 ionice
509 793 587 846 ἱρὴν
608 795 729 830 νοῦσον
747 803 907 843 ponere.
932 790 1014 828 Hoc
1032 787 1220 827 Heracliti
1241 786 1335 824 essa-

365 861 444 891 tum
470 853 636 891 intuitus
663 851 924 889 Philostiatus
943 849 1046 901 Opp.
1072 862 1110 900 p.
1133 848 1204 898 39¹
1241 846 1295 884 ait
1326 860 1335 884 :

366 910 594 964 Ἡράκλειτος
629 913 646 949 ὁ
677 908 820 963 φυσικὸς
848 908 974 960 ἄλογον
999 901 1088 946 εἶναι
1110 905 1203 945 κατὰ
1233 904 1335 957 φύσιν

364 970 472 1024 ἔφησε
492 970 549 1009 τὸν
581 969 780 1022 ἄνθρωπον·
800 969 830 1007 εἷ
857 967 892 1007 δὲ
918 970 1023 1006 τοῦτο
1043 965 1192 1015 ἀληθές,
1215 964 1336 1015 ὥσπερ

364 1028 490 1077 ἀληθές
507 1030 600 1067 ἐστιν
615 1058 625 1080 ,
642 1026 877 1080 ἐγκαλυπτέος
896 1026 1041 1071 ἕκαστος
1072 1028 1090 1064 ὁ
1120 1025 1280 1076 ματαίως
1300 1025 1335 1062 ἐν

364 1087 445 1141 δόξῃ
466 1087 663 1140 γενόμενος.
689 1087 898 1138 Pei-peram
929 1085 1125 1125 Heraclito
1148 1083 1339 1123 tribuitur

364 1149 556 1187 sententia
578 1147 681 1199 apud
697 1146 736 1187 S.
753 1146 967 1185 Maximum
989 1155 1018 1186 t.
1034 1145 1082 1184 ’Π
1097 1158 1137 1197 p.
1167 1144 1243 1194 557
1275 1142 1337 1182 ed.

363 1206 572 1247 Combesss.
589 1206 649 1246 z‘H
666 1205 824 1259 εὔκαιρος
835 1206 939 1259 χάρις
948 1206 1044 1258 λιμῷ
1056 1203 1218 1257 καθάπερ
1229 1200 1340 1256 τροφὴ
1367 1216 1369 1224 ·

365 1265 589 1320 ἁρμόττουσα
607 1264 671 1313 τὴν
688 1267 750 1313 τῆς
769 1266 884 1318 ψυχῆς
897 1263 1029 1303 ἔνδειαν
1044 1264 1153 1302 ἰᾶται·
1170 1271 1208 1301 et
1222 1262 1342 1300 altera

365 1339 407 1378 p.
437 1326 513 1370 646
550 1339 558 1363 ε
583 1323 868 1375 Συντομωτοὶτην
896 1323 974 1362 ὁδὸν
994 1325 1012 1362 ὃ
1032 1322 1134 1368 αὐτὸς
1151 1321 1270 1375 ἔλεγεν
1291 1324 1338 1366 εἷς
1368 1360 1370 1366 ,

366 1383 521 1429 εὐδοξίαν
538 1383 577 1423 τὸ
592 1384 752 1436 γενέσθαι
769 1382 913 1437 ἀγαθόν.
932 1381 942 1435 )

369 1503 440 1543 δὲ”
421 1521 435 1543 ε
465 1519 509 1542 ει.
585 1537 587 1540 4

426 1520 642 1613 (χΟι-ἱςεηοε
658 1570 792 1600 conti-a
815 1561 916 1601 Cels.
931 1560 982 1598 Vl
999 1574 1041 1633 p.
1064 1560 1174 1611 698:
1200 1559 1272 1599 Και
1290 1561 1345 1598 ἐν·
1369 1568 1371 1608 ξ

367 1619 437 1659 τίθε
424 1619 550 1671 εταίγε
570 1619 809 1674 Ἡρακλείτου
827 1619 975 1670 λέξεις,
969 1619 1051 1658 μίαν
1077 1620 1140 1671 μὲν
1161 1621 1196 1659 ἐν
1221 1614 1244 1673 ᾗ
1276 1635 1340 1673 φη·
1368 1610 1372 1639 ¹

369 1694 441 1718 σιν·
455 1673 568 1723 ’ἷΗθος
585 1680 692 1731 κτλ.)

365 1737 469 1791 Ἀνὴρ
483 1737 604 1785 νήπιος
626 1738 755 1786 ἤκουσε
773 1738 859 1792 πρὸς
875 1737 1038 1790 δαίμονος
1051 1768 1060 1784 ,
1074 1737 1239 1791 ὅκωσπερ
1255 1740 1341 1782 παῖς
1370 1772 1372 1791 γ,

367 1797 452 1851 πρὸς
473 1796 608 1851 ἀνδρός.
1369 1794 1372 1836 l

424 1856 633 1907 (Origenes
653 1864 788 1895 contra
814 1855 916 1896 Cels.
936 1856 987 1894 Vl
1008 1870 1047 1908 p.
1075 1857 1152 1907 698
1182 1870 1190 1893 :
1222 1854 1343 1909 ἑτέραν
1371 1894 1373 1903 ,

371 1914 427 1963 δέ,
449 1913 552 1968 Ἀνὴρ
571 1914 695 1963 νήπιος
714 1915 813 1965 κτλ.)
1371 1936 1373 1945 1

371 1973 467 2020 Βλὰξ
488 1973 665 2027 ἄνθρωπος
685 1974 742 2013 ἐπὶ
759 1973 865 2013 παντὶ
890 1973 984 2027 λόγῳ
1004 1975 1196 2020 ἐπτοῆσθαι
1214 1973 1340 2028 φιλέει.
1371 1998 1374 2030 γ

428 2033 681 2082 (Plutarchus
695 2033 743 2072 de
758 2033 965 2072 audiendis
975 2034 1102 2086 poetis
1117 2047 1200 2085 cap.
1216 2034 1253 2081 8,
1267 2034 1344 2072 vol.
1372 2036 1374 2045 '

372 2092 442 2130 Vll
462 2106 502 2144 p.
525 2093 615 2132 103.
628 2092 734 2130 Idem
748 2091 795 2130 de
807 2091 1021 2130 Auditione
1039 2105 1124 2166 cap.
1142 2091 1163 2130 5
1180 2105 1220 2143 p.
1242 2092 1313 2139 137
1334 2106 1343 2129 t

372 2150 445 2191 Και
460 2167 519 2190 τον
533 2151 763 2205 Ἡράκλειτον
778 2152 840 2190 οὐκ
853 2149 1057 2204 ἐλέγχουσιν
1070 2150 1235 2190 εἰπόντα·
1251 2150 1374 2196 Βλὰξ
1409 2167 1461 2196 83.

371 2212 549 2263 ἄνθρωπος
565 2212 644 2250 κτλ.
665 2209 740 2249 Uti
742 2224 843 2261 oque
862 2211 950 2250 loco
971 2211 1114 2262 legitur
1130 2211 1223 2265 φιλεῖ
1240 2210 1374 2263 quod

371 2279 519 2308 mutavi
534 2284 576 2309 in
596 2270 750 2324 φιλέει.)

292 2343 340 2369 so.
369 2327 509 2377 Δίκης
490 2344 601 2380 ονομα
620 2329 683 2368 οὐκ
702 2345 743 2367 αν
763 2327 917 2382 ᾔδεσαν,
933 2329 964 2367 εἷ
978 2331 1093 2367 ταῦτα
1110 2322 1200 2379 μὴτ
1176 2344 1235 2376 ην.

293 2577 340 2604 81.

428 2387 632 2441 (Clemens
651 2388 792 2427 Strom.
807 2387 870 2436 lV,
890 2389 911 2427 3
932 2401 972 2440 p.
991 2387 1099 2427 568:
1121 2386 1257 2440 Δικαίῳ
1276 2373 1374 2438 γὰρ

377 2447 414 2485 οὐ
431 2448 544 2486 κεῖται
565 2447 688 2498 νόμος,
706 2450 729 2495 ἡ
743 2447 860 2502 γραφή
876 2463 1003 2499 φησιν·
1020 2448 1138 2493 καλῶς
1155 2463 1212 2488 ουν
1231 2446 1375 2500 Ἥρα-1
1373 2450 1375 2469 ³

375 2507 530 2556 κλειτος,
551 2505 697 2554 Δίκης”
677 2522 806 2559 ονομα,
821 2506 945 2561 φησίν,
961 2508 1042 2547 κτλ.
1051 2507 1064 2559 )
1372 2515 1376 2557 ξ

370 2565 417 2604 Εἰ
438 2563 487 2616 μὴ
500 2564 568 2618 γὰρ
587 2564 745 2619 Διονύσῳ
764 2565 944 2617 πομπὴν’
928 2569 1111 2605 εποιοῧντο
1127 2565 1187 2606 καὶ
1215 2564 1342 2615 ὕμνεον
1373 2568 1375 2611 ξ

377 2628 476 2678 ἆσμα
499 2623 681 2676 αἰδοίοισι,
708 2625 944 2665 ἀναιδέστατα
962 2625 1004 2664 ἃν
1025 2624 1212 2679 εἴργαστο,
1239 2624 1345 2678 φησὶν
1373 2615 1376 2657 ἶ

1367 1409 1370 1418 .
1404 1394 1451 1421 82.

1408 2407 1458 2432 81.

1535 369 1739 423 (Clemens
1752 368 1915 407 Cohort.
1935 382 1970 409 c.
1991 368 2027 407 il
2040 382 2082 421 p.
2106 369 2170 408 30.
2192 368 2342 422 Scripsi
2357 370 2458 410 ἀναι·

1477 428 1629 468 δέστατα
1651 427 1694 466 ἂν
1715 426 1882 480 εἴργαστο
1890 443 1901 478 ;
1925 428 2047 479 vulgo
2075 428 2311 468 ἀναιδέστατα
2334 427 2459 483 εἴργα-

1477 503 1571 527 σται.
1590 487 1652 527 Cf.
1670 487 1905 527 Plutarchus
1931 487 1980 527 de
2003 488 2095 528 lsid.
2115 496 2153 526 et
2169 488 2272 527 Osir.
2288 502 2371 542 cap.
2386 490 2456 539 28,

1476 547 1557 586 vol.
1577 546 1631 585 lx
1650 561 1689 599 p.
1712 548 1819 598 ¹39·
1840 546 1912 587 Και
1928 562 2048 599 μεντοι
2063 546 2301 600 Ἡρακλείτου
2318 563 2380 587 του
2396 563 2459 624 φυ·

1478 610 1575 644 σικοῧ
1597 604 1757 658 λέγοντος
1774 603 1890 663 Ἀδης
1912 604 1974 644 καὶ
1998 604 2162 649 Διόνυσος
2179 599 2301 658 οὗτος,
2319 605 2378 646 ὅτι
2396 601 2458 647 ουν
2514 642 2518 650 ,

1480 665 1668 716 μαίνονται
1685 681 1748 704 και
1765 664 1993 718 ληραίνουσιν
2014 665 2238 718 ἶ183.ωὑτος
2254 665 2344 721 ὅτεῳ
2364 667 2459 720 μαί-

1477 739 1595 762 νονται
1612 723 1674 763 καὶ
1688 721 1894 773 ληναιζουσι
1907 722 1937 779 ].
1954 725 2064 764 Adde
2091 725 2212 764 alium
2246 725 2462 767 Clementis

1480 782 1610 821 locum
1634 796 1643 821 t
1671 782 1767 835 Πρὸς
1786 781 1823 821 δὲ
1852 785 1922 821 τῶν
1955 782 2072 822 ἄλλων
2100 782 2283 832 Ἑλλήνων
2300 782 2461 829 οὕστινας

1485 839 1583 893 μένει
1608 841 1891 889 τελευτήσαντας
1915 840 2010 881 ἅσσα
2028 841 2105 881 οὐδὲ
2123 842 2395 893 ἔλπονται,τίσι
2415 844 2462 893 δὴ

1484 900 1696 953 μαντεύεται
1716 900 1949 954 Ἡράκλειτος
1962 903 1981 940 ὁ
1997 901 2187 955 Ἐφέσιοςς
2206 902 2459 953 Νυκτιπόλοις,

1483 960 1609 1012 μάγοις
1623 991 1632 1009 ,
1657 961 1825 1014 βάκχοις,
1840 962 1966 1009 ληναῖς
1979 991 1988 1008 ,
2011 959 2180 1012 μύσταις·
2199 960 2337 1008 τούτοις
2355 965 2463 1002 ἀπει-

1477 1022 1533 1060 λεῖ
1556 1021 1601 1060 τὰ
1620 1019 1710 1072 μετὰ
1730 1021 1900 1067 θάνατον,
1931 1020 2070 1065 τούτοις
2090 1019 2302 1072 μαντεύεται
2316 1021 2357 1062 τὸ
2377 1027 2462 1076 π’ὗρ.

1481 1082 1675 1120 Praeterea
1708 1081 1963 1120 memoranda
1987 1081 2224 1132 exquisitior
2250 1082 2466 1135 explicatio

1486 1141 1599 1193 cujus
1614 1141 1847 1181 Plutarchus
1862 1142 1886 1180 l.
1900 1155 1933 1180 c.
1954 1141 2159 1180 meminit:
2178 1142 2226 1181 ot
2239 1140 2308 1196 γὰρ
2328 1140 2464 1188 ἀξιοῦν·

1481 1217 1537 1245 τες
1570 1201 1686 1258 ”ᾼδην
1722 1201 1886 1254 λέγεσθαι
1920 1217 1960 1241 το
1990 1204 2116 1254 σῶμα,
2148 1204 2212 1249 τῆς
2217 1202 2360 1274 ,ψυχης
2393 1196 2466 1242 οἷον

1482 1260 1777 1315 παραφρονούσης
1793 1261 1855 1301 καὶ
1874 1261 2102 1314 μεθυούσης
2087 1278 2122 1301 εν
2146 1262 2266 1316 αὐτῷ,
2285 1260 2466 1316 γλίσχρως

1488 1321 1759 1373 ἀλληγοροῦσιν.
1775 1321 1788 1372 )

1487 1378 1552 1424 Ίίς
1570 1379 1638 1434 γὰρ
1658 1381 1786 1429 αυτῶν,
1805 1379 1905 1433 φησί,
1923 1379 1999 1424 νόος
2017 1379 2041 1428 ἢ
2061 1379 2174 1434 ‹pp-1523

1487 1440 1674 1489 (Pi-oclus
1693 1440 1910 1478 Comment.
1930 1440 1973 1478 in
1992 1440 2089 1479 Plat.
2105 1438 2301 1478 Alcibiad.
2317 1452 2359 1492 p.
2387 1439 2467 1478 255

1483 1499 1546 1538 ed.
1562 1501 1742 1538 Creuzer.
1762 1513 1772 1539 ε
1789 1500 1896 1551 ὀρθῶς
1909 1492 1967 1538 οῧν
1989 1498 2050 1538 καὶ
2067 1501 2085 1538 ὃ
2101 1503 2258 1552 γενναῖος
2274 1497 2469 1552 Ἡράκλει-

1485 1574 1541 1602 τος
1562 1557 1836 1610 ἀποσκορακίζει
1857 1557 1898 1597 τὸ
1917 1558 2048 1605 πλῆθος
2061 1560 2106 1602 ὡς
2124 1557 2226 1597 ἄνουν
2246 1557 2307 1597 καὶ
2338 1556 2468 1610 ἀλόγι-

1486 1631 1582 1655 στον·
1599 1616 1665 1661 Τίς
1682 1617 1751 1670 γὰρ
1765 1617 1868 1665 κτλ.;
1891 1615 1944 1654 ὅτι
1964 1618 1995 1655 οἱ
2011 1615 2134 1655 πολλοὶ
2154 1614 2257 1655 κακοί
2268 1647 2278 1665 ,
2298 1615 2410 1668 ὀλίγοι
2431 1615 2469 1670 δὲ,

1490 1677 1625 1728 ἀγαθοί.
1646 1679 1771 1717 Ταῦτα
1794 1676 1856 1726 μὲν
1874 1675 2125 1728 <Ηριιῖκλειτος.
2143 1676 2274 1722 Quare
2292 1675 2395 1715 idem
2424 1677 2469 1716 in

1487 1735 1592 1777 Tim.
1613 1751 1652 1788 p.
1675 1738 1748 1774 106
1765 1736 1796 1774 E
1817 1737 1877 1788 (p.
1901 1736 1977 1774 252
1999 1735 2062 1776 ed.
2080 1735 2333 1787 Schneider.)
2355 1749 2364 1774 :
2387 1736 2467 1774 ἀλλ’

1488 1794 1719 1846 Ἡράκλειτος
1738 1796 1803 1847 μὲν
1826 1795 1949 1834 ἑαυτὸν
1968 1796 2085 1834 πάντα
2106 1794 2236 1834 εἰδέναι
2249 1794 2362 1847 λέγων
2379 1795 2470 1834 ποίν-

1488 1870 1550 1898 τας
1576 1853 1656 1899 τοὺς
1685 1854 1810 1900 ἄλλους
1837 1851 2123 1906 ἀνεπιστήμονας
2151 1859 2256 1893 ποιεῖ.
2278 1854 2466 1894 Caeterum
2496 1875 2504 1883 ·

1486 1913 1608 1952 verba
1628 1913 1677 1965 μὴ
1701 1916 1778 1967 εἰκῇ
1795 1915 1875 1966 περὶ
1894 1916 1964 1953 τῶν
1986 1913 2160 1965 μεγίστων
2185 1912 2466 1965 συμὸαλώμεθα,

1490 1991 1574 2028 quae
1608 1977 1801 2028 Diogenes
1829 1977 2010 2016 Laertius
2032 1976 2101 2025 IX,
2133 1979 2182 2027 73
2205 1977 2400 2017 Heraclito
2426 1990 2466 2016 a·

1490 2035 1652 2084 scribit,
1669 2036 1928 2088 posteriorem
1950 2044 2098 2074 aetatem
2119 2036 2317 2086 redolent,
2336 2049 2465 2090 neque

1489 2109 1563 2147 pro
1577 2095 1807 2134 Heracliteis
1822 2094 1959 2133 haberi
1979 2095 2183 2148 possunt.)

1496 2157 1675 2206 Ποταμοῖς
1698 2161 1769 2198 τοῖς
1790 2155 1907 2198 αὐτοῖς
1933 2153 2148 2206 ἐμὸαίνομέν
2175 2170 2214 2193 τε
2232 2154 2294 2194 καὶ
2315 2155 2377 2194 οὔκ
2398 2155 2467 2206 ἔμ-

1491 2213 1672 2264 ὅαίνομεν,
1694 2207 1791 2264 εἶμέν
1816 2228 1853 2251 τε
1871 2212 1932 2251 καὶ
1957 2214 2019 2252 οὐκ
2035 2207 2144 2263 εἶμεν.

1544 2272 1555 2327 (
1572 2273 1789 2311 Heraclitus
1806 2273 1930 2324 Alleg.
1953 2273 2068 2313 Hom.
2089 2286 2130 2325 p.
2152 2273 2199 2312 51
2218 2272 2282 2314 ed.
2304 2272 2467 2343 Mehler.

1490 2332 1746 2384 Conf.sup1a
1766 2332 1903 2383 fragm.
1926 2347 1972 2370 21
1992 2341 2030 2372 et
2048 2347 2112 2373 22.
2120 2331 2131 2385 )

1488 2391 1534 2432 Ὁ
1561 2391 1597 2430 δὲ
1618 2390 1884 2443 Ἡράκλειτος
1868 2408 1914 2436 ως
1935 2391 2026 2444 μέγα
2046 2407 2079 2430 τι
2108 2390 2169 2431 καὶ
2186 2391 2313 2444 σεμνὸν
2346 2391 2470 2432 διαπε-

1489 2450 1711 2503 πραγμένος,
1738 2450 2004 2503 Ἐδιζησάμην,
2035 2451 2158 2505 φησίν,
2186 2449 2375 2501 ἐμεωυτόν·
2407 2450 2468 2490 καὶ

1488 2512 1558 2550 τῶν
1592 2512 1628 2549 ἐν
1648 2511 1797 2562 Δελφοῖς
1822 2510 2046 2563 γραμμάτων
2077 2511 2254 2550 θειότατον
2287 2509 2401 2550 ἐδόκει
2427 2510 2470 2550 τὸ
2504 2535 2517 2548 ι

1488 2572 1605 2620 Γνῶθι
1622 2569 1765 2611 σαυτόν.

1546 2629 1801 2680 (Plutarchus
1824 2629 1914 2669 adv.
1941 2629 2067 2669 Colot.
2086 2643 2171 2682 cap.
2188 2643 2261 2678 20,
2276 2629 2358 2670 vol.
2379 2629 2466 2668 xlv

375 2684 618 2740 Ἡράκλειτος·
639 2687 748 2731 ωὑτὸς
770 2686 806 2726 δὲ
835 2683 950 2736 Ἀιδης
969 2704 1031 2728 και
1057 2687 1224 2732 Διόνυσος
1253 2689 1342 2740 δτεω
1374 2703 1377 2709 >

377 2746 561 2796 μαίνονται
573 2746 633 2784 καὶ
649 2743 863 2798 ληναΐζουσι.

1491 2701 1534 2740 p.
1562 2701 1650 2736 172.
1674 2687 1784 2726 Patet
1806 2700 1828 2725 e
1847 2687 2048 2726 Plutarchi
2076 2688 2341 2740 explicatione
2368 2688 2468 2727 illud

1489 2746 1707 2797 ἐδιζησάμην
1723 2746 1896 2797 ἐμεωυτὸν
1915 2746 1964 2785 ab
1978 2746 2148 2799 Ephesio
2167 2746 2405 2799 philosopho
2420 2747 2471 2786 de

1444 2861 1503 2910 Χ81.
1521 2875 1648 2909 Etenim
1664 2875 1725 2907 nisi
1739 2875 1880 2916 Dionyso
1901 2884 2053 2916 pompam
2073 2874 2276 2908 celebrarent
2293 2871 2466 2908 canerent—

1410 2945 1474 2977 que
1498 2944 1629 2967 carmen
1647 2934 1680 2966 in
1704 2933 1854 2976 pudenda
1874 2934 2056 2975 conditum,
2076 2933 2350 2975 impudentissimi
2374 2934 2406 2966 in
2422 2935 2464 2967 sa-

1409 2993 1468 3026 ctis
1478 2994 1599 3034 essent,
1616 2981 1722 3034 inqiut
1736 2992 1929 3025 Heraclitus.
1945 2992 2033 3024 idem
2051 3001 2128 3025 vero
2146 2994 2253 3026 Orcus
2272 3001 2311 3026 ac
2332 2993 2460 3036 Diony·

1408 3062 1463 3086 sus
1482 3052 1576 3093 cujus
1592 3060 1702 3084 amore
1719 3051 1831 3084 furunt
1843 3055 1876 3084 et
1893 3051 2104 3084 bacchantur.

1451 3116 1504 3146 82.
1541 3114 1625 3151 Qum
1654 3111 1755 3152 enim,
1780 3110 1899 3152 inquit,
1928 3119 2042 3144 eorum
2079 3119 2171 3144 mens
2199 3113 2256 3144 aut
2292 3112 2469 3154 prudentia

1407 3172 1478 3204 est?

1450 3232 1501 3263 83.
1526 3231 1563 3263 In
1584 3229 1716 3263 eosdem
1746 3228 1862 3261 fluvios
1893 3228 2122 3263 descendimus
2150 3239 2189 3263 ac
2209 3239 2276 3264 non
2298 3229 2466 3265 descendi·

1408 3298 1500 3330 mus3
1516 3298 1631 3322 sumus
1649 3297 1687 3322 ac
1704 3297 1771 3322 non
1788 3297 1914 3322 sumus.

1450 3351 1504 3382 84.
1539 3349 1725 3383 Heraclitus
1751 3358 1830 3382 vero
1863 3350 2020 3391 tanquam
2048 3359 2083 3383 re
2107 3359 2224 3392 magna
2248 3352 2281 3384 et
2309 3350 2465 3393 praeclara

1408 3409 1523 3448 gesta:
1544 3407 1700 3449 Quaesivi,
1720 3407 1842 3450 inquit,
1867 3417 1920 3441 me
1946 3408 2065 3450 ipsum.
2093 3411 2203 3451 Atque
2225 3410 2309 3443 inter
2333 3418 2372 3442 ea
2388 3419 2465 3451 qnae

1407 3465 1540 3508 Delphis
1566 3467 1687 3509 scripta
1715 3471 1790 3500 sunt
1811 3466 1953 3500 maxime
1979 3466 2128 3500 divinum
2154 3466 2235 3500 illud
2257 3467 2427 3500 videbatur
2451 3479 2462 3500 ε

1351 3559 1353 3561 ,
1409 3525 1512 3558 Nosce
1528 3526 1561 3559 te
1578 3525 1697 3567 ipsum.

297 2874 478 2908 exstinctus
490 2875 550 2907 est.
595 2875 700 2908 Vivus
718 2878 827 2909 autem
843 2876 1008 2910 dormiens
1031 2879 1197 2911 mortuum
1215 2877 1350 2923 necessi-

294 2933 408 2966 tudine
422 2933 469 2966 ita
489 2933 634 2975 attingit,
647 2936 685 2967 ut
701 2929 805 2968 caecus
826 2935 963 2976 vigilans
978 2936 1018 2969 ad
1036 2937 1226 2971 dormientis
1238 2938 1349 2970 simili·

294 2992 441 3026 tudinem
458 2992 593 3026 accedit.

337 3055 390 3086 76.
406 3052 467 3085 Hic
488 3053 691 3094 arrogantem
702 3052 742 3086 de
754 3061 788 3086 se
800 3053 1037 3095 persuasionem
1056 3063 1184 3088 sacrum
1198 3056 1348 3089 morbum

295 3110 487 3152 appellabat.

338 3171 390 3203 77.
412 3169 599 3202 Humanum
617 3169 704 3202 enim
727 3169 892 3211 ingenium
915 3179 978 3203 non
1000 3170 1098 3205 habet
1115 3170 1321 3212 prudentiam
1335 3197 1345 3214 ,

295 3225 441 3260 divinum
456 3235 533 3260 vero
552 3227 659 3260 habet.

337 3288 391 3319 78.
419 3287 524 3319 nomo
550 3286 670 3320 stultus
696 3295 715 3320 e
752 3286 814 3320 deo
843 3286 965 3329 aliquid
993 3287 1140 3328 audivit,
1166 3288 1206 3321 ut
1233 3297 1314 3330 puer
1331 3298 1349 3322 e

294 3345 378 3378 viro.
970 3380 974 3383 ,

338 3405 391 3437 79.
415 3405 521 3437 Homo
539 3402 689 3444 stupidus
702 3402 818 3444 quavis
831 3403 976 3437 oratione
994 3404 1076 3437 solet
1095 3405 1238 3447 percelli.

339 3464 391 3495 80.
414 3462 557 3495 Justitioe
580 3470 698 3494 nomen
722 3461 920 3504 ignorarent,
943 3461 1004 3495 nisi
1037 3463 1106 3496 haec
1122 3463 1279 3505 supplicia
1300 3473 1349 3498 es-

295 3521 378 3552 mt-
