2612 3814
1106 436 1399 476 PRAEFA‘rio.
2147 442 2189 490 iij

414 528 558 575 etiam
578 526 707 586 cavi,
731 542 791 573 ne
823 526 904 573 illa
937 525 1199 589 fragmenta
1231 541 1336 590 quae
1362 525 1479 572 alios
1516 525 1732 589 fugerant
1756 527 2184 591 praetermitterem.

414 608 596 656 Deinde
625 609 867 667 universa,
899 607 1063 672 quoad
1084 607 1185 670 ejus
1207 606 1309 654 fieri
1332 617 1535 672 poterat,
1564 608 1727 655 lucido
1749 609 1918 656 ordine
1942 609 2184 673 disposui,

344 750 350 757 ·
415 708 513 755 quo
536 691 719 738 facilius
745 690 929 754 singula
966 690 1356 753 intelligerentur.
1391 694 1542 737 Locos
1573 701 1827 755 corruptos
1854 700 1937 737 aut
1961 691 2190 737 consultis

413 774 695 821 melioribus
713 773 1102 820 membranarum
1121 772 1407 819 lectionibus
1421 774 1585 820 sanavi
1605 783 1682 820 aut
1700 783 1829 820 certa
1849 774 2189 820 emendatione

414 857 614 903 restitui.
640 856 732 904 Sed
753 865 806 902 ut
828 871 979 920 prope
996 855 1160 902 omnia
1188 855 1318 901 solus
1338 872 1525 918 agerem
1551 856 1600 902 in
1623 856 1918 919 quibusdam
1939 857 2186 920 scriptori·

412 938 520 999 bus,
544 939 849 1004 superiorum
875 938 1152 984 criticorum
1173 938 1356 984 incuria
1392 938 1569 985 sactum
1590 948 1660 984 est
1682 939 1765 1002 qui
1787 956 1908 1004 saepe
1930 949 2094 1004 aperta
2118 939 2190 986 vi-

415 1023 479 1070 tia
518 1032 601 1069 aut
635 1023 814 1068 intacta
845 1021 1136 1085 reliquerant
1167 1032 1251 1069 aut
1280 1022 1568 1085 conjecturis
1595 1023 1690 1069 suis
1725 1022 1786 1069 ab
1827 1023 1930 1085 ejus
1962 1039 2109 1086 quem
2141 1023 2190 1068 in

413 1105 634 1152 manibus
666 1104 909 1151 habebant
944 1104 1225 1169 philosophi
1250 1114 1409 1151 mente
1439 1105 1796 1152 aberraverant.
1830 1108 1994 1168 Neque
2030 1115 2189 1152 tamen

413 1203 627 1251 unquam
653 1186 858 1233 aliorum
884 1188 1179 1252 suspiciones
1210 1197 1256 1234 et
1280 1188 1471 1235 inventa
1491 1223 1503 1247 ,
1531 1188 1568 1234 si
1584 1187 1925 1252 probabilitate
1944 1204 2191 1234 commen·

411 1270 657 1329 darentur,
685 1270 952 1336 repudiavi.
984 1275 1149 1336 Itaque
1181 1271 1446 1334 fragmenta
1470 1281 1517 1318 et
1542 1271 1679 1335 plura
1705 1281 1752 1318 et
1780 1270 2111 1318 emendatiora
2146 1281 2195 1318 et

413 1353 608 1413 melius,
651 1370 798 1418 quam
830 1354 973 1413 olim,
1011 1354 1191 1418 digesta
1221 1354 1437 1402 exhibui.
1477 1355 1733 1419 Scripturae
1771 1354 2053 1400 varietatem
2092 1369 2192 1400 non

413 1451 607 1482 omnem
625 1471 636 1495 ,
663 1436 746 1482 sed
764 1437 1005 1501 potiorem
1022 1436 1279 1497 adnotavi,
1307 1453 1362 1484 ac
1384 1437 1526 1483 simul
1543 1453 1671 1483 meas
1691 1436 2054 1484 emendationes
2074 1443 2192 1483 con-

410 1519 716 1582 jecturasque
740 1527 838 1564 tam
857 1519 919 1565 ab
939 1518 1145 1565 aliorum
1167 1519 1375 1566 inventis
1395 1535 1539 1583 quam
1566 1536 1593 1566 a
1614 1528 1915 1566 vetustorum
1948 1518 2190 1582 exempla·

412 1600 539 1646 rium
564 1600 851 1648 lectionibus
872 1602 1080 1649 distinxi.
1108 1605 1228 1648 Tum
1248 1602 1310 1649 ad
1345 1618 1401 1648 ea
1432 1619 1538 1666 quae
1566 1601 1771 1649 obscura
1798 1601 2088 1649 videbantur
2118 1617 2195 1647 ex-

412 1682 651 1747 plananda
670 1685 860 1731 accessi.
883 1687 1046 1742 Quum
1072 1701 1185 1732 vero
1203 1685 1389 1749 amplos
1411 1684 1649 1732 conficere
1673 1684 2045 1731 commentarios
2075 1683 2196 1730 mihi

411 1782 509 1812 non
539 1775 660 1812 esset
690 1768 1020 1832 propositum,
1067 1783 1222 1832 pauca
1263 1777 1452 1815 tantum
1488 1769 1534 1814 in
1567 1767 1747 1832 quibus
1780 1767 1959 1814 haerere
1986 1767 2197 1830 legentes

413 1858 608 1912 possent
645 1850 864 1914 explicui.
904 1854 1054 1897 Porro
1089 1850 1495 1915 philosophorum
1529 1851 1741 1898 earmina
1774 1850 2005 1914 locosque
2032 1849 2200 1896 soluta

412 1933 631 1979 oratione
657 1934 859 1997 scriptos
883 1934 1017 1980 omni
1040 1933 1256 1981 adhibita
1277 1934 1519 1997 diligentia
1539 1951 1566 1982 e
1599 1950 1750 1997 graeco
1768 1949 1990 1981 sermone
2013 1934 2062 1980 in
2086 1933 2196 1980 lati-

415 2032 532 2061 num
555 2016 654 2080 ipse
676 2017 927 2076 transtuli,
954 2033 1014 2063 ne
1036 2017 1109 2064 vel
1132 2018 1451 2082 interpretum
1475 2033 1660 2064 errores
1679 2016 2097 2064 commemorandi
2122 2017 2198 2064 vel

413 2099 1032 2164 veteres.interpretationes
1054 2109 1254 2164 propter
1275 2109 1514 2147 mutatum
1540 2109 1723 2146 textum
1743 2100 1984 2147 mutandae
2008 2110 2184 2147 essent.

411 2182 716 2245 Quapropter
741 2198 850 2228 raro
877 2182 1083 2228 aliorum
1114 2181 1262 2229 verba
1290 2182 1375 2245 qui
1399 2182 1447 2228 in
1469 2182 1639 2229 iisdem
1666 2183 1917 2230 sententiis
1944 2181 2194 2230 vertendis

413 2263 585 2309 versati
623 2274 757 2310 erant
786 2264 978 2311 retinui.
1027 2265 1246 2328 Denique
1280 2281 1339 2311 ne
1370 2265 1489 2328 quid
1528 2264 1910 2324 desideraretur,
1957 2264 2092 2329 quod
2139 2264 2196 2310 ad

413 2344 972 2407 fragmentaillustranda
991 2347 1188 2406 valeret,
1209 2347 1589 2410 uniuscujusque
1612 2347 1894 2411 philosophi
1917 2348 2063 2393 vitam
2091 2346 2198 2394 bre·
2254 2368 2257 2371 ’

412 2428 534 2475 viter
570 2428 858 2494 descriptam
889 2429 990 2493 ejus
1031 2430 1244 2493 reliquiis
1280 2430 1536 2494 praeposui.
1573 2433 1644 2476 De
1678 2429 1864 2494 placitis
1896 2446 2002 2494 quae
2032 2446 2057 2477 e
2086 2430 2197 2494 phi-

412 2510 731 2576 losophorum
759 2512 917 2559 verbis
952 2512 1178 2559 discimus
1211 2512 1406 2559 uberius
1446 2513 1692 2577 disputare
1724 2530 1822 2560 non
1859 2514 2067 2560 attinuit.
2104 2516 2198 2583 Ve-

412 2610 522 2639 rum
546 2603 592 2640 et
613 2594 713 2640 haec
739 2595 1004 2653 interdum,
1030 2596 1192 2659 prouti
1219 2596 1286 2642 rei
1319 2606 1490 2643 natura
1514 2596 1589 2643 vel
1618 2597 1869 2643 necessitas
1891 2596 2194 2661 postulabat,

413 2675 559 2738 attigi.
601 2679 668 2722 Ita
710 2676 904 2723 confido
953 2676 1053 2723 fore
1089 2687 1141 2723 ut
1191 2677 1285 2724 hoc
1322 2694 1445 2743 opus
1490 2678 1654 2743 peritis
1696 2689 1742 2726 et
1776 2680 1923 2743 aequis
1954 2677 2199 2742 judicibus

413 2757 662 2822 probetur.
1759 2759 1761 2762 ’

579 2877 698 2918 Scripsi
712 2877 848 2910 Berolini
866 2886 895 2910 a.
912 2878 943 2911 d.
964 2880 1009 2911 VI
1026 2878 1070 2910 ld.
1095 2877 1205 2910 Sextii.
1225 2887 1253 2910 a.
1276 2881 1365 2912 1857.
