2612 3814
348 258 424 294 188

421 339 506 388 ὕλης
527 339 715 395 γενομένης
741 338 904 392 γενέσθαι
935 338 1016 384 τοὺς
1043 339 1263 394 ἀνθρώπους.
1293 340 1400 378 idem

418 417 457 454 p.
481 404 532 454 69
554 404 585 442 C
608 416 618 441 ε
647 401 782 456 Διόπερ
804 401 866 442 καὶ
894 402 1054 455 παρῳδεῖ
1075 401 1156 446 ἔπος
1180 401 1349 456 Ὀρφικὸν
1362 401 1403 441 τὸ

417 461 533 514 λέγον,
548 460 602 501 ὅτι
616 462 709 507 ὅστις
728 462 758 501 δ’
779 464 881 514 ἡμῶν
901 463 1098 510 ἀτέλεστος,
1119 460 1242 515 ὥσπερ
1257 463 1291 501 ἐν
1315 464 1402 515 βορ-

418 521 514 575 ὅόρῳ
532 520 690 561 κείσεται
711 523 746 561 ἐν
763 519 880 577 ᾅδου.)

604 613 802 669 Ἄνθρωποι
822 614 859 655 δὲ
877 614 1071 662 τεληέσσας
1091 613 1294 664 ἑκατόμὸας

417 674 618 729 πέμψουσιν
635 674 793 728 πάσῃσιν
813 676 849 714 ἐν
869 673 977 728 ὥραις
997 673 1224 727 ἀμφιετέσσιν

415 734 518 789 ὄργιά
538 735 568 775 τ’
590 735 828 784 ἐκτελέσουσι,
849 734 949 774 λύσιν
966 735 1147 788 προγόνων
1163 734 1362 786 ἀθεμίστων

415 796 615 849 μαιόμενοι.
635 795 688 836 Σὺ
714 796 751 835 δὲ
770 801 881 835 τοῖσιν
903 794 996 848 ἔχων
1025 793 1173 848 κράτος,
1199 792 1256 838 οὕς
1271 792 1303 832 κ’
1324 793 1400 833 ἐθέ-

1268 854 1400 907 [λῃσθα

415 916 532 960 λύσεις
548 916 588 955 ἔκ
603 931 641 954 τε
655 913 772 955 πόνων
784 916 954 968 χαλεπῶν
969 913 1030 953 καὶ
1045 912 1226 967 ἀπείρονος
1241 913 1396 967 οἴστρου.

470 1011 786 1065 (olympiodorus
810 1012 961 1050 Comm.
996 1012 1038 1048 in
1057 1010 1191 1050 Phaed.
1212 1024 1221 1048 :
1249 1008 1296 1049 ‘O
1316 1008 1398 1050 Διό·

415 1086 517 1115 νυσος
543 1069 678 1114 λύσεώς
698 1072 793 1110 ἐστιν
824 1068 947 1115 αἴτιος.
975 1068 1039 1109 Διὸ
1059 1069 1120 1108 καὶ
1149 1067 1274 1114 λυσεὺς
1312 1071 1397 1122 (leg.

411 1128 542 1183 λύσιος)
564 1132 583 1169 ὁ
604 1129 694 1174 θεός.
724 1129 796 1170 Καὶ
821 1129 972 1184 Ὀρφεύς
991 1142 1111 1184 φησιν·
1134 1127 1333 1183 Ἄνθρωποι
1361 1129 1398 1168 δὲ

411 1191 491 1230 κτλ.
513 1191 604 1229 Vs.6
633 1204 708 1241 pro
733 1188 837 1242 ὄργια
858 1188 1101 1229 ἐκτελέσουσιν
1133 1191 1268 1240 scripsi
1292 1189 1396 1243 ὄργιά

409 1251 441 1288 τ’
463 1249 718 1289 ἐκτελέσουσιν.
733 1251 840 1290 Idem
855 1251 955 1288 ibid.
980 1264 988 1288 :
1005 1250 1059 1288 ὅτι
1080 1249 1230 1294 παλαιὸς
1247 1251 1265 1288 ὃ
1277 1249 1394 1303 λόγος,

410 1309 580 1363 Ὀρφικός
604 1325 643 1349 τε
671 1308 740 1363 γᾲρ
766 1308 828 1348 καὶ
857 1308 1108 1362 Πυθαγόρειος,
1134 1310 1153 1347 ὃ
1172 1308 1280 1348 πάλιν
1301 1308 1397 1361 ἄγων

410 1369 474 1414 τὰς
490 1368 607 1424 ψυχὰς
627 1369 674 1414 εἷς
687 1367 729 1408 τὸ
748 1371 867 1419 σῶμα,
892 1368 953 1408 καὶ
972 1369 1081 1408 πάλιν
1102 1367 1174 1407 ἀπὸ
1194 1372 1256 1407 τοῦ
1277 1368 1399 1420 σώμα-

409 1446 467 1475 τος
477 1429 629 1481 ἀνάγων,
637 1427 813 1467 καὶτοῦτο
825 1427 946 1483 κύκλῳ
957 1427 1144 1473 πολλάκις.
1159 1430 1265 1468 Idem
1279 1430 1395 1469 ibid.:

411 1488 465 1528 ὅτι
479 1490 511 1528 οἱ
531 1486 808 1542 παραδιδόμενοι
833 1486 1006 1542 τέσσαρες
1033 1488 1189 1538 ποταμοὶ
1221 1487 1313 1527 κατὰ
1332 1487 1397 1535 τὴν

410 1549 573 1604 Ὀρφέως
601 1549 798 1602 παράδοσιν
827 1550 899 1593 τοῖς
925 1547 1100 1602 ὑπογείοις
1129 1549 1343 1601 ἀναλογοῦσι
1360 1549 1390 1587 δ’

412 1609 599 1663 στοιχείοις
620 1625 659 1648 τε
687 1609 747 1648 καὶ
779 1607 935 1662 κέντροις
965 1608 1058 1648 κᾶτὰ
1095 1607 1155 1648 δύο
1190 1607 1393 1654 ἀντιθέσεις.

409 1668 456 1709 Ὁ
480 1669 544 1721 μὲν
563 1669 632 1722 γὰρ
651 1668 926 1723 Πυριφλεγέθων
947 1670 1000 1723 τῷ
1025 1667 1111 1720 πυρὶ
1127 1667 1189 1707 καὶ
1206 1672 1250 1722 τῇ
1273 1670 1397 1709 ἀνατο-

408 1730 475 1782 λῇ,
492 1731 511 1768 ὁ
530 1727 566 1767 δὲ
587 1727 757 1775 Κωκυτὸς
776 1731 821 1781 τῇ
843 1731 889 1781 γῇ
909 1727 970 1767 καὶ
990 1730 1034 1781 τῇ
1053 1726 1172 1781 δύσει,
1195 1729 1214 1767 ὁ
1233 1728 1268 1768 δὲ
1289 1726 1397 1781 Ἀχέ-

410 1805 478 1842 ρων
500 1787 577 1842 ἀέρι
594 1804 634 1828 τε
653 1789 715 1828 καὶ
736 1786 960 1842 μεσημὸρίᾳ.
979 1787 1135 1833 Τούτους
1155 1787 1219 1840 μὲν
1240 1788 1394 1842 Ὀρφεὺς

409 1847 503 1888 οὕτω
537 1847 710 1899 διέταξεν,
746 1846 849 1891 αὖτὸς
870 1847 907 1885 δὲ
934 1845 996 1885 τὸν
1029 1846 1200 1886 Ὠκεανὸν
1221 1850 1272 1901 τῷ
1293 1847 1395 1886 ὕδατι

408 1908 470 1948 καὶ
491 1910 535 1961 τῇ
553 1907 674 1961 ἄρκτῳ
688 1906 919 1960 προσοικειοῖ.
942 1907 1054 1945 Idem
1074 1909 1224 1946 Comm.
1241 1910 1281 1945 in
1300 1907 1393 1946 Phi-

408 1970 487 2006 leb.
512 1982 521 2006 ε
541 1967 629 2008 Εἴτε
649 1964 815 2018 (Μνήμη)
836 1968 860 2013 ἡ
881 1965 956 2010 θεὸς
973 1964 1087 2018 αὗτή,
1107 1966 1167 2020 ἀφ’
1187 1961 1229 2015 ἧς
1249 1972 1350 2005 πᾶσα
1370 1969 1392 2014 ἡ

408 2026 540 2075 ἰδιότης
558 2026 768 2078 ἐπιγίνεται,
785 2024 856 2065 εἴτε
871 2028 894 2072 ἡ
909 2024 1010 2078 παρὰ
1023 2027 1074 2079 τῷ
1089 2025 1216 2080 Ὀρφεῖ
1229 2026 1394 2077 Μνημώ,

407 2085 477 2126 εἴτε
489 2085 551 2126 καὶ
566 2085 659 2133 ἄλλη
670 2102 721 2131 τις
733 2079 822 2125 οῧσα
840 2083 1025 2137 τυγχάνει.
1048 2087 1156 2125 Idem
1172 2087 1267 2124 ibid.
1286 2100 1295 2124 :
1320 2085 1394 2126 Καὶ

411 2146 481 2199 μὴν
505 2148 541 2186 ἐν
571 2148 643 2189 τοῖς
662 2146 847 2199 Ὀρφικοῖς
867 2146 902 2183 ἐν
926 2147 976 2198 τῷ
998 2144 1225 2199 μυθευομένῳ
1251 2145 1311 2199 ὠῷ
1331 2145 1395 2190 τὰς

408 2207 500 2261 τρεῖς
515 2208 712 2260 ἐκφανῆναι
734 2205 889 2258 μονάδας
908 2203 1045 2258 φησίν.)

408 2303 551 2356 Χειρῶν
571 2300 773 2353 ὀλλυμένων
793 2299 887 2355 ἔῤῥει
907 2299 1102 2354 πολύεργος
1121 2299 1263 2349 Ἀθήνη.

463 2393 605 2444 (Etym.
631 2393 788 2430 Orionis
820 2405 829 2429 :
864 2390 993 2443 Χεῗρες
1028 2388 1100 2429 ἀπὸ
1127 2391 1190 2437 τῆς
1215 2388 1394 2443 χρήσεως,

408 2451 539 2490 ὡσανεὶ
572 2449 719 2504 χρήσιες
752 2443 878 2499 οῧσαι,
911 2449 934 2497 ἢ
982 2451 1117 2504 χρεῖαι·
1150 2448 1299 2501 οὐδεμία
1324 2449 1394 2502 γὰρ

409 2510 519 2563 τέχνη
540 2510 734 2563 προκόπτει
767 2508 851 2562 δίχα
879 2511 1022 2563 χειρῶν.
1055 2508 1226 2564 Ὀρφεύς·
1263 2511 1394 2564 χειρῶν

413 2569 615 2621 ὅλλυμένων
636 2567 735 2624 ἔρῥεν·
757 2570 837 2608 κτλ.
851 2570 1076 2621 Legendum
1093 2569 1216 2623 ἔῤῥει.)

1344 250 1587 292 ORPHICA.

1546 338 1741 390 ἡδύοσμον,
1781 340 1868 394 ὅπερ
1893 339 2102 392 λυπουμένη
2130 342 2153 388 ἡ
2190 339 2370 395 Δημήτηρ
2403 340 2530 381 ἰδοῦσα
2571 329 2584 368 s

1545 398 1696 451 ἐμίσησε
1715 399 1776 439 καὶ
1799 398 1960 453 ἄκαρπον
1982 399 2163 447 ἐποίησεν.
2192 399 2368 454 Ὀρφεύς·
2387 399 2429 440 τὸ
2445 401 2530 454 πρὶν
2571 398 2580 415 ³

1545 458 1600 498 ἐὸν
1618 459 1710 512 μέγα
1726 461 1808 500 κτλ.
1821 460 1901 499 Pro
1913 460 1995 516 φέρε
2009 459 2147 515 καρπὸν
2165 461 2250 512 lege
2267 458 2528 515 φερέκαρπον.)

1545 555 1722 604 Σηκάζειν
1741 555 1872 610 πυρούς
1891 572 1932 597 τε
1951 555 2012 596 καὶ
2026 556 2210 611 ἀστάχυας
2229 556 2311 597 κατ’
2331 556 2450 603 ἀλωὰς

1546 617 1682 670 ἀνδρῶν
1701 616 1928 671 λικμώντων,
1950 617 2010 658 ὅτε
2028 634 2067 658 τε
2087 617 2195 667 ξανθὴ
2216 617 2394 672 Δημήτηρ

1542 676 1662 731 κρίνῃ,
1675 676 1913 730 ἐπειγομένων
1934 678 2092 730 ἀνέμων,
2111 677 2248 732 καρπόν
2259 694 2297 719 τε
2317 677 2379 718 καὶ
2396 677 2524 732 ἄχνας.

1602 773 1677 824 (Jo.
1695 771 1851 812 Tzetzes
1871 776 1990 826 Exeg.
2012 776 2130 814 Hom.
2150 787 2242 826 pag.
2263 774 2314 812 26
2334 788 2344 812 ε
2362 771 2531 827 Εὑρίσκω
2580 772 2585 775 ’

1542 831 1610 885 γὰρ
1632 830 1738 871 αὐτὸν
1757 831 1833 885 [τὸν
1847 830 2033 886 “Ομηρον]
2054 831 2077 871 ἃ
2093 832 2158 885 μέν
2179 848 2258 871 τινα
2278 834 2349 872 τῶν
2370 831 2537 888 Ὀρφέως
2585 863 2588 864 ⁷

1543 893 1637 932 ἐπῶν
1657 891 1736 931 καθ’
1756 890 1971 946 ὁλοκληρίαν
1991 891 2078 946 πρὸς
2103 890 2168 940 τὴν
2189 892 2297 931 αὗτοῦ
2319 890 2530 945 μετοχετεύ·

1544 968 1658 992 σαντα
1667 951 1825 1003 ποίησιν,
1843 951 1949 1007 ἕτερα
1969 950 2007 992 δὲ
2019 951 2127 991 πάλιν
2137 953 2217 992 καθ’
2234 951 2402 1004 ἡμίσειαν
2410 966 2528 1004 παρα·
2589 964 2591 967 ’

1543 1011 1747 1052 σπάσαντα·
1765 1012 1841 1051 ἔστι
1855 1013 1885 1051 δ’
1897 1012 1918 1052 ἃ
1932 1011 1993 1052 καὶ
2003 1009 2284 1066 μεταφράσαντα
2297 1010 2321 1059 ἢ
2338 1010 2399 1051 καὶ
2416 1011 2528 1061 ἀλλη-
2579 1027 2591 1045 s

1541 1072 1678 1118 νάλλως
1695 1072 1992 1126 μεταστρέψαντα
2011 1070 2199 1125 [ποίησιν]·
2223 1073 2270 1116 ὡς
2289 1070 2331 1111 τὸ
2347 1070 2527 1120 Σηκάζειν
2582 1081 2588 1117 j

1542 1132 1697 1186 πυρσούς
1717 1149 1756 1172 τε
1778 1132 1857 1171 κτλ.
1877 1133 1998 1171 Edidi
2011 1131 2141 1185 πυρούς
2159 1147 2197 1170 τε
2214 1140 2253 1170 et
2266 1145 2382 1170 versu
2404 1132 2426 1170 3
2448 1129 2531 1178 ξαν·
2580 1174 2585 1179 Α

1542 1193 1586 1241 θῆ
1607 1192 1798 1246 Δημήτηρ,
1828 1201 1873 1231 ut
1887 1194 2030 1244 legitur
2052 1192 2158 1242 apud
2183 1190 2398 1230 Homerum
2415 1191 2531 1230 Iliad.

1541 1255 1614 1294 lib.
1631 1257 1664 1293 V
1683 1267 1741 1293 vs.
1778 1253 1868 1302 500,
1890 1266 2013 1303 quum
2040 1252 2186 1291 codicis
2208 1253 2400 1303 scriptura
2422 1248 2529 1299 ξανθὴ
2589 1305 2592 1307 Α

1542 1316 1663 1371 μήτηρ
1687 1324 1871 1368 corrupta
1890 1315 1967 1368 sit.)
2583 1309 2584 1312 ¹

1487 1425 1504 1451 5
1541 1410 1678 1452 Ἕκτον
1692 1410 1766 1456 ἔτος
1776 1426 1786 1435 ·
1797 1409 1912 1462 τὸμὲν
1924 1409 2018 1454 οὔτις
2032 1407 2268 1463 ἐπεφράσατ’,
2280 1408 2355 1448 οὔδ’
2373 1406 2531 1456 ἐνόησεν.
2588 1456 2593 1463 „

1598 1506 1676 1558 (Jo.
1693 1509 1845 1544 Tzetzes
1861 1507 1887 1547 1.
1903 1519 1938 1545 c.
1963 1520 1972 1543 :
1993 1503 2068 1544 Καὶ
2083 1503 2138 1554 τὸ,
2158 1503 2259 1543 ἕκτον
2280 1502 2375 1548 ἔτος·
2401 1502 2443 1542 τὸ
2463 1502 2530 1554 μὲν

1542 1565 1635 1611 οὔτις
1656 1566 1853 1621 ἐπέφρασεν
1885 1566 1964 1605 κτλ.
1984 1565 2131 1616 Scripsi
2162 1563 2397 1619 ἐπεφράσατ’,
2413 1564 2523 1614 quod

1540 1629 1715 1666 similiter
1741 1641 1830 1666 cum
1859 1625 2001 1674 ἐνόησεν
2026 1626 2232 1676 copulatur
2267 1625 2373 1676 apud
2403 1626 2525 1665 Hom.

1539 1689 1676 1740 Odyss.
1695 1690 1766 1726 lib.
1786 1690 1894 1737 VIII,
1913 1701 1968 1726 vs.
1987 1685 2066 1737 94.)

1538 1769 1660 1820 Ἕκτη
1682 1773 1716 1812 ἐν
1737 1773 1916 1825 ἧριγενεῒ,
1937 1769 2209 1825 ῥοδοδακτύλῳ,
2232 1768 2468 1823 ἀργυροπέζῃ.

1597 1862 1720 1913 (Idem
1739 1863 1768 1901 1.
1797 1875 1829 1900 c.
1853 1874 1862 1899 t
1890 1858 1988 1913 Πρὸς
2008 1857 2046 1898 δὲ
2070 1857 2132 1898 καὶ
2153 1857 2218 1909 τὸ,
2249 1856 2334 1906 ἕκτη
2367 1855 2531 1910 ἐνήριγεν
2589 1903 2591 1912 ᾖ

1539 1920 1819 1975 εἷροδοδακτύλῳ
1857 1920 2093 1974 ἀργυροπέζῃ.
2128 1918 2344 1959 Emendavi
2375 1929 2529 1955 versum
2584 1946 2587 1947 γ

1539 1981 1871 2032 quemadmodum
1913 1981 2100 2018 sententia
2139 1979 2332 2030 postulat,
2378 1983 2532 2015 secutus
2589 2014 2591 2018 ,

1538 2043 1801 2079 Hermannum
1814 2053 1856 2090 p.
1875 2038 1970 2089 950.
1984 2040 2073 2077 Non
2088 2038 2250 2076 dubium
2263 2037 2360 2088 quin
2375 2037 2416 2072 in
2427 2047 2527 2086 prae·
2584 2045 2587 2049 ·

1539 2101 1691 2139 cedenti
1702 2101 1767 2150 qui
1777 2101 1895 2150 periit
1904 2100 2096 2137 versiculo
2107 2097 2167 2145 ἠοῖ
2178 2104 2377 2135 exaratum
2387 2093 2529 2147 fuerit.)
2586 2134 2588 2138 ,

1538 2178 1656 2220 Ἱστὸν
1679 2179 1930 2233 ἐποιχομένην,
1952 2179 2061 2226 ἀτελῆ
2080 2178 2203 2227 πόνον,
2224 2177 2457 2229 ἀνθεμόεντα.

1594 2265 1718 2315 (Idem
1745 2266 1774 2303 l.
1794 2277 1827 2302 c.
1859 2277 1868 2301 :
1890 2261 1964 2303 Καὶ
1991 2261 2046 2310 τὸ,
2067 2261 2166 2300 ἱστὸν
2189 2259 2425 2314 ἐποιχομένην
2443 2262 2524 2301 κτλ.

1538 2324 1757 2374 Legebatur
1768 2321 2010 2373 ἀνθεμόεσσαν
2023 2322 2131 2372 quod
2147 2323 2187 2358 in
2202 2319 2417 2371 ἀνθεμόεντα
2432 2333 2530 2358 cou-
2589 2315 2593 2354 s

1539 2383 1667 2432 verti.)

1540 2459 1691 2513 Σμήνεα
1712 2461 1742 2499 δ’
1760 2459 1961 2514 εἰργάζοντο
1982 2457 2188 2510 μελισσάων
2209 2456 2377 2497 ἁδινάων.

1594 2536 1756 2589 (Tzetzes
1770 2537 1796 2575 l.
1817 2549 1853 2575 c.
1870 2549 1913 2585 p.
1937 2535 2013 2573 26:
2038 2532 2112 2573 Καὶ
2129 2533 2185 2584 τὸ,
2209 2531 2348 2584 σμήνεσι
2366 2530 2397 2571 δ’
2412 2529 2524 2585 ἐργά·

1540 2597 1596 2641 ζεο
1634 2596 1716 2636 κτλ.
1752 2596 1948 2634 Sententia
1977 2593 2144 2644 requirit
2178 2591 2380 2646 εἰργάζοντο
2418 2592 2528 2643 quod
2587 2595 2590 2598 ”

810 2660 906 2699 LVI.
1071 2710 1074 2714 Δ
1541 2655 1677 2707 edidi.)

406 2746 459 2788 Τὸ
469 2746 552 2800 πρὶν
562 2746 617 2787 ἐὸν
635 2746 728 2800 μέγα
740 2746 879 2800 δένδρον
892 2747 950 2786 ἐπὶ
960 2746 1061 2800 χθονὶ
1077 2746 1140 2786 καὶ
1156 2744 1394 2801 φερέκαρπον.
1540 2730 1626 2776 Ζεὺς
1639 2730 1827 2784 Κρονίδης,
1847 2728 2012 2784 βασιλεὺς
2027 2728 2202 2783 ὑψίζυγος,
2217 2726 2329 2781 αἰθέρι
2347 2725 2470 2767 ναίων·

465 2828 605 2878 (Etym.
627 2828 730 2866 Gud.
752 2841 793 2877 p.
818 2826 894 2877 395
917 2840 926 2864 z
946 2826 1065 2874 Μίνθη
1080 2855 1091 2877 ,
1112 2824 1156 2873 ἥν
1177 2840 1268 2870 τινες
1288 2823 1396 2872 ἡδύο-
1598 2821 1719 2872 (idem
1737 2822 1766 2860 1.
1789 2834 1824 2859 c.
1841 2817 2003 2871 εΟμοίως
2022 2818 2058 2858 δὲ
2083 2817 2218 2865 καὶτὸ,
2243 2815 2333 2862 Ζεὺς
2352 2815 2531 2870 Κρονίδης

431 2902 496 2937 μον
511 2887 675 2926 καλοῦσι·
697 2886 748 2925 ἔτι
767 2888 859 2938 (leg.
879 2884 967 2939 ἔστι)
988 2885 1025 2924 δὲ
1039 2884 1257 2936 καλάμινθος
1273 2885 1394 2939 ἄγριον
1541 2882 1621 2920 κτλ.
1645 2881 1759 2921 Conf.
1777 2883 1893 2919 Hom.
1913 2879 2028 2917 Iliad.
2048 2880 2119 2917 lib.
2141 2879 2192 2916 lV
2206 2891 2261 2916 vs.
2295 2877 2402 2927 166.)

336 2983 2531 3005 Μ

726 3068 884 3103 Homines
899 3070 1008 3103 autem
1025 3069 1170 3102 solennia
1187 3068 1346 3102 sacrificia
1458 3066 1538 3099 viris
1546 3063 1791 3104 ventilantibus,
1811 3071 1913 3105 quum
1936 3062 2020 3094 flava
2035 3063 2134 3095 ceres

324 3126 444 3161 sacient
466 3128 619 3161 omnibus
638 3128 716 3161 anni
728 3128 931 3170 temporibus
1118 3150 1123 3175 3
1457 3127 1611 3168 secernit,
1623 3125 1812 3167 urgentibus
1827 3124 1946 3165 ventis,
1961 3123 2107 3156 fructum
2123 3124 2156 3155 et
2180 3121 2300 3163 paleas.
2313 3139 2353 3146 -
2584 3170 2587 3171 ⁷

325 3187 481 3229 orgiaque
499 3188 710 3221 celebrabunt
723 3187 919 3221 nefariorum
943 3188 1107 3230 maiorum
1120 3188 1337 3230 expiationem
1457 3189 1595 3221 Sextum
1608 3194 1730 3219 annum
1741 3196 1750 3226 ς
1762 3184 1794 3217 id
1811 3183 1898 3226 quod
1919 3192 2016 3217 nemo
2033 3192 2139 3225 neque
2156 3181 2403 3222 animadvertit,
2419 3189 2532 3223 neque
2586 3200 2604 3231 '1

325 3247 520 3288 quaerentes.
535 3248 583 3279 Tu
599 3255 678 3279 vero
690 3246 740 3279 bis
753 3246 849 3279 rebus
862 3246 999 3288 pollens,
1009 3255 1225 3288 quoscunque
1243 3248 1348 3289 voles,
2281 3240 2468 3284 [intellexih
2480 3259 2521 3268 -

324 3305 479 3347 gravibus
497 3306 654 3339 aerumnis
672 3308 706 3339 et
720 3306 878 3339 immensa
893 3306 1066 3348 cupiditate
1084 3306 1246 3340 iiberabis.
1266 3324 1307 3332 —
1455 3307 1554 3341 Sexta
1575 3314 1693 3339 aurora
1716 3312 1811 3337 mane
1824 3307 1906 3343 orta,
1935 3302 2036 3335 roseis
2060 3302 2170 3343 digitis
2189 3301 2351 3341 fungente,
2377 3297 2530 3332 candidis
2592 3323 2593 3326 η

325 3366 475 3400 Manibus
486 3365 699 3408 pereuntibus
709 3374 845 3408 operosa
861 3366 946 3407 perit
961 3366 1121 3399 Minerva.
2110 3361 2261 3405 [pedibus
2277 3358 2466 3401 conspicua.
2481 3375 2523 3385 -
2578 3400 2583 3410 —,

821 3427 907 3459 LVI·
1454 3427 1550 3460 Telas
1564 3426 1819 3470 percurrentem,
1831 3434 1914 3467 opus
1924 3424 2150 3466 imperfectum
2158 3423 2294 3456 floribus
2301 3421 2523 3455 variatum.-

325 3484 483 3518 Arborem
497 3484 575 3517 olim
593 3493 741 3525 magnam
755 3484 789 3516 in
805 3484 899 3517 terris
913 3485 946 3517 et
959 3484 1155 3526 frugiferam.
1170 3502 1212 3511 —
1454 3487 1612 3521 Examina
1632 3495 1710 3519 vero
1724 3494 1822 3528 apum
1838 3485 2056 3518 consertarum
2079 3483 2309 3526 operabantur.
2327 3498 2370 3507 —
2412 3479 2517 3523 [tans.

325 3544 462 3577 Stabulo
478 3543 642 3577 includere
657 3544 806 3577 triticum
821 3544 853 3577 et
866 3544 970 3585 spicas
983 3544 1015 3576 in
1036 3545 1117 3577 areis
1456 3546 1584 3589 Jupiter
1600 3545 1783 3586 saturnius,
1807 3554 1861 3578 rex
1879 3544 1914 3577 in
1936 3543 2064 3578 excelso
2084 3542 2212 3582 sedens,
2234 3542 2269 3574 in
2287 3541 2409 3574 aethere
2426 3537 2526 3572 habi-
