<?xml version="1.0" encoding="UTF-8"?>
<!DOCTYPE html PUBLIC "-//W3C//DTD XHTML 1.0 Transitional//EN"
    "http://www.w3.org/TR/xhtml1/DTD/xhtml1-transitional.dtd">
<html xmlns="http://www.w3.org/1999/xhtml" xml:lang="en" lang="en">
 <head>
  <title>
</title>
<meta http-equiv="Content-Type" content="text/html;charset=utf-8" />
  <meta name='ocr-system' content='tesseract 3.04.00' />
  <meta name='ocr-capabilities' content='ocr_page ocr_carea ocr_par ocr_line ocrx_word'/>
</head>
<body>
  <div class='ocr_page' id='page_1' title='image "./fragmentaphiloso01mulluoft_0155.png"; bbox 0 0 2612 3814; ppageno 0'>
   <div class='ocr_carea' id='block_1_1' title="bbox 0 0 81 2237">
    <p class='ocr_par' dir='ltr' id='par_1_1' title="bbox 0 0 81 2237">
     <span class='ocr_line' id='line_1_1' title="bbox 0 0 81 2237; baseline 0 0"><span class='ocrx_word' id='word_1_1' title='bbox 0 0 81 2237; x_wconf 95' lang='lat' dir='ltr'> </span> 
     </span>
    </p>
   </div>
   <div class='ocr_carea' id='block_1_2' title="bbox 924 255 1514 305">
    <p class='ocr_par' dir='ltr' id='par_1_2' title="bbox 924 255 1514 305">
     <span class='ocr_line' id='line_1_2' title="bbox 924 255 1514 305; baseline 0.003 -11"><span class='ocrx_word' id='word_1_2' title='bbox 924 255 1209 295; x_wconf 80' lang='lat' dir='ltr'><strong>CARMINUM</strong></span> <span class='ocrx_word' id='word_1_3' title='bbox 1239 256 1514 305; x_wconf 73' lang='lat' dir='ltr'><strong>RELIQUIAE.</strong></span> 
     </span>
    </p>
   </div>
   <div class='ocr_carea' id='block_1_3' title="bbox 166 342 1175 1049">
    <p class='ocr_par' dir='ltr' id='par_1_3' title="bbox 219 342 1173 575">
     <span class='ocr_line' id='line_1_3' title="bbox 222 342 1141 397; baseline -0.004 -11"><span class='ocrx_word' id='word_1_4' title='bbox 222 345 385 390; x_wconf 81' lang='grc' dir='ltr'>Ἡλιάδες</span> <span class='ocrx_word' id='word_1_5' title='bbox 404 348 544 396; x_wconf 75' lang='grc' dir='ltr'>κοῦραι,</span> <span class='ocrx_word' id='word_1_6' title='bbox 561 345 797 397; x_wconf 82' lang='grc' dir='ltr'>προλιποῦσαι</span> <span class='ocrx_word' id='word_1_7' title='bbox 817 342 964 395; x_wconf 82' lang='grc' dir='ltr'>δώματα</span> <span class='ocrx_word' id='word_1_8' title='bbox 983 342 1103 387; x_wconf 81' lang='grc' dir='ltr'>νυκτός</span> <span class='ocrx_word' id='word_1_9' title='bbox 1115 344 1141 389; x_wconf 72' lang='grc'>,’</span> 
     </span>
     <span class='ocr_line' id='line_1_4' title="bbox 219 402 1173 459; baseline -0.003 -15"><span class='ocrx_word' id='word_1_10' title='bbox 219 407 268 450; x_wconf 90' lang='grc' dir='ltr'>εἷς</span> <span class='ocrx_word' id='word_1_11' title='bbox 284 405 388 459; x_wconf 81' lang='grc' dir='ltr'>φάος,</span> <span class='ocrx_word' id='word_1_12' title='bbox 403 403 584 454; x_wconf 77' lang='grc' dir='ltr'>ὠσάμεναι</span> <span class='ocrx_word' id='word_1_13' title='bbox 596 405 736 456; x_wconf 82' lang='grc' dir='ltr'>κρατῶν</span> <span class='ocrx_word' id='word_1_14' title='bbox 754 402 821 441; x_wconf 81' lang='grc' dir='ltr'>ἄπο</span> <span class='ocrx_word' id='word_1_15' title='bbox 835 403 936 456; x_wconf 83' lang='grc' dir='ltr'>χερσὶ</span> <span class='ocrx_word' id='word_1_16' title='bbox 954 403 1173 456; x_wconf 73' lang='grc' dir='ltr'>καλύπτρας.</span> 
     </span>
     <span class='ocr_line' id='line_1_5' title="bbox 221 460 980 515; baseline -0.005 -12"><span class='ocrx_word' id='word_1_17' title='bbox 221 462 331 509; x_wconf 83' lang='grc' dir='ltr'>Ἄξων</span> <span class='ocrx_word' id='word_1_18' title='bbox 350 463 378 502; x_wconf 91' lang='grc' dir='ltr'>δ’</span> <span class='ocrx_word' id='word_1_19' title='bbox 395 465 429 502; x_wconf 82' lang='grc' dir='ltr'>ἐν</span> <span class='ocrx_word' id='word_1_20' title='bbox 446 465 605 515; x_wconf 79' lang='grc' dir='ltr'>χνοιῇσιν</span> <span class='ocrx_word' id='word_1_21' title='bbox 625 460 670 500; x_wconf 76' lang='grc' dir='ltr'>ἵει</span> <span class='ocrx_word' id='word_1_22' title='bbox 690 461 852 514; x_wconf 85' lang='grc' dir='ltr'>σύριγγος</span> <span class='ocrx_word' id='word_1_23' title='bbox 872 461 980 508; x_wconf 76' lang='grc' dir='ltr'>ἀϋτὴν</span> 
     </span>
     <span class='ocr_line' id='line_1_6' title="bbox 226 520 999 575; baseline -0.004 -12"><span class='ocrx_word' id='word_1_24' title='bbox 226 523 426 575; x_wconf 80' lang='grc' dir='ltr'>αἰθόμενος,</span> <span class='ocrx_word' id='word_1_25' title='bbox 448 523 551 566; x_wconf 84' lang='grc' dir='ltr'>δοιοῖς</span> <span class='ocrx_word' id='word_1_26' title='bbox 566 520 634 574; x_wconf 84' lang='grc' dir='ltr'>γὰρ</span> <span class='ocrx_word' id='word_1_27' title='bbox 651 521 809 574; x_wconf 80' lang='grc' dir='ltr'>ἐπείγετο</span> <span class='ocrx_word' id='word_1_28' title='bbox 824 523 999 561; x_wconf 83' lang='grc' dir='ltr'>δινωτοῖσι</span> 
     </span>
    </p>

    <p class='ocr_par' dir='ltr' id='par_1_4' title="bbox 169 579 1175 870">
     <span class='ocr_line' id='line_1_7' title="bbox 169 579 1125 633; baseline -0.003 -10"><span class='ocrx_word' id='word_1_29' title='bbox 169 597 202 623; x_wconf 84' lang='grc' dir='ltr'>ιο</span> <span class='ocrx_word' id='word_1_30' title='bbox 220 583 359 626; x_wconf 84' lang='grc' dir='ltr'>κύκλοις</span> <span class='ocrx_word' id='word_1_31' title='bbox 372 581 627 633; x_wconf 68' lang='grc' dir='ltr'>ἀμφοτέρωθεν,</span> <span class='ocrx_word' id='word_1_32' title='bbox 649 579 706 619; x_wconf 80' lang='grc' dir='ltr'>ὅτε</span> <span class='ocrx_word' id='word_1_33' title='bbox 726 580 939 633; x_wconf 88' lang='grc' dir='ltr'>σπερχοίατο</span> <span class='ocrx_word' id='word_1_34' title='bbox 957 580 1125 632; x_wconf 84' lang='grc' dir='ltr'>πέμπειν.</span> 
     </span>
     <span class='ocr_line' id='line_1_8' title="bbox 221 638 1174 690; baseline -0.003 -10"><span class='ocrx_word' id='word_1_35' title='bbox 221 638 335 681; x_wconf 85' lang='grc' dir='ltr'>Ἔνθα</span> <span class='ocrx_word' id='word_1_36' title='bbox 353 641 462 679; x_wconf 80' lang='grc' dir='ltr'>πύλαι</span> <span class='ocrx_word' id='word_1_37' title='bbox 479 639 600 684; x_wconf 85' lang='grc' dir='ltr'>νυκτός</span> <span class='ocrx_word' id='word_1_38' title='bbox 615 655 652 679; x_wconf 87' lang='grc' dir='ltr'>τε</span> <span class='ocrx_word' id='word_1_39' title='bbox 668 639 727 678; x_wconf 81' lang='grc' dir='ltr'>καὶ</span> <span class='ocrx_word' id='word_1_40' title='bbox 744 640 878 690; x_wconf 83' lang='grc' dir='ltr'>ἤματός</span> <span class='ocrx_word' id='word_1_41' title='bbox 899 642 967 679; x_wconf 89' lang='grc' dir='ltr'>εἰσι</span> <span class='ocrx_word' id='word_1_42' title='bbox 986 639 1174 690; x_wconf 57' lang='lat' dir='ltr'>naiaco-m,</span> 
     </span>
     <span class='ocr_line' id='line_1_9' title="bbox 222 698 1175 753; baseline -0.003 -14"><span class='ocrx_word' id='word_1_43' title='bbox 222 700 283 739; x_wconf 85' lang='grc' dir='ltr'>καί</span> <span class='ocrx_word' id='word_1_44' title='bbox 302 715 391 753; x_wconf 73' lang='grc' dir='ltr'>σφας</span> <span class='ocrx_word' id='word_1_45' title='bbox 409 698 596 751; x_wconf 73' lang='grc' dir='ltr'>ὑπέρθυρον</span> <span class='ocrx_word' id='word_1_46' title='bbox 619 699 726 751; x_wconf 74' lang='grc' dir='ltr'>ἀμφὶς</span> <span class='ocrx_word' id='word_1_47' title='bbox 751 698 825 752; x_wconf 86' lang='grc' dir='ltr'>ἔχει</span> <span class='ocrx_word' id='word_1_48' title='bbox 845 699 902 737; x_wconf 84' lang='grc' dir='ltr'>καὶ</span> <span class='ocrx_word' id='word_1_49' title='bbox 923 698 1040 742; x_wconf 80' lang='grc' dir='ltr'>λάϊνος</span> <span class='ocrx_word' id='word_1_50' title='bbox 1059 698 1175 745; x_wconf 83' lang='grc' dir='ltr'>οὐδός,</span> 
     </span>
     <span class='ocr_line' id='line_1_10' title="bbox 223 757 1127 810; baseline -0.002 -13"><span class='ocrx_word' id='word_1_51' title='bbox 223 759 327 798; x_wconf 81' lang='grc' dir='ltr'>αὐταὶ</span> <span class='ocrx_word' id='word_1_52' title='bbox 344 760 373 797; x_wconf 86' lang='grc' dir='ltr'>δ’</span> <span class='ocrx_word' id='word_1_53' title='bbox 393 758 503 809; x_wconf 84' lang='grc' dir='ltr'>αἰθέρι</span> <span class='ocrx_word' id='word_1_54' title='bbox 520 757 716 797; x_wconf 81' lang='grc' dir='ltr'>κέκλεινται</span> <span class='ocrx_word' id='word_1_55' title='bbox 737 757 922 810; x_wconf 88' lang='grc' dir='ltr'>μεγάλοισι</span> <span class='ocrx_word' id='word_1_56' title='bbox 939 757 1127 810; x_wconf 83' lang='grc' dir='ltr'>θυρέτροις·</span> 
     </span>
     <span class='ocr_line' id='line_1_11' title="bbox 220 814 1129 870; baseline -0.004 -13"><span class='ocrx_word' id='word_1_57' title='bbox 220 820 289 857; x_wconf 81' lang='grc' dir='ltr'>τῶν</span> <span class='ocrx_word' id='word_1_58' title='bbox 310 817 345 857; x_wconf 82' lang='grc' dir='ltr'>δὲ</span> <span class='ocrx_word' id='word_1_59' title='bbox 365 816 454 864; x_wconf 83' lang='grc' dir='ltr'>Δίκη</span> <span class='ocrx_word' id='word_1_60' title='bbox 475 815 682 861; x_wconf 87' lang='grc' dir='ltr'>πολύποινος</span> <span class='ocrx_word' id='word_1_61' title='bbox 698 816 771 870; x_wconf 82' lang='grc' dir='ltr'>ἔχει</span> <span class='ocrx_word' id='word_1_62' title='bbox 790 817 937 865; x_wconf 72' lang='grc' dir='ltr'>κληῖδας</span> <span class='ocrx_word' id='word_1_63' title='bbox 951 814 1129 867; x_wconf 76' lang='grc' dir='ltr'>ἀμοιὸούς.</span> 
     </span>
    </p>

    <p class='ocr_par' dir='ltr' id='par_1_5' title="bbox 166 874 1112 1049">
     <span class='ocr_line' id='line_1_12' title="bbox 166 874 1112 930; baseline -0.005 -13"><span class='ocrx_word' id='word_1_64' title='bbox 166 892 197 917; x_wconf 79' lang='lat'>15</span> <span class='ocrx_word' id='word_1_65' title='bbox 216 876 293 924; x_wconf 83' lang='grc' dir='ltr'>Τὴν</span> <span class='ocrx_word' id='word_1_66' title='bbox 314 877 356 924; x_wconf 87' lang='grc' dir='ltr'>δὴ</span> <span class='ocrx_word' id='word_1_67' title='bbox 378 876 607 929; x_wconf 71' lang='grc' dir='ltr'>παρφάμεναι</span> <span class='ocrx_word' id='word_1_68' title='bbox 627 880 749 930; x_wconf 83' lang='grc' dir='ltr'>κοῦραι</span> <span class='ocrx_word' id='word_1_69' title='bbox 768 876 960 928; x_wconf 84' lang='grc' dir='ltr'>μαλακοῖσι</span> <span class='ocrx_word' id='word_1_70' title='bbox 977 874 1112 926; x_wconf 85' lang='grc' dir='ltr'>λόγοισι</span> 
     </span>
     <span class='ocr_line' id='line_1_13' title="bbox 222 934 1110 990; baseline -0.005 -15"><span class='ocrx_word' id='word_1_71' title='bbox 222 942 346 977; x_wconf 87' lang='grc' dir='ltr'>πεῖσαν</span> <span class='ocrx_word' id='word_1_72' title='bbox 366 937 603 990; x_wconf 81' lang='grc' dir='ltr'>ἐπιφραδέως,</span> <span class='ocrx_word' id='word_1_73' title='bbox 623 934 668 980; x_wconf 80' lang='grc' dir='ltr'>ὥς</span> <span class='ocrx_word' id='word_1_74' title='bbox 691 951 770 989; x_wconf 77' lang='grc' dir='ltr'>σφιν</span> <span class='ocrx_word' id='word_1_75' title='bbox 793 934 995 989; x_wconf 85' lang='grc' dir='ltr'>βαλανωτὸν</span> <span class='ocrx_word' id='word_1_76' title='bbox 1015 935 1110 986; x_wconf 78' lang='grc' dir='ltr'>ὀχῆα</span> 
     </span>
     <span class='ocr_line' id='line_1_14' title="bbox 222 992 1097 1049; baseline -0.005 -15"><span class='ocrx_word' id='word_1_77' title='bbox 222 995 398 1049; x_wconf 80' lang='grc' dir='ltr'>ἀπτερέως</span> <span class='ocrx_word' id='word_1_78' title='bbox 419 995 520 1035; x_wconf 83' lang='grc' dir='ltr'>ὤσειε</span> <span class='ocrx_word' id='word_1_79' title='bbox 537 995 675 1034; x_wconf 87' lang='grc' dir='ltr'>πυλέων</span> <span class='ocrx_word' id='word_1_80' title='bbox 693 995 781 1033; x_wconf 86' lang='grc' dir='ltr'>ἄπο·</span> <span class='ocrx_word' id='word_1_81' title='bbox 796 993 907 1041; x_wconf 69' lang='grc' dir='ltr'>ταὶ,δὲ</span> <span class='ocrx_word' id='word_1_82' title='bbox 924 992 1097 1046; x_wconf 86' lang='grc' dir='ltr'>θυρέτρων</span> 
     </span>
    </p>
   </div>
   <div class='ocr_carea' id='block_1_4' title="bbox 81 1141 1194 3511">
    <p class='ocr_par' dir='ltr' id='par_1_6' title="bbox 136 1141 1194 1609">
     <span class='ocr_line' id='line_1_15' title="bbox 140 1141 1191 1192; baseline -0.005 -10"><span class='ocrx_word' id='word_1_83' title='bbox 140 1146 253 1182; x_wconf 91' lang='lat' dir='ltr'>nobis</span> <span class='ocrx_word' id='word_1_84' title='bbox 287 1158 373 1182; x_wconf 91' lang='lat' dir='ltr'>cum</span> <span class='ocrx_word' id='word_1_85' title='bbox 394 1145 597 1181; x_wconf 90' lang='lat' dir='ltr'>Karstenio</span> <span class='ocrx_word' id='word_1_86' title='bbox 619 1157 795 1180; x_wconf 87' lang='lat' dir='ltr'>versuum</span> <span class='ocrx_word' id='word_1_87' title='bbox 819 1143 1059 1192; x_wconf 80' lang='lat' dir='ltr'>transpositio</span> <span class='ocrx_word' id='word_1_88' title='bbox 1094 1141 1191 1178; x_wconf 89' lang='lat' dir='ltr'>facta</span> 
     </span>
     <span class='ocr_line' id='line_1_16' title="bbox 139 1201 1194 1252; baseline -0.004 -12"><span class='ocrx_word' id='word_1_89' title='bbox 139 1211 207 1243; x_wconf 92' lang='lat' dir='ltr'>est.</span> <span class='ocrx_word' id='word_1_90' title='bbox 247 1204 396 1241; x_wconf 82' lang='lat' dir='ltr'>Etenim</span> <span class='ocrx_word' id='word_1_91' title='bbox 421 1203 537 1252; x_wconf 81' lang='lat' dir='ltr'>vulgo</span> <span class='ocrx_word' id='word_1_92' title='bbox 562 1209 652 1251; x_wconf 88' lang='lat' dir='ltr'>post</span> <span class='ocrx_word' id='word_1_93' title='bbox 677 1201 781 1238; x_wconf 89' lang='lat' dir='ltr'>hunc</span> <span class='ocrx_word' id='word_1_94' title='bbox 813 1213 967 1238; x_wconf 84' lang='lat' dir='ltr'>versum</span> <span class='ocrx_word' id='word_1_95' title='bbox 995 1208 1194 1250; x_wconf 86' lang='lat' dir='ltr'>ponuntur</span> 
     </span>
     <span class='ocr_line' id='line_1_17' title="bbox 138 1259 1193 1312; baseline -0.003 -14"><span class='ocrx_word' id='word_1_96' title='bbox 138 1274 249 1299; x_wconf 88' lang='lat' dir='ltr'>verss.</span> <span class='ocrx_word' id='word_1_97' title='bbox 273 1262 380 1299; x_wconf 87' lang='lat'>8-10</span> <span class='ocrx_word' id='word_1_98' title='bbox 405 1274 414 1300; x_wconf 74' lang='grc' dir='ltr'>ε</span> <span class='ocrx_word' id='word_1_99' title='bbox 447 1259 538 1305; x_wconf 82' lang='grc' dir='ltr'>ἄξων</span> <span class='ocrx_word' id='word_1_100' title='bbox 567 1259 597 1297; x_wconf 85' lang='grc' dir='ltr'>δ’</span> <span class='ocrx_word' id='word_1_101' title='bbox 627 1261 662 1298; x_wconf 84' lang='grc' dir='ltr'>ἐν</span> <span class='ocrx_word' id='word_1_102' title='bbox 689 1259 1033 1312; x_wconf 52' lang='grc' dir='ltr'>χνοιῇς-ὲπέμπειν,</span> <span class='ocrx_word' id='word_1_103' title='bbox 1064 1267 1144 1295; x_wconf 81' lang='lat' dir='ltr'>tuin</span> <span class='ocrx_word' id='word_1_104' title='bbox 1167 1260 1193 1295; x_wconf 88' lang='lat' dir='ltr'>ii</span> 
     </span>
     <span class='ocr_line' id='line_1_18' title="bbox 140 1319 1188 1370; baseline -0.003 -12"><span class='ocrx_word' id='word_1_105' title='bbox 140 1322 281 1370; x_wconf 89' lang='lat' dir='ltr'>quibus</span> <span class='ocrx_word' id='word_1_106' title='bbox 317 1329 465 1358; x_wconf 90' lang='lat' dir='ltr'>sextum</span> <span class='ocrx_word' id='word_1_107' title='bbox 499 1329 536 1358; x_wconf 85' lang='lat' dir='ltr'>et</span> <span class='ocrx_word' id='word_1_108' title='bbox 570 1322 772 1370; x_wconf 87' lang='lat' dir='ltr'>septimum</span> <span class='ocrx_word' id='word_1_109' title='bbox 806 1321 936 1356; x_wconf 89' lang='lat' dir='ltr'>locum</span> <span class='ocrx_word' id='word_1_110' title='bbox 970 1319 1146 1356; x_wconf 85' lang='lat' dir='ltr'>dedimus</span> <span class='ocrx_word' id='word_1_111' title='bbox 1181 1332 1188 1355; x_wconf 95' lang='lat'><strong>:</strong></span> 
     </span>
     <span class='ocr_line' id='line_1_19' title="bbox 139 1376 1192 1432; baseline -0.004 -14"><span class='ocrx_word' id='word_1_112' title='bbox 139 1378 580 1432; x_wconf 75' lang='grc' dir='ltr'>Ἡλιάδες-καλύπτρας.</span> <span class='ocrx_word' id='word_1_113' title='bbox 595 1400 649 1409; x_wconf 81' lang='lat'>-—</span> <span class='ocrx_word' id='word_1_114' title='bbox 662 1380 789 1417; x_wconf 85' lang='lat' dir='ltr'>Verba</span> <span class='ocrx_word' id='word_1_115' title='bbox 799 1377 947 1429; x_wconf 84' lang='grc' dir='ltr'>δώματα</span> <span class='ocrx_word' id='word_1_116' title='bbox 967 1376 1086 1421; x_wconf 87' lang='grc' dir='ltr'>νυκτός</span> <span class='ocrx_word' id='word_1_117' title='bbox 1097 1379 1192 1414; x_wconf 88' lang='lat' dir='ltr'><strong>nihil</strong></span> 
     </span>
     <span class='ocr_line' id='line_1_20' title="bbox 137 1437 1191 1489; baseline -0.001 -15"><span class='ocrx_word' id='word_1_118' title='bbox 137 1438 351 1489; x_wconf 86' lang='lat' dir='ltr'>significant</span> <span class='ocrx_word' id='word_1_119' title='bbox 386 1440 456 1475; x_wconf 87' lang='lat' dir='ltr'>nisi</span> <span class='ocrx_word' id='word_1_120' title='bbox 492 1437 620 1486; x_wconf 83' lang='grc' dir='ltr'>νύκτα;</span> <span class='ocrx_word' id='word_1_121' title='bbox 648 1440 959 1488; x_wconf 88' lang='lat' dir='ltr'>quippeenocte</span> <span class='ocrx_word' id='word_1_122' title='bbox 991 1440 1032 1474; x_wconf 90' lang='lat' dir='ltr'>in</span> <span class='ocrx_word' id='word_1_123' title='bbox 1066 1439 1191 1475; x_wconf 89' lang='lat' dir='ltr'>lucem</span> 
     </span>
     <span class='ocr_line' id='line_1_21' title="bbox 136 1496 1192 1550; baseline 0.002 -16"><span class='ocrx_word' id='word_1_124' title='bbox 136 1496 237 1536; x_wconf 83' lang='lat' dir='ltr'>Soli&#39;s</span> <span class='ocrx_word' id='word_1_125' title='bbox 252 1496 339 1534; x_wconf 88' lang='lat' dir='ltr'>filiae</span> <span class='ocrx_word' id='word_1_126' title='bbox 364 1498 538 1536; x_wconf 89' lang='lat' dir='ltr'>tendunt.</span> <span class='ocrx_word' id='word_1_127' title='bbox 560 1499 714 1535; x_wconf 76' lang='lat' dir='ltr'>Praestat</span> <span class='ocrx_word' id='word_1_128' title='bbox 737 1506 863 1534; x_wconf 89' lang='lat' dir='ltr'>autem</span> <span class='ocrx_word' id='word_1_129' title='bbox 881 1498 928 1540; x_wconf 85' lang='grc' dir='ltr'>εἷς</span> <span class='ocrx_word' id='word_1_130' title='bbox 943 1496 1028 1550; x_wconf 83' lang='grc' dir='ltr'>φάος</span> <span class='ocrx_word' id='word_1_131' title='bbox 1048 1498 1192 1536; x_wconf 87' lang='lat' dir='ltr'>referre</span> 
     </span>
     <span class='ocr_line' id='line_1_22' title="bbox 136 1555 974 1609; baseline 0.001 -15"><span class='ocrx_word' id='word_1_132' title='bbox 136 1557 185 1594; x_wconf 90' lang='lat' dir='ltr'>ad</span> <span class='ocrx_word' id='word_1_133' title='bbox 198 1555 275 1595; x_wconf 86' lang='grc' dir='ltr'>ὁδὸν</span> <span class='ocrx_word' id='word_1_134' title='bbox 293 1555 502 1608; x_wconf 83' lang='grc' dir='ltr'>ἡγεμόνευον</span> <span class='ocrx_word' id='word_1_135' title='bbox 525 1570 638 1607; x_wconf 90' lang='lat' dir='ltr'>quam</span> <span class='ocrx_word' id='word_1_136' title='bbox 654 1557 703 1594; x_wconf 86' lang='lat' dir='ltr'>ad</span> <span class='ocrx_word' id='word_1_137' title='bbox 722 1557 974 1609; x_wconf 83' lang='grc' dir='ltr'>προλιποῦσαι.</span> 
     </span>
    </p>

    <p class='ocr_par' dir='ltr' id='par_1_7' title="bbox 133 1614 1191 1907">
     <span class='ocr_line' id='line_1_23' title="bbox 188 1614 1190 1669; baseline -0.001 -15"><span class='ocrx_word' id='word_1_138' title='bbox 188 1617 235 1654; x_wconf 91' lang='lat' dir='ltr'>V.</span> <span class='ocrx_word' id='word_1_139' title='bbox 261 1629 296 1664; x_wconf 90' lang='lat'>7.</span> <span class='ocrx_word' id='word_1_140' title='bbox 317 1614 500 1666; x_wconf 81' lang='grc' dir='ltr'>ὠσάμεναι</span> <span class='ocrx_word' id='word_1_141' title='bbox 513 1617 652 1667; x_wconf 79' lang='grc' dir='ltr'>κρατῶν</span> <span class='ocrx_word' id='word_1_142' title='bbox 672 1614 756 1663; x_wconf 82' lang='grc' dir='ltr'>ἄπο)</span> <span class='ocrx_word' id='word_1_143' title='bbox 776 1616 900 1655; x_wconf 90' lang='lat' dir='ltr'>Codd.</span> <span class='ocrx_word' id='word_1_144' title='bbox 918 1618 1111 1669; x_wconf 83' lang='grc' dir='ltr'>κρατερῶν,</span> <span class='ocrx_word' id='word_1_145' title='bbox 1128 1619 1190 1654; x_wconf 88' lang='lat' dir='ltr'>alii</span> 
     </span>
     <span class='ocr_line' id='line_1_24' title="bbox 135 1675 1187 1729; baseline -0.001 -16"><span class='ocrx_word' id='word_1_146' title='bbox 135 1675 335 1727; x_wconf 78' lang='grc' dir='ltr'>κρατεραῖς.</span> <span class='ocrx_word' id='word_1_147' title='bbox 359 1677 602 1713; x_wconf 86' lang='lat' dir='ltr'>Heinrichius</span> <span class='ocrx_word' id='word_1_148' title='bbox 623 1676 715 1725; x_wconf 84' lang='lat' dir='ltr'>legit</span> <span class='ocrx_word' id='word_1_149' title='bbox 741 1676 852 1723; x_wconf 83' lang='lat' dir='ltr'>jussit</span> <span class='ocrx_word' id='word_1_150' title='bbox 871 1675 1068 1729; x_wconf 81' lang='grc' dir='ltr'>κροτάφων,</span> <span class='ocrx_word' id='word_1_151' title='bbox 1090 1678 1187 1713; x_wconf 86' lang='lat' dir='ltr'>Kar-</span> 
     </span>
     <span class='ocr_line' id='line_1_25' title="bbox 134 1735 1191 1787; baseline 0.001 -16"><span class='ocrx_word' id='word_1_152' title='bbox 134 1737 275 1772; x_wconf 89' lang='lat' dir='ltr'>stenius</span> <span class='ocrx_word' id='word_1_153' title='bbox 289 1736 442 1787; x_wconf 84' lang='grc' dir='ltr'>κρατῶν.</span> <span class='ocrx_word' id='word_1_154' title='bbox 462 1736 623 1785; x_wconf 78' lang='lat' dir='ltr'>Imagini</span> <span class='ocrx_word' id='word_1_155' title='bbox 634 1735 819 1772; x_wconf 76' lang='lat' dir='ltr'>inchoatae</span> <span class='ocrx_word' id='word_1_156' title='bbox 832 1736 943 1773; x_wconf 86' lang='lat' dir='ltr'>valde</span> <span class='ocrx_word' id='word_1_157' title='bbox 963 1737 1191 1773; x_wconf 87' lang='lat' dir='ltr'>conveniens</span> 
     </span>
     <span class='ocr_line' id='line_1_26' title="bbox 134 1795 1190 1844; baseline 0 -12"><span class='ocrx_word' id='word_1_158' title='bbox 134 1802 189 1832; x_wconf 90' lang='lat' dir='ltr'>est</span> <span class='ocrx_word' id='word_1_159' title='bbox 219 1795 333 1843; x_wconf 91' lang='lat' dir='ltr'>hujus</span> <span class='ocrx_word' id='word_1_160' title='bbox 371 1808 499 1832; x_wconf 85' lang='lat' dir='ltr'>versus</span> <span class='ocrx_word' id='word_1_161' title='bbox 544 1796 738 1832; x_wconf 88' lang='lat' dir='ltr'>sententia.</span> <span class='ocrx_word' id='word_1_162' title='bbox 778 1796 970 1834; x_wconf 83' lang='lat' dir='ltr'><strong>Flammea</strong></span> <span class='ocrx_word' id='word_1_163' title='bbox 1008 1796 1190 1844; x_wconf 90' lang='lat' dir='ltr'>rejiciunt</span> 
     </span>
     <span class='ocr_line' id='line_1_27' title="bbox 133 1855 1117 1907; baseline 0.002 -15"><span class='ocrx_word' id='word_1_164' title='bbox 133 1857 292 1907; x_wconf 82' lang='lat' dir='ltr'>puellae,</span> <span class='ocrx_word' id='word_1_165' title='bbox 314 1863 493 1905; x_wconf 67' lang='lat' dir='ltr'>utpote‘e</span> <span class='ocrx_word' id='word_1_166' title='bbox 513 1855 678 1893; x_wconf 87' lang='lat' dir='ltr'>tenebris</span> <span class='ocrx_word' id='word_1_167' title='bbox 698 1855 738 1890; x_wconf 90' lang='lat' dir='ltr'>in</span> <span class='ocrx_word' id='word_1_168' title='bbox 755 1856 879 1891; x_wconf 91' lang='lat' dir='ltr'>lucem</span> <span class='ocrx_word' id='word_1_169' title='bbox 901 1867 1117 1894; x_wconf 88' lang='lat' dir='ltr'>emersurae.</span> 
     </span>
    </p>

    <p class='ocr_par' dir='ltr' id='par_1_8' title="bbox 132 1912 1191 2134">
     <span class='ocr_line' id='line_1_28' title="bbox 187 1912 1191 1967; baseline -0.005 -13"><span class='ocrx_word' id='word_1_170' title='bbox 187 1918 233 1955; x_wconf 89' lang='lat' dir='ltr'>V.</span> <span class='ocrx_word' id='word_1_171' title='bbox 254 1915 292 1955; x_wconf 88' lang='lat'>8.</span> <span class='ocrx_word' id='word_1_172' title='bbox 313 1914 404 1960; x_wconf 79' lang='grc' dir='ltr'>ἄξων</span> <span class='ocrx_word' id='word_1_173' title='bbox 421 1915 448 1953; x_wconf 88' lang='grc' dir='ltr'>δ’</span> <span class='ocrx_word' id='word_1_174' title='bbox 466 1916 499 1953; x_wconf 85' lang='grc' dir='ltr'>ἐν</span> <span class='ocrx_word' id='word_1_175' title='bbox 520 1917 680 1967; x_wconf 77' lang='grc' dir='ltr'>χνοιῇσιν</span> <span class='ocrx_word' id='word_1_176' title='bbox 698 1912 759 1962; x_wconf 78' lang='grc' dir='ltr'>ἵει)</span> <span class='ocrx_word' id='word_1_177' title='bbox 784 1915 858 1951; x_wconf 83' lang='lat' dir='ltr'>Hic</span> <span class='ocrx_word' id='word_1_178' title='bbox 876 1927 1005 1951; x_wconf 86' lang='lat' dir='ltr'>versus</span> <span class='ocrx_word' id='word_1_179' title='bbox 1025 1914 1065 1949; x_wconf 91' lang='lat' dir='ltr'>in</span> <span class='ocrx_word' id='word_1_180' title='bbox 1084 1913 1191 1950; x_wconf 87' lang='lat' dir='ltr'>libris</span> 
     </span>
     <span class='ocr_line' id='line_1_29' title="bbox 133 1971 1186 2025; baseline 0.001 -14"><span class='ocrx_word' id='word_1_181' title='bbox 133 1977 185 2012; x_wconf 89' lang='lat' dir='ltr'>ita</span> <span class='ocrx_word' id='word_1_182' title='bbox 197 1976 395 2012; x_wconf 90' lang='lat' dir='ltr'>mutilatus</span> <span class='ocrx_word' id='word_1_183' title='bbox 408 1983 485 2012; x_wconf 85' lang='lat' dir='ltr'>est:</span> <span class='ocrx_word' id='word_1_184' title='bbox 509 1974 600 2019; x_wconf 81' lang='grc' dir='ltr'>ἄξων</span> <span class='ocrx_word' id='word_1_185' title='bbox 619 1971 648 2011; x_wconf 85' lang='grc' dir='ltr'>δ’</span> <span class='ocrx_word' id='word_1_186' title='bbox 667 1974 703 2011; x_wconf 87' lang='grc' dir='ltr'>ἐν</span> <span class='ocrx_word' id='word_1_187' title='bbox 717 1975 874 2025; x_wconf 81' lang='grc' dir='ltr'>χνοιῇσιν</span> <span class='ocrx_word' id='word_1_188' title='bbox 889 1972 1047 2024; x_wconf 78' lang='grc' dir='ltr'>σύριγγος</span> <span class='ocrx_word' id='word_1_189' title='bbox 1062 1971 1186 2019; x_wconf 78' lang='grc' dir='ltr'>ἀϋτήν.</span> 
     </span>
     <span class='ocr_line' id='line_1_30' title="bbox 134 2029 1187 2081; baseline -0.003 -10"><span class='ocrx_word' id='word_1_190' title='bbox 134 2035 355 2071; x_wconf 88' lang='lat' dir='ltr'>Karstenius</span> <span class='ocrx_word' id='word_1_191' title='bbox 375 2042 480 2072; x_wconf 87' lang='lat' dir='ltr'>recte</span> <span class='ocrx_word' id='word_1_192' title='bbox 498 2029 649 2072; x_wconf 83' lang='lat' dir='ltr'>addidit</span> <span class='ocrx_word' id='word_1_193' title='bbox 663 2030 729 2081; x_wconf 85' lang='grc' dir='ltr'>ἵει;</span> <span class='ocrx_word' id='word_1_194' title='bbox 751 2041 975 2070; x_wconf 84' lang='lat' dir='ltr'>caeterorum</span> <span class='ocrx_word' id='word_1_195' title='bbox 990 2032 1187 2080; x_wconf 86' lang='lat' dir='ltr'>conjectu-</span> 
     </span>
     <span class='ocr_line' id='line_1_31' title="bbox 132 2095 428 2134; baseline 0.007 -3"><span class='ocrx_word' id='word_1_196' title='bbox 132 2107 190 2132; x_wconf 89' lang='lat' dir='ltr'>ras</span> <span class='ocrx_word' id='word_1_197' title='bbox 206 2095 428 2134; x_wconf 83' lang='lat' dir='ltr'>omittimus.</span> 
     </span>
    </p>

    <p class='ocr_par' dir='ltr' id='par_1_9' title="bbox 131 2152 1188 2262">
     <span class='ocr_line' id='line_1_32' title="bbox 184 2152 1188 2206; baseline -0.003 -15"><span class='ocrx_word' id='word_1_198' title='bbox 184 2155 230 2191; x_wconf 87' lang='lat' dir='ltr'>V.</span> <span class='ocrx_word' id='word_1_199' title='bbox 260 2167 322 2192; x_wconf 88' lang='lat'>10.</span> <span class='ocrx_word' id='word_1_200' title='bbox 346 2152 564 2206; x_wconf 76' lang='grc' dir='ltr'>σπερχοίατο</span> <span class='ocrx_word' id='word_1_201' title='bbox 598 2154 717 2203; x_wconf 84' lang='lat' dir='ltr'>magis</span> <span class='ocrx_word' id='word_1_202' title='bbox 738 2159 1032 2189; x_wconf 88' lang='lat' dir='ltr'>consentaneum</span> <span class='ocrx_word' id='word_1_203' title='bbox 1062 2159 1116 2188; x_wconf 88' lang='lat' dir='ltr'>est</span> <span class='ocrx_word' id='word_1_204' title='bbox 1140 2152 1188 2188; x_wconf 92' lang='lat' dir='ltr'>ad</span> 
     </span>
     <span class='ocr_line' id='line_1_33' title="bbox 131 2211 823 2262; baseline -0.003 -12"><span class='ocrx_word' id='word_1_205' title='bbox 131 2226 251 2262; x_wconf 88' lang='lat' dir='ltr'>equos</span> <span class='ocrx_word' id='word_1_206' title='bbox 269 2225 385 2262; x_wconf 87' lang='lat' dir='ltr'>quam</span> <span class='ocrx_word' id='word_1_207' title='bbox 401 2214 451 2250; x_wconf 86' lang='lat' dir='ltr'>ad</span> <span class='ocrx_word' id='word_1_208' title='bbox 470 2211 646 2250; x_wconf 86' lang='lat' dir='ltr'>Heliades</span> <span class='ocrx_word' id='word_1_209' title='bbox 663 2212 823 2249; x_wconf 85' lang='lat' dir='ltr'>referre.</span> 
     </span>
    </p>

    <p class='ocr_par' dir='ltr' id='par_1_10' title="bbox 81 2268 1187 2978">
     <span class='ocr_line' id='line_1_34' title="bbox 183 2268 1186 2322; baseline -0.005 -10"><span class='ocrx_word' id='word_1_210' title='bbox 183 2272 232 2312; x_wconf 89' lang='lat' dir='ltr'>V.</span> <span class='ocrx_word' id='word_1_211' title='bbox 261 2286 275 2309; x_wconf 94' lang='lat'>1</span> <span class='ocrx_word' id='word_1_212' title='bbox 289 2286 322 2309; x_wconf 90' lang='lat'>1.</span> <span class='ocrx_word' id='word_1_213' title='bbox 343 2268 457 2311; x_wconf 77' lang='grc' dir='ltr'>Ἔνθα</span> <span class='ocrx_word' id='word_1_214' title='bbox 477 2269 586 2309; x_wconf 84' lang='grc' dir='ltr'>πύλαι</span> <span class='ocrx_word' id='word_1_215' title='bbox 605 2268 738 2322; x_wconf 80' lang='grc' dir='ltr'>νυκτὸς)</span> <span class='ocrx_word' id='word_1_216' title='bbox 758 2272 869 2308; x_wconf 87' lang='lat' dir='ltr'>Hunc</span> <span class='ocrx_word' id='word_1_217' title='bbox 889 2283 1039 2308; x_wconf 86' lang='lat' dir='ltr'>versum</span> <span class='ocrx_word' id='word_1_218' title='bbox 1062 2272 1186 2308; x_wconf 85' lang='lat' dir='ltr'>attin-</span> 
     </span>
     <span class='ocr_line' id='line_1_35' title="bbox 130 2331 1187 2382; baseline -0.001 -13"><span class='ocrx_word' id='word_1_219' title='bbox 130 2333 185 2382; x_wconf 84' lang='lat' dir='ltr'>git</span> <span class='ocrx_word' id='word_1_220' title='bbox 202 2333 438 2382; x_wconf 85' lang='lat' dir='ltr'>Porphyrius</span> <span class='ocrx_word' id='word_1_221' title='bbox 469 2331 516 2368; x_wconf 92' lang='lat' dir='ltr'>de</span> <span class='ocrx_word' id='word_1_222' title='bbox 538 2332 651 2370; x_wconf 81' lang='lat' dir='ltr'>Antr.</span> <span class='ocrx_word' id='word_1_223' title='bbox 678 2331 844 2380; x_wconf 82' lang='lat' dir='ltr'>Nymph.</span> <span class='ocrx_word' id='word_1_224' title='bbox 873 2344 907 2369; x_wconf 91' lang='lat' dir='ltr'>c.</span> <span class='ocrx_word' id='word_1_225' title='bbox 933 2343 997 2368; x_wconf 81' lang='lat'>22.</span> <span class='ocrx_word' id='word_1_226' title='bbox 1030 2331 1187 2368; x_wconf 86' lang='lat' dir='ltr'>Aditum</span> 
     </span>
     <span class='ocr_line' id='line_1_36' title="bbox 129 2390 1186 2436; baseline -0.001 -7"><span class='ocrx_word' id='word_1_227' title='bbox 129 2392 178 2429; x_wconf 87' lang='lat' dir='ltr'>ad</span> <span class='ocrx_word' id='word_1_228' title='bbox 198 2392 277 2428; x_wconf 88' lang='lat' dir='ltr'>deae</span> <span class='ocrx_word' id='word_1_229' title='bbox 303 2391 433 2428; x_wconf 84' lang='lat' dir='ltr'>fanum</span> <span class='ocrx_word' id='word_1_230' title='bbox 460 2391 513 2428; x_wconf 88' lang='lat' dir='ltr'>ita</span> <span class='ocrx_word' id='word_1_231' title='bbox 539 2390 722 2427; x_wconf 85' lang='lat' dir='ltr'>describit</span> <span class='ocrx_word' id='word_1_232' title='bbox 747 2390 1001 2436; x_wconf 84' lang='lat' dir='ltr'>Parmenides,</span> <span class='ocrx_word' id='word_1_233' title='bbox 1026 2398 1070 2427; x_wconf 91' lang='lat' dir='ltr'>ut</span> <span class='ocrx_word' id='word_1_234' title='bbox 1102 2392 1186 2428; x_wconf 91' lang='lat' dir='ltr'>coeli</span> 
     </span>
     <span class='ocr_line' id='line_1_37' title="bbox 129 2450 1187 2501; baseline 0.003 -15"><span class='ocrx_word' id='word_1_235' title='bbox 129 2452 283 2501; x_wconf 84' lang='lat' dir='ltr'><strong>plagam</strong></span> <span class='ocrx_word' id='word_1_236' title='bbox 302 2463 381 2491; x_wconf 83' lang='lat' dir='ltr'>esse</span> <span class='ocrx_word' id='word_1_237' title='bbox 409 2450 512 2488; x_wconf 89' lang='lat' dir='ltr'>dicat</span> <span class='ocrx_word' id='word_1_238' title='bbox 530 2451 570 2487; x_wconf 91' lang='lat' dir='ltr'>in</span> <span class='ocrx_word' id='word_1_239' title='bbox 590 2463 666 2499; x_wconf 89' lang='lat' dir='ltr'>qua</span> <span class='ocrx_word' id='word_1_240' title='bbox 693 2451 771 2486; x_wconf 88' lang='lat' dir='ltr'>sitae</span> <span class='ocrx_word' id='word_1_241' title='bbox 795 2451 870 2487; x_wconf 89' lang='lat' dir='ltr'>sint</span> <span class='ocrx_word' id='word_1_242' title='bbox 895 2450 989 2486; x_wconf 93' lang='lat' dir='ltr'>lucis</span> <span class='ocrx_word' id='word_1_243' title='bbox 1008 2456 1044 2486; x_wconf 90' lang='lat' dir='ltr'>et</span> <span class='ocrx_word' id='word_1_244' title='bbox 1064 2453 1187 2489; x_wconf 89' lang='lat' dir='ltr'>noctis</span> 
     </span>
     <span class='ocr_line' id='line_1_38' title="bbox 129 2509 1186 2558; baseline 0.001 -12"><span class='ocrx_word' id='word_1_245' title='bbox 129 2511 211 2546; x_wconf 77' lang='lat' dir='ltr'>viae.</span> <span class='ocrx_word' id='word_1_246' title='bbox 236 2511 354 2546; x_wconf 87' lang='lat' dir='ltr'>—Hunc</span> <span class='ocrx_word' id='word_1_247' title='bbox 376 2510 507 2546; x_wconf 89' lang='lat' dir='ltr'>locum</span> <span class='ocrx_word' id='word_1_248' title='bbox 524 2522 605 2545; x_wconf 88' lang='lat' dir='ltr'>non</span> <span class='ocrx_word' id='word_1_249' title='bbox 623 2509 740 2558; x_wconf 82' lang='lat' dir='ltr'>vulgo</span> <span class='ocrx_word' id='word_1_250' title='bbox 761 2516 969 2557; x_wconf 89' lang='lat' dir='ltr'>patentem,</span> <span class='ocrx_word' id='word_1_251' title='bbox 985 2509 1052 2546; x_wconf 89' lang='lat' dir='ltr'>sed</span> <span class='ocrx_word' id='word_1_252' title='bbox 1069 2511 1186 2547; x_wconf 84' lang='lat' dir='ltr'>valvis</span> 
     </span>
     <span class='ocr_line' id='line_1_39' title="bbox 129 2567 1184 2619; baseline -0.001 -12"><span class='ocrx_word' id='word_1_253' title='bbox 129 2577 279 2619; x_wconf 87' lang='lat' dir='ltr'>septum</span> <span class='ocrx_word' id='word_1_254' title='bbox 297 2582 374 2606; x_wconf 89' lang='lat' dir='ltr'>esse</span> <span class='ocrx_word' id='word_1_255' title='bbox 394 2570 459 2615; x_wconf 88' lang='lat' dir='ltr'>ait,</span> <span class='ocrx_word' id='word_1_256' title='bbox 481 2581 574 2617; x_wconf 90' lang='lat' dir='ltr'>quas</span> <span class='ocrx_word' id='word_1_257' title='bbox 604 2567 797 2605; x_wconf 87' lang='lat' dir='ltr'>custodiat</span> <span class='ocrx_word' id='word_1_258' title='bbox 831 2568 996 2607; x_wconf 84' lang='lat' dir='ltr'>Justitia.</span> <span class='ocrx_word' id='word_1_259' title='bbox 1026 2569 1097 2604; x_wconf 86' lang='lat' dir='ltr'>Per</span> <span class='ocrx_word' id='word_1_260' title='bbox 1117 2570 1184 2606; x_wconf 89' lang='lat' dir='ltr'>has</span> 
     </span>
     <span class='ocr_line' id='line_1_40' title="bbox 128 2627 1184 2667; baseline -0.003 1"><span class='ocrx_word' id='word_1_261' title='bbox 128 2632 254 2667; x_wconf 83' lang='lat' dir='ltr'>valvas</span> <span class='ocrx_word' id='word_1_262' title='bbox 288 2630 412 2667; x_wconf 86' lang='lat' dir='ltr'>aditus</span> <span class='ocrx_word' id='word_1_263' title='bbox 442 2635 497 2665; x_wconf 87' lang='lat' dir='ltr'>est</span> <span class='ocrx_word' id='word_1_264' title='bbox 517 2628 564 2665; x_wconf 89' lang='lat' dir='ltr'>ad</span> <span class='ocrx_word' id='word_1_265' title='bbox 594 2627 728 2666; x_wconf 81' lang='lat' dir='ltr'>aedem.</span> <span class='ocrx_word' id='word_1_266' title='bbox 760 2628 855 2665; x_wconf 84' lang='lat' dir='ltr'>Sunt</span> <span class='ocrx_word' id='word_1_267' title='bbox 878 2634 1004 2663; x_wconf 90' lang='lat' dir='ltr'>autem</span> <span class='ocrx_word' id='word_1_268' title='bbox 1032 2627 1128 2665; x_wconf 88' lang='lat' dir='ltr'>lucis</span> <span class='ocrx_word' id='word_1_269' title='bbox 1148 2637 1184 2665; x_wconf 91' lang='lat' dir='ltr'>et</span> 
     </span>
     <span class='ocr_line' id='line_1_41' title="bbox 127 2685 1184 2736; baseline -0.001 -11"><span class='ocrx_word' id='word_1_270' title='bbox 127 2690 251 2726; x_wconf 88' lang='lat' dir='ltr'>noctis</span> <span class='ocrx_word' id='word_1_271' title='bbox 272 2689 341 2725; x_wconf 86' lang='lat' dir='ltr'>viae</span> <span class='ocrx_word' id='word_1_272' title='bbox 362 2687 459 2724; x_wconf 88' lang='lat' dir='ltr'>nihil</span> <span class='ocrx_word' id='word_1_273' title='bbox 484 2687 557 2723; x_wconf 87' lang='lat' dir='ltr'>nisi</span> <span class='ocrx_word' id='word_1_274' title='bbox 582 2686 750 2723; x_wconf 79' lang='lat' dir='ltr'>veritatis</span> <span class='ocrx_word' id='word_1_275' title='bbox 773 2693 810 2722; x_wconf 88' lang='lat' dir='ltr'>et</span> <span class='ocrx_word' id='word_1_276' title='bbox 839 2685 1015 2722; x_wconf 83' lang='lat' dir='ltr'>salsarum</span> <span class='ocrx_word' id='word_1_277' title='bbox 1037 2687 1184 2736; x_wconf 89' lang='lat' dir='ltr'>opinio-</span> 
     </span>
     <span class='ocr_line' id='line_1_42' title="bbox 126 2739 1179 2795; baseline -0.002 -10"><span class='ocrx_word' id='word_1_278' title='bbox 126 2761 220 2785; x_wconf 89' lang='lat' dir='ltr'>num</span> <span class='ocrx_word' id='word_1_279' title='bbox 242 2748 409 2785; x_wconf 88' lang='lat' dir='ltr'>rationes</span> <span class='ocrx_word' id='word_1_280' title='bbox 423 2773 433 2792; x_wconf 91' lang='lat'>,</span> <span class='ocrx_word' id='word_1_281' title='bbox 458 2758 550 2795; x_wconf 88' lang='lat' dir='ltr'>quas</span> <span class='ocrx_word' id='word_1_282' title='bbox 570 2746 641 2783; x_wconf 89' lang='lat' dir='ltr'>dea</span> <span class='ocrx_word' id='word_1_283' title='bbox 668 2745 885 2782; x_wconf 87' lang='lat' dir='ltr'>Parmenidi</span> <span class='ocrx_word' id='word_1_284' title='bbox 905 2739 1091 2782; x_wconf 83' lang='lat' dir='ltr'>traditura</span> <span class='ocrx_word' id='word_1_285' title='bbox 1110 2753 1179 2784; x_wconf 88' lang='lat' dir='ltr'>est.</span> 
     </span>
     <span class='ocr_line' id='line_1_43' title="bbox 126 2803 1180 2856; baseline -0.003 -11"><span class='ocrx_word' id='word_1_286' title='bbox 126 2809 184 2845; x_wconf 91' lang='lat' dir='ltr'>De</span> <span class='ocrx_word' id='word_1_287' title='bbox 200 2808 350 2856; x_wconf 89' lang='lat' dir='ltr'>reliquo</span> <span class='ocrx_word' id='word_1_288' title='bbox 370 2803 480 2843; x_wconf 85' lang='grc' dir='ltr'>πύλαι</span> <span class='ocrx_word' id='word_1_289' title='bbox 498 2806 566 2842; x_wconf 89' lang='lat' dir='ltr'>etsi</span> <span class='ocrx_word' id='word_1_290' title='bbox 586 2804 790 2855; x_wconf 86' lang='lat' dir='ltr'>pluraliter</span> <span class='ocrx_word' id='word_1_291' title='bbox 806 2817 1038 2854; x_wconf 85' lang='lat' dir='ltr'>expressum,</span> <span class='ocrx_word' id='word_1_292' title='bbox 1057 2812 1180 2842; x_wconf 88' lang='lat' dir='ltr'>tamen</span> 
     </span>
     <span class='ocr_line' id='line_1_44' title="bbox 125 2866 1179 2917; baseline -0.005 -12"><span class='ocrx_word' id='word_1_293' title='bbox 125 2874 170 2905; x_wconf 87' lang='lat' dir='ltr'>ut</span> <span class='ocrx_word' id='word_1_294' title='bbox 197 2867 302 2917; x_wconf 87' lang='lat' dir='ltr'>apud</span> <span class='ocrx_word' id='word_1_295' title='bbox 329 2867 543 2903; x_wconf 83' lang='lat' dir='ltr'>Homerum</span> <span class='ocrx_word' id='word_1_296' title='bbox 562 2878 635 2915; x_wconf 86' lang='lat' dir='ltr'>pro</span> <span class='ocrx_word' id='word_1_297' title='bbox 655 2877 734 2901; x_wconf 89' lang='lat' dir='ltr'>una</span> <span class='ocrx_word' id='word_1_298' title='bbox 751 2871 898 2901; x_wconf 88' lang='lat' dir='ltr'>tantum</span> <span class='ocrx_word' id='word_1_299' title='bbox 927 2871 1043 2914; x_wconf 86' lang='lat' dir='ltr'>porta</span> <span class='ocrx_word' id='word_1_300' title='bbox 1059 2866 1179 2914; x_wconf 89' lang='lat' dir='ltr'>accipi</span> 
     </span>
     <span class='ocr_line' id='line_1_45' title="bbox 81 2934 294 2978; baseline -0.009 -12"><span class='ocrx_word' id='word_1_301' title='bbox 81 2973 83 2976; x_wconf 17' lang='lat' dir='ltr'>v</span> <span class='ocrx_word' id='word_1_302' title='bbox 126 2934 294 2978; x_wconf 82' lang='lat' dir='ltr'>oportet.</span> 
     </span>
    </p>

    <p class='ocr_par' dir='ltr' id='par_1_11' title="bbox 109 2982 1179 3511">
     <span class='ocr_line' id='line_1_46' title="bbox 178 2982 1178 3037; baseline -0.004 -14"><span class='ocrx_word' id='word_1_303' title='bbox 178 2989 225 3027; x_wconf 86' lang='lat' dir='ltr'>V.</span> <span class='ocrx_word' id='word_1_304' title='bbox 249 2986 310 3025; x_wconf 86' lang='lat'>13.</span> <span class='ocrx_word' id='word_1_305' title='bbox 335 2983 436 3024; x_wconf 75' lang='grc' dir='ltr'>αὐταὶ</span> <span class='ocrx_word' id='word_1_306' title='bbox 455 2985 484 3023; x_wconf 85' lang='grc' dir='ltr'>δ’</span> <span class='ocrx_word' id='word_1_307' title='bbox 508 2982 620 3037; x_wconf 81' lang='grc' dir='ltr'>αἰθέρι</span> <span class='ocrx_word' id='word_1_308' title='bbox 648 2983 859 3030; x_wconf 83' lang='grc' dir='ltr'>κέκλεινται)</span> <span class='ocrx_word' id='word_1_309' title='bbox 879 2985 1063 3019; x_wconf 89' lang='lat' dir='ltr'>Intactam</span> <span class='ocrx_word' id='word_1_310' title='bbox 1091 2985 1178 3020; x_wconf 90' lang='lat' dir='ltr'>reli-</span> 
     </span>
     <span class='ocr_line' id='line_1_47' title="bbox 109 3042 1177 3096; baseline -0.007 -11"><span class='ocrx_word' id='word_1_311' title='bbox 109 3052 294 3096; x_wconf 88' lang='lat' dir='ltr'>·querunt</span> <span class='ocrx_word' id='word_1_312' title='bbox 325 3044 541 3082; x_wconf 85' lang='lat' dir='ltr'>Karstenius</span> <span class='ocrx_word' id='word_1_313' title='bbox 569 3052 605 3081; x_wconf 93' lang='lat' dir='ltr'>et</span> <span class='ocrx_word' id='word_1_314' title='bbox 638 3043 830 3080; x_wconf 86' lang='lat' dir='ltr'>Bekkerus</span> <span class='ocrx_word' id='word_1_315' title='bbox 871 3042 1177 3078; x_wconf 87' lang='lat' dir='ltr'>membranarum</span> 
     </span>
     <span class='ocr_line' id='line_1_48' title="bbox 125 3101 1179 3156; baseline -0.006 -12"><span class='ocrx_word' id='word_1_316' title='bbox 125 3107 352 3156; x_wconf 81' lang='lat' dir='ltr'>scripturam</span> <span class='ocrx_word' id='word_1_317' title='bbox 373 3103 522 3156; x_wconf 85' lang='grc' dir='ltr'>αἰθέριαι</span> <span class='ocrx_word' id='word_1_318' title='bbox 542 3104 709 3151; x_wconf 81' lang='grc' dir='ltr'>πλῆνται,</span> <span class='ocrx_word' id='word_1_319' title='bbox 728 3114 844 3151; x_wconf 89' lang='lat' dir='ltr'>quam</span> <span class='ocrx_word' id='word_1_320' title='bbox 866 3102 916 3138; x_wconf 93' lang='lat' dir='ltr'>ob</span> <span class='ocrx_word' id='word_1_321' title='bbox 938 3101 1069 3137; x_wconf 82' lang='lat' dir='ltr'>formae</span> <span class='ocrx_word' id='word_1_322' title='bbox 1084 3101 1179 3138; x_wconf 88' lang='lat' dir='ltr'>inso-</span> 
     </span>
     <span class='ocr_line' id='line_1_49' title="bbox 125 3160 1175 3209; baseline -0.005 -8"><span class='ocrx_word' id='word_1_323' title='bbox 125 3164 278 3201; x_wconf 89' lang='lat' dir='ltr'>lentiam</span> <span class='ocrx_word' id='word_1_324' title='bbox 308 3170 345 3201; x_wconf 91' lang='lat' dir='ltr'>et</span> <span class='ocrx_word' id='word_1_325' title='bbox 366 3164 444 3200; x_wconf 93' lang='lat' dir='ltr'>loci</span> <span class='ocrx_word' id='word_1_326' title='bbox 462 3171 652 3209; x_wconf 87' lang='lat' dir='ltr'>naturam,</span> <span class='ocrx_word' id='word_1_327' title='bbox 676 3174 755 3198; x_wconf 88' lang='lat' dir='ltr'>non</span> <span class='ocrx_word' id='word_1_328' title='bbox 777 3160 981 3197; x_wconf 87' lang='lat' dir='ltr'>defuerunt</span> <span class='ocrx_word' id='word_1_329' title='bbox 1004 3160 1068 3208; x_wconf 92' lang='lat' dir='ltr'>qui</span> <span class='ocrx_word' id='word_1_330' title='bbox 1088 3173 1175 3196; x_wconf 89' lang='lat' dir='ltr'>mu-</span> 
     </span>
     <span class='ocr_line' id='line_1_50' title="bbox 125 3219 1175 3271; baseline -0.006 -11"><span class='ocrx_word' id='word_1_331' title='bbox 125 3229 203 3261; x_wconf 80' lang='lat' dir='ltr'>tato</span> <span class='ocrx_word' id='word_1_332' title='bbox 234 3224 346 3260; x_wconf 89' lang='lat' dir='ltr'>etiam</span> <span class='ocrx_word' id='word_1_333' title='bbox 378 3223 550 3271; x_wconf 84' lang='lat' dir='ltr'>sequenti</span> <span class='ocrx_word' id='word_1_334' title='bbox 580 3223 641 3259; x_wconf 88' lang='lat' dir='ltr'>vel</span> <span class='ocrx_word' id='word_1_335' title='bbox 667 3220 906 3258; x_wconf 81' lang='lat' dir='ltr'>antecedenti</span> <span class='ocrx_word' id='word_1_336' title='bbox 931 3219 1119 3255; x_wconf 86' lang='lat' dir='ltr'>vocabulo</span> <span class='ocrx_word' id='word_1_337' title='bbox 1137 3220 1175 3255; x_wconf 87' lang='lat' dir='ltr'>in</span> 
     </span>
     <span class='ocr_line' id='line_1_51' title="bbox 123 3278 1173 3331; baseline -0.005 -11"><span class='ocrx_word' id='word_1_338' title='bbox 123 3282 258 3329; x_wconf 75' lang='grc' dir='ltr'>πλῆντο</span> <span class='ocrx_word' id='word_1_339' title='bbox 281 3283 452 3320; x_wconf 83' lang='lat' dir='ltr'>converti</span> <span class='ocrx_word' id='word_1_340' title='bbox 474 3283 627 3331; x_wconf 82' lang='lat' dir='ltr'>vellent,</span> <span class='ocrx_word' id='word_1_341' title='bbox 653 3281 714 3318; x_wconf 85' lang='lat' dir='ltr'>vel</span> <span class='ocrx_word' id='word_1_342' title='bbox 741 3280 807 3328; x_wconf 92' lang='lat' dir='ltr'>qui</span> <span class='ocrx_word' id='word_1_343' title='bbox 829 3279 933 3315; x_wconf 89' lang='lat' dir='ltr'>aliud</span> <span class='ocrx_word' id='word_1_344' title='bbox 954 3278 1114 3314; x_wconf 88' lang='lat' dir='ltr'>verbum</span> <span class='ocrx_word' id='word_1_345' title='bbox 1135 3280 1173 3315; x_wconf 90' lang='lat' dir='ltr'>in</span> 
     </span>
     <span class='ocr_line' id='line_1_52' title="bbox 122 3338 1172 3392; baseline -0.005 -12"><span class='ocrx_word' id='word_1_346' title='bbox 122 3340 205 3392; x_wconf 87' lang='lat' dir='ltr'>ejus</span> <span class='ocrx_word' id='word_1_347' title='bbox 233 3343 362 3379; x_wconf 89' lang='lat' dir='ltr'>locum</span> <span class='ocrx_word' id='word_1_348' title='bbox 398 3342 682 3380; x_wconf 82' lang='lat' dir='ltr'>substituerent.</span> <span class='ocrx_word' id='word_1_349' title='bbox 713 3342 846 3388; x_wconf 87' lang='lat' dir='ltr'>Itaque</span> <span class='ocrx_word' id='word_1_350' title='bbox 876 3338 1092 3375; x_wconf 87' lang='lat' dir='ltr'>Lobeckius</span> <span class='ocrx_word' id='word_1_351' title='bbox 1125 3339 1172 3375; x_wconf 92' lang='lat' dir='ltr'>ad</span> 
     </span>
     <span class='ocr_line' id='line_1_53' title="bbox 121 3394 1172 3449; baseline -0.007 -10"><span class='ocrx_word' id='word_1_352' title='bbox 121 3402 340 3439; x_wconf 90' lang='lat' dir='ltr'>Buttmanni</span> <span class='ocrx_word' id='word_1_353' title='bbox 360 3402 532 3439; x_wconf 88' lang='lat' dir='ltr'>Gramm.</span> <span class='ocrx_word' id='word_1_354' title='bbox 553 3401 621 3439; x_wconf 88' lang='lat' dir='ltr'>Gr.</span> <span class='ocrx_word' id='word_1_355' title='bbox 644 3401 682 3437; x_wconf 90' lang='grc' dir='ltr'>ΙΙ</span> <span class='ocrx_word' id='word_1_356' title='bbox 702 3412 745 3449; x_wconf 82' lang='grc' dir='ltr'>Ρ.</span> <span class='ocrx_word' id='word_1_357' title='bbox 771 3412 813 3445; x_wconf 83' lang='lat'>¹7</span> <span class='ocrx_word' id='word_1_358' title='bbox 839 3396 949 3447; x_wconf 85' lang='grc' dir='ltr'>αἰθέρι</span> <span class='ocrx_word' id='word_1_359' title='bbox 975 3394 1172 3433; x_wconf 85' lang='grc' dir='ltr'>πεπτέαται</span> 
     </span>
     <span class='ocr_line' id='line_1_54' title="bbox 123 3454 1172 3511; baseline -0.008 -12"><span class='ocrx_word' id='word_1_360' title='bbox 123 3460 305 3511; x_wconf 84' lang='grc' dir='ltr'>μεγάλοισι</span> <span class='ocrx_word' id='word_1_361' title='bbox 325 3467 477 3510; x_wconf 88' lang='lat' dir='ltr'>poetam</span> <span class='ocrx_word' id='word_1_362' title='bbox 497 3460 687 3509; x_wconf 84' lang='lat' dir='ltr'>scripsisse</span> <span class='ocrx_word' id='word_1_363' title='bbox 707 3458 916 3507; x_wconf 86' lang='lat' dir='ltr'>suspicatus</span> <span class='ocrx_word' id='word_1_364' title='bbox 938 3463 1004 3501; x_wconf 85' lang='lat' dir='ltr'>est,</span> <span class='ocrx_word' id='word_1_365' title='bbox 1029 3454 1172 3492; x_wconf 90' lang='lat' dir='ltr'>Seidle-</span> 
     </span>
    </p>
   </div>
   <div class='ocr_carea' id='block_1_5' title="bbox 2228 271 2302 308">
    <p class='ocr_par' dir='ltr' id='par_1_12' title="bbox 2228 271 2302 308">
     <span class='ocr_line' id='line_1_55' title="bbox 2228 271 2302 308; baseline 0.027 -2"><span class='ocrx_word' id='word_1_366' title='bbox 2228 271 2302 308; x_wconf 81' lang='lat'>11⁵</span> 
     </span>
    </p>
   </div>
   <div class='ocr_carea' id='block_1_6' title="bbox 1255 351 2310 1046">
    <p class='ocr_par' dir='ltr' id='par_1_13' title="bbox 1259 351 1998 395">
     <span class='ocr_line' id='line_1_56' title="bbox 1259 351 1998 395; baseline 0.004 -12"><span class='ocrx_word' id='word_1_367' title='bbox 1259 351 1422 393; x_wconf 82' lang='lat' dir='ltr'>(Heliades</span> <span class='ocrx_word' id='word_1_368' title='bbox 1436 351 1589 392; x_wconf 68' lang='lat' dir='ltr'>nymphae</span> <span class='ocrx_word' id='word_1_369' title='bbox 1601 376 1609 390; x_wconf 90' lang='lat'>,</span> <span class='ocrx_word' id='word_1_370' title='bbox 1625 352 1729 384; x_wconf 81' lang='lat' dir='ltr'>noctis</span> <span class='ocrx_word' id='word_1_371' title='bbox 1745 352 1841 385; x_wconf 88' lang='lat' dir='ltr'>domo</span> <span class='ocrx_word' id='word_1_372' title='bbox 1856 354 1998 395; x_wconf 84' lang='lat' dir='ltr'>relicta,)</span> 
     </span>
    </p>

    <p class='ocr_par' dir='ltr' id='par_1_14' title="bbox 1257 411 1976 453">
     <span class='ocr_line' id='line_1_57' title="bbox 1257 411 1976 453; baseline 0.004 -10"><span class='ocrx_word' id='word_1_373' title='bbox 1257 411 1297 443; x_wconf 86' lang='lat' dir='ltr'>ad</span> <span class='ocrx_word' id='word_1_374' title='bbox 1316 411 1438 452; x_wconf 89' lang='lat' dir='ltr'>lucem,</span> <span class='ocrx_word' id='word_1_375' title='bbox 1457 411 1667 443; x_wconf 76' lang='lat' dir='ltr'>velaminibus</span> <span class='ocrx_word' id='word_1_376' title='bbox 1683 421 1701 443; x_wconf 85' lang='lat' dir='ltr'>a</span> <span class='ocrx_word' id='word_1_377' title='bbox 1714 413 1817 453; x_wconf 90' lang='lat' dir='ltr'>capite</span> <span class='ocrx_word' id='word_1_378' title='bbox 1835 415 1976 446; x_wconf 83' lang='lat' dir='ltr'>remotis.</span> 
     </span>
    </p>

    <p class='ocr_par' dir='ltr' id='par_1_15' title="bbox 1257 470 2114 507">
     <span class='ocr_line' id='line_1_58' title="bbox 1257 470 2114 507; baseline 0.004 -4"><span class='ocrx_word' id='word_1_379' title='bbox 1257 470 1333 503; x_wconf 87' lang='lat' dir='ltr'>Axis</span> <span class='ocrx_word' id='word_1_380' title='bbox 1352 470 1459 502; x_wconf 85' lang='lat' dir='ltr'>autem</span> <span class='ocrx_word' id='word_1_381' title='bbox 1478 470 1510 501; x_wconf 91' lang='lat' dir='ltr'>in</span> <span class='ocrx_word' id='word_1_382' title='bbox 1528 470 1674 502; x_wconf 88' lang='lat' dir='ltr'>modiolis</span> <span class='ocrx_word' id='word_1_383' title='bbox 1688 470 1792 502; x_wconf 81' lang='lat' dir='ltr'>ciebat</span> <span class='ocrx_word' id='word_1_384' title='bbox 1810 471 1926 504; x_wconf 84' lang='lat' dir='ltr'>fistulae</span> <span class='ocrx_word' id='word_1_385' title='bbox 1945 473 2114 507; x_wconf 88' lang='lat' dir='ltr'>stridorem</span> 
     </span>
    </p>

    <p class='ocr_par' dir='ltr' id='par_1_16' title="bbox 1257 529 1956 572">
     <span class='ocr_line' id='line_1_59' title="bbox 1257 529 1956 572; baseline 0.001 -9"><span class='ocrx_word' id='word_1_386' title='bbox 1257 531 1383 563; x_wconf 79' lang='lat' dir='ltr'>fervens</span> <span class='ocrx_word' id='word_1_387' title='bbox 1393 554 1402 570; x_wconf 90' lang='lat'>,</span> <span class='ocrx_word' id='word_1_388' title='bbox 1417 529 1514 572; x_wconf 87' lang='lat' dir='ltr'>(binis</span> <span class='ocrx_word' id='word_1_389' title='bbox 1526 530 1611 562; x_wconf 91' lang='lat' dir='ltr'>enim</span> <span class='ocrx_word' id='word_1_390' title='bbox 1626 530 1807 570; x_wconf 84' lang='lat' dir='ltr'>agitabatur</span> <span class='ocrx_word' id='word_1_391' title='bbox 1824 532 1956 564; x_wconf 86' lang='lat' dir='ltr'>tornatis</span> 
     </span>
    </p>

    <p class='ocr_par' dir='ltr' id='par_1_17' title="bbox 1255 588 2310 809">
     <span class='ocr_line' id='line_1_60' title="bbox 1257 588 2310 634; baseline 0.007 -15"><span class='ocrx_word' id='word_1_392' title='bbox 1257 588 1335 620; x_wconf 89' lang='lat' dir='ltr'>rotis</span> <span class='ocrx_word' id='word_1_393' title='bbox 1363 588 1559 629; x_wconf 82' lang='lat' dir='ltr'>utrimque‚)</span> <span class='ocrx_word' id='word_1_394' title='bbox 1589 588 1854 630; x_wconf 84' lang='lat' dir='ltr'>quotiescumque</span> <span class='ocrx_word' id='word_1_395' title='bbox 1880 589 2013 632; x_wconf 80' lang='lat' dir='ltr'>[majore</span> <span class='ocrx_word' id='word_1_396' title='bbox 2036 591 2170 634; x_wconf 88' lang='lat' dir='ltr'>impetu]</span> <span class='ocrx_word' id='word_1_397' title='bbox 2195 594 2310 626; x_wconf 83' lang='lat' dir='ltr'>vehere</span> 
     </span>
     <span class='ocr_line' id='line_1_61' title="bbox 1255 647 2306 692; baseline 0.004 -12"><span class='ocrx_word' id='word_1_398' title='bbox 1255 647 1323 680; x_wconf 89' lang='lat' dir='ltr'>Illic</span> <span class='ocrx_word' id='word_1_399' title='bbox 1341 648 1388 679; x_wconf 87' lang='lat' dir='ltr'>est</span> <span class='ocrx_word' id='word_1_400' title='bbox 1405 650 1495 688; x_wconf 88' lang='lat' dir='ltr'>porta</span> <span class='ocrx_word' id='word_1_401' title='bbox 1512 647 1615 679; x_wconf 83' lang='lat' dir='ltr'>noctis</span> <span class='ocrx_word' id='word_1_402' title='bbox 1634 650 1665 679; x_wconf 88' lang='lat' dir='ltr'>et</span> <span class='ocrx_word' id='word_1_403' title='bbox 1684 647 1762 679; x_wconf 85' lang='lat' dir='ltr'>lucis</span> <span class='ocrx_word' id='word_1_404' title='bbox 1781 648 1904 680; x_wconf 86' lang='lat' dir='ltr'>viarum</span> <span class='ocrx_word' id='word_1_405' title='bbox 1916 673 1925 688; x_wconf 85' lang='lat'>,</span> <span class='ocrx_word' id='word_1_406' title='bbox 2094 650 2306 692; x_wconf 79' lang='lat' dir='ltr'>[festinarent.</span> 
     </span>
     <span class='ocr_line' id='line_1_62' title="bbox 1257 706 2309 751; baseline 0.007 -15"><span class='ocrx_word' id='word_1_407' title='bbox 1257 714 1354 747; x_wconf 90' lang='lat' dir='ltr'>quam</span> <span class='ocrx_word' id='word_1_408' title='bbox 1371 715 1468 747; x_wconf 89' lang='lat' dir='ltr'>supra</span> <span class='ocrx_word' id='word_1_409' title='bbox 1482 706 1735 748; x_wconf 76' lang='lat' dir='ltr'>hyperthyrum,</span> <span class='ocrx_word' id='word_1_410' title='bbox 1759 707 1840 739; x_wconf 77' lang='lat' dir='ltr'>inira</span> <span class='ocrx_word' id='word_1_411' title='bbox 1855 708 1952 740; x_wconf 89' lang='lat' dir='ltr'>limen</span> <span class='ocrx_word' id='word_1_412' title='bbox 1970 708 2131 750; x_wconf 89' lang='lat' dir='ltr'>lapideum</span> <span class='ocrx_word' id='word_1_413' title='bbox 2148 711 2309 751; x_wconf 60' lang='lat' dir='ltr'>conum-n</span> 
     </span>
     <span class='ocr_line' id='line_1_63' title="bbox 1256 765 2108 809; baseline 0.005 -13"><span class='ocrx_word' id='word_1_414' title='bbox 1256 765 1323 807; x_wconf 90' lang='lat' dir='ltr'>ipsa</span> <span class='ocrx_word' id='word_1_415' title='bbox 1338 768 1447 798; x_wconf 85' lang='lat' dir='ltr'>autem</span> <span class='ocrx_word' id='word_1_416' title='bbox 1465 765 1585 798; x_wconf 77' lang='lat' dir='ltr'>aethere</span> <span class='ocrx_word' id='word_1_417' title='bbox 1602 766 1763 798; x_wconf 84' lang='lat' dir='ltr'>clauditur</span> <span class='ocrx_word' id='word_1_418' title='bbox 1785 766 1968 807; x_wconf 81' lang='lat' dir='ltr'>ingentibus</span> <span class='ocrx_word' id='word_1_419' title='bbox 1987 768 2108 809; x_wconf 87' lang='lat' dir='ltr'>valvis,</span> 
     </span>
    </p>

    <p class='ocr_par' dir='ltr' id='par_1_18' title="bbox 1255 823 2108 867">
     <span class='ocr_line' id='line_1_64' title="bbox 1255 823 2108 867; baseline 0.005 -11"><span class='ocrx_word' id='word_1_420' title='bbox 1255 833 1395 867; x_wconf 89' lang='lat' dir='ltr'>quarum</span> <span class='ocrx_word' id='word_1_421' title='bbox 1413 823 1529 857; x_wconf 84' lang='lat' dir='ltr'>vindex</span> <span class='ocrx_word' id='word_1_422' title='bbox 1546 824 1677 858; x_wconf 72' lang='lat' dir='ltr'>,iustitia</span> <span class='ocrx_word' id='word_1_423' title='bbox 1691 827 1779 858; x_wconf 83' lang='lat' dir='ltr'>tenet</span> <span class='ocrx_word' id='word_1_424' title='bbox 1792 825 1973 867; x_wconf 85' lang='lat' dir='ltr'>reciprocas</span> <span class='ocrx_word' id='word_1_425' title='bbox 1990 827 2108 861; x_wconf 89' lang='lat' dir='ltr'>claves.</span> 
     </span>
    </p>

    <p class='ocr_par' dir='ltr' id='par_1_19' title="bbox 1256 884 2037 927">
     <span class='ocr_line' id='line_1_65' title="bbox 1256 884 2037 927; baseline 0.004 -11"><span class='ocrx_word' id='word_1_426' title='bbox 1256 886 1344 917; x_wconf 86' lang='lat' dir='ltr'>Hanc</span> <span class='ocrx_word' id='word_1_427' title='bbox 1359 884 1455 924; x_wconf 85' lang='lat' dir='ltr'>igitur</span> <span class='ocrx_word' id='word_1_428' title='bbox 1470 884 1622 925; x_wconf 81' lang='lat' dir='ltr'>nymphae</span> <span class='ocrx_word' id='word_1_429' title='bbox 1639 884 1762 917; x_wconf 84' lang='lat' dir='ltr'>blandis</span> <span class='ocrx_word' id='word_1_430' title='bbox 1779 884 1885 917; x_wconf 86' lang='lat' dir='ltr'>verbis</span> <span class='ocrx_word' id='word_1_431' title='bbox 1899 887 2037 927; x_wconf 83' lang='lat' dir='ltr'>precatae</span> 
     </span>
    </p>

    <p class='ocr_par' dir='ltr' id='par_1_20' title="bbox 1255 943 2256 1046">
     <span class='ocr_line' id='line_1_66' title="bbox 1255 943 2256 987; baseline 0.003 -11"><span class='ocrx_word' id='word_1_432' title='bbox 1255 943 1334 976; x_wconf 90' lang='lat' dir='ltr'>scite</span> <span class='ocrx_word' id='word_1_433' title='bbox 1350 943 1564 984; x_wconf 65' lang='lat' dir='ltr'>induxerunt,</span> <span class='ocrx_word' id='word_1_434' title='bbox 1579 948 1614 976; x_wconf 89' lang='lat' dir='ltr'>ut</span> <span class='ocrx_word' id='word_1_435' title='bbox 1626 944 1685 976; x_wconf 91' lang='lat' dir='ltr'>sibi</span> <span class='ocrx_word' id='word_1_436' title='bbox 1704 944 1827 977; x_wconf 84' lang='lat' dir='ltr'>vectem</span> <span class='ocrx_word' id='word_1_437' title='bbox 1844 945 1947 978; x_wconf 79' lang='lat' dir='ltr'>ferrea</span> <span class='ocrx_word' id='word_1_438' title='bbox 1963 946 2077 987; x_wconf 86' lang='lat' dir='ltr'>glande</span> <span class='ocrx_word' id='word_1_439' title='bbox 2093 947 2256 979; x_wconf 88' lang='lat' dir='ltr'>munitum</span> 
     </span>
     <span class='ocr_line' id='line_1_67' title="bbox 1255 1003 2092 1046; baseline 0.002 -11"><span class='ocrx_word' id='word_1_440' title='bbox 1255 1003 1424 1036; x_wconf 79' lang='lat' dir='ltr'>confestim</span> <span class='ocrx_word' id='word_1_441' title='bbox 1440 1006 1603 1036; x_wconf 84' lang='lat' dir='ltr'>amoveret</span> <span class='ocrx_word' id='word_1_442' title='bbox 1619 1012 1637 1035; x_wconf 91' lang='lat' dir='ltr'>a</span> <span class='ocrx_word' id='word_1_443' title='bbox 1654 1003 1791 1046; x_wconf 84' lang='lat' dir='ltr'>l&#39;oribus;</span> <span class='ocrx_word' id='word_1_444' title='bbox 1806 1004 1869 1036; x_wconf 89' lang='lat' dir='ltr'>illae</span> <span class='ocrx_word' id='word_1_445' title='bbox 1883 1008 1994 1046; x_wconf 87' lang='lat' dir='ltr'>aperto</span> <span class='ocrx_word' id='word_1_446' title='bbox 2008 1006 2092 1038; x_wconf 83' lang='lat' dir='ltr'>ostio</span> 
     </span>
    </p>
   </div>
   <div class='ocr_carea' id='block_1_7' title="bbox 1249 1139 2308 1545">
    <p class='ocr_par' dir='ltr' id='par_1_21' title="bbox 1252 1139 2308 1300">
     <span class='ocr_line' id='line_1_68' title="bbox 1257 1139 2308 1194; baseline 0.004 -16"><span class='ocrx_word' id='word_1_447' title='bbox 1257 1143 1437 1187; x_wconf 88' lang='lat' dir='ltr'>correxit,</span> <span class='ocrx_word' id='word_1_448' title='bbox 1472 1142 1653 1191; x_wconf 84' lang='lat' dir='ltr'>Bergkius</span> <span class='ocrx_word' id='word_1_449' title='bbox 1679 1139 1830 1192; x_wconf 83' lang='grc' dir='ltr'>αἰθέριαι</span> <span class='ocrx_word' id='word_1_450' title='bbox 1851 1143 1976 1188; x_wconf 77' lang='grc' dir='ltr'>πλῆντ’</span> <span class='ocrx_word' id='word_1_451' title='bbox 1997 1142 2216 1181; x_wconf 81' lang='grc' dir='ltr'>εὖκελάδοισι</span> <span class='ocrx_word' id='word_1_452' title='bbox 2236 1158 2308 1194; x_wconf 89' lang='lat' dir='ltr'>po-</span> 
     </span>
     <span class='ocr_line' id='line_1_69' title="bbox 1252 1200 2305 1256; baseline 0.005 -19"><span class='ocrx_word' id='word_1_453' title='bbox 1252 1202 1421 1237; x_wconf 89' lang='lat' dir='ltr'>nendum</span> <span class='ocrx_word' id='word_1_454' title='bbox 1444 1214 1520 1238; x_wconf 90' lang='lat' dir='ltr'>esse</span> <span class='ocrx_word' id='word_1_455' title='bbox 1545 1200 1787 1248; x_wconf 85' lang='lat' dir='ltr'>conjectavit.</span> <span class='ocrx_word' id='word_1_456' title='bbox 1824 1202 1913 1239; x_wconf 87' lang='lat' dir='ltr'>Mihi</span> <span class='ocrx_word' id='word_1_457' title='bbox 1936 1204 2180 1240; x_wconf 89' lang='lat' dir='ltr'>Parmenides</span> <span class='ocrx_word' id='word_1_458' title='bbox 2197 1202 2305 1256; x_wconf 84' lang='grc' dir='ltr'>αἰθέρι</span> 
     </span>
     <span class='ocr_line' id='line_1_70' title="bbox 1252 1259 1821 1300; baseline 0 -3"><span class='ocrx_word' id='word_1_459' title='bbox 1252 1259 1448 1299; x_wconf 85' lang='grc' dir='ltr'>κέκλεινται</span> <span class='ocrx_word' id='word_1_460' title='bbox 1466 1260 1619 1296; x_wconf 85' lang='lat' dir='ltr'>videtur</span> <span class='ocrx_word' id='word_1_461' title='bbox 1638 1272 1821 1300; x_wconf 87' lang='lat' dir='ltr'>exarasse.</span> 
     </span>
    </p>

    <p class='ocr_par' dir='ltr' id='par_1_22' title="bbox 1249 1318 2306 1545">
     <span class='ocr_line' id='line_1_71' title="bbox 1305 1318 2306 1369; baseline 0.001 -12"><span class='ocrx_word' id='word_1_462' title='bbox 1305 1322 1351 1358; x_wconf 88' lang='lat' dir='ltr'>V.</span> <span class='ocrx_word' id='word_1_463' title='bbox 1381 1323 1444 1363; x_wconf 69' lang='lat'>14.</span> <span class='ocrx_word' id='word_1_464' title='bbox 1473 1320 1605 1356; x_wconf 84' lang='lat' dir='ltr'>Claves</span> <span class='ocrx_word' id='word_1_465' title='bbox 1634 1319 1816 1355; x_wconf 89' lang='lat' dir='ltr'>dicuntur</span> <span class='ocrx_word' id='word_1_466' title='bbox 1851 1318 1994 1368; x_wconf 70' lang='grc' dir='ltr'>ἀμοιὸοί</span> <span class='ocrx_word' id='word_1_467' title='bbox 2018 1321 2123 1369; x_wconf 88' lang='lat' dir='ltr'>quod</span> <span class='ocrx_word' id='word_1_468' title='bbox 2154 1323 2306 1359; x_wconf 85' lang='lat' dir='ltr'>alternis</span> 
     </span>
     <span class='ocr_line' id='line_1_72' title="bbox 1251 1378 2304 1427; baseline 0.003 -12"><span class='ocrx_word' id='word_1_469' title='bbox 1251 1379 1397 1420; x_wconf 76' lang='lat' dir='ltr'>vicibus</span> <span class='ocrx_word' id='word_1_470' title='bbox 1411 1378 1567 1427; x_wconf 87' lang='lat' dir='ltr'>januam</span> <span class='ocrx_word' id='word_1_471' title='bbox 1590 1378 1799 1415; x_wconf 90' lang='lat' dir='ltr'>occludunt</span> <span class='ocrx_word' id='word_1_472' title='bbox 1820 1386 1858 1415; x_wconf 90' lang='lat' dir='ltr'>et</span> <span class='ocrx_word' id='word_1_473' title='bbox 1877 1380 2093 1420; x_wconf 85' lang='lat' dir='ltr'>recludunt.</span> <span class='ocrx_word' id='word_1_474' title='bbox 2120 1382 2304 1418; x_wconf 79' lang='lat' dir='ltr'>Caeterum</span> 
     </span>
     <span class='ocr_line' id='line_1_73' title="bbox 1249 1439 2301 1489; baseline 0.001 -14"><span class='ocrx_word' id='word_1_475' title='bbox 1249 1439 1402 1475; x_wconf 90' lang='lat' dir='ltr'>initium</span> <span class='ocrx_word' id='word_1_476' title='bbox 1433 1439 1623 1483; x_wconf 87' lang='lat' dir='ltr'>carminis,</span> <span class='ocrx_word' id='word_1_477' title='bbox 1662 1451 1740 1487; x_wconf 91' lang='lat' dir='ltr'>quo</span> <span class='ocrx_word' id='word_1_478' title='bbox 1773 1439 2009 1487; x_wconf 78' lang='lat' dir='ltr'>Parmenidis</span> <span class='ocrx_word' id='word_1_479' title='bbox 2039 1453 2176 1489; x_wconf 87' lang='lat' dir='ltr'>poema</span> <span class='ocrx_word' id='word_1_480' title='bbox 2211 1442 2301 1477; x_wconf 86' lang='lat' dir='ltr'>olim</span> 
     </span>
     <span class='ocr_line' id='line_1_74' title="bbox 1250 1496 1992 1545; baseline 0.003 -12"><span class='ocrx_word' id='word_1_481' title='bbox 1250 1498 1416 1533; x_wconf 87' lang='lat' dir='ltr'>imitatus</span> <span class='ocrx_word' id='word_1_482' title='bbox 1433 1501 1530 1542; x_wconf 87' lang='lat' dir='ltr'>sum,</span> <span class='ocrx_word' id='word_1_483' title='bbox 1552 1496 1615 1532; x_wconf 88' lang='lat' dir='ltr'>hic</span> <span class='ocrx_word' id='word_1_484' title='bbox 1636 1508 1830 1545; x_wconf 86' lang='lat' dir='ltr'>apponere</span> <span class='ocrx_word' id='word_1_485' title='bbox 1849 1496 1960 1532; x_wconf 86' lang='lat' dir='ltr'>liceat</span> <span class='ocrx_word' id='word_1_486' title='bbox 1983 1507 1992 1535; x_wconf 89' lang='lat'>:</span> 
     </span>
    </p>
   </div>
   <div class='ocr_carea' id='block_1_8' title="bbox 1319 1583 2277 3344">
    <p class='ocr_par' dir='ltr' id='par_1_23' title="bbox 1333 1583 2123 1625">
     <span class='ocr_line' id='line_1_75' title="bbox 1333 1583 2123 1625; baseline 0.003 -9"><span class='ocrx_word' id='word_1_487' title='bbox 1333 1583 1482 1616; x_wconf 84' lang='lat' dir='ltr'>Sollertes</span> <span class='ocrx_word' id='word_1_488' title='bbox 1497 1583 1617 1625; x_wconf 89' lang='lat' dir='ltr'>quibus</span> <span class='ocrx_word' id='word_1_489' title='bbox 1633 1583 1697 1615; x_wconf 90' lang='lat' dir='ltr'>alta</span> <span class='ocrx_word' id='word_1_490' title='bbox 1715 1586 1787 1624; x_wconf 89' lang='lat' dir='ltr'>peto</span> <span class='ocrx_word' id='word_1_491' title='bbox 1802 1592 1858 1624; x_wconf 89' lang='lat' dir='ltr'>pro</span> <span class='ocrx_word' id='word_1_492' title='bbox 1879 1584 1994 1617; x_wconf 90' lang='lat' dir='ltr'>mentis</span> <span class='ocrx_word' id='word_1_493' title='bbox 2013 1593 2123 1618; x_wconf 89' lang='lat' dir='ltr'>amore</span> 
     </span>
    </p>

    <p class='ocr_par' dir='ltr' id='par_1_24' title="bbox 1332 1643 2176 1918">
     <span class='ocr_line' id='line_1_76' title="bbox 1333 1643 2128 1685; baseline 0.001 -9"><span class='ocrx_word' id='word_1_494' title='bbox 1333 1645 1370 1676; x_wconf 91' lang='lat' dir='ltr'>In</span> <span class='ocrx_word' id='word_1_495' title='bbox 1392 1643 1507 1675; x_wconf 86' lang='lat' dir='ltr'>celebri</span> <span class='ocrx_word' id='word_1_496' title='bbox 1519 1651 1649 1675; x_wconf 89' lang='lat' dir='ltr'>currum</span> <span class='ocrx_word' id='word_1_497' title='bbox 1670 1644 1839 1684; x_wconf 87' lang='lat' dir='ltr'>postquam</span> <span class='ocrx_word' id='word_1_498' title='bbox 1861 1644 2128 1685; x_wconf 80' lang='lat' dir='ltr'>posuerejngales</span> 
     </span>
     <span class='ocr_line' id='line_1_77' title="bbox 1332 1701 2157 1744; baseline 0.002 -10"><span class='ocrx_word' id='word_1_499' title='bbox 1332 1702 1487 1744; x_wconf 85' lang='lat' dir='ltr'>Tramite,</span> <span class='ocrx_word' id='word_1_500' title='bbox 1502 1702 1577 1734; x_wconf 88' lang='lat' dir='ltr'>diva</span> <span class='ocrx_word' id='word_1_501' title='bbox 1595 1704 1707 1743; x_wconf 82' lang='lat' dir='ltr'>potens</span> <span class='ocrx_word' id='word_1_502' title='bbox 1723 1701 1778 1733; x_wconf 88' lang='lat' dir='ltr'>ubi</span> <span class='ocrx_word' id='word_1_503' title='bbox 1797 1704 1929 1735; x_wconf 87' lang='lat' dir='ltr'>cunctas</span> <span class='ocrx_word' id='word_1_504' title='bbox 1943 1702 2056 1736; x_wconf 85' lang='lat' dir='ltr'>edocet</span> <span class='ocrx_word' id='word_1_505' title='bbox 2071 1705 2157 1736; x_wconf 88' lang='lat' dir='ltr'>artes</span> 
     </span>
     <span class='ocr_line' id='line_1_78' title="bbox 1333 1759 2176 1802; baseline 0.002 -10"><span class='ocrx_word' id='word_1_506' title='bbox 1333 1762 1401 1792; x_wconf 88' lang='lat' dir='ltr'>Hos</span> <span class='ocrx_word' id='word_1_507' title='bbox 1418 1760 1472 1801; x_wconf 89' lang='lat' dir='ltr'>qui</span> <span class='ocrx_word' id='word_1_508' title='bbox 1487 1760 1689 1800; x_wconf 88' lang='lat' dir='ltr'>magnanimo</span> <span class='ocrx_word' id='word_1_509' title='bbox 1705 1759 1845 1792; x_wconf 86' lang='lat' dir='ltr'>coelestia</span> <span class='ocrx_word' id='word_1_510' title='bbox 1860 1763 1989 1801; x_wconf 78' lang='lat' dir='ltr'>pectore</span> <span class='ocrx_word' id='word_1_511' title='bbox 2002 1763 2151 1802; x_wconf 75' lang='lat' dir='ltr'>quaerunt</span> <span class='ocrx_word' id='word_1_512' title='bbox 2168 1775 2176 1795; x_wconf 92' lang='lat'>:</span> 
     </span>
     <span class='ocr_line' id='line_1_79' title="bbox 1334 1818 2134 1860; baseline 0.001 -9"><span class='ocrx_word' id='word_1_513' title='bbox 1334 1819 1487 1852; x_wconf 85' lang='lat' dir='ltr'>Portabar</span> <span class='ocrx_word' id='word_1_514' title='bbox 1504 1820 1594 1859; x_wconf 85' lang='lat' dir='ltr'>grata</span> <span class='ocrx_word' id='word_1_515' title='bbox 1608 1818 1777 1851; x_wconf 90' lang='lat' dir='ltr'>Heliadum</span> <span class='ocrx_word' id='word_1_516' title='bbox 1800 1819 1975 1852; x_wconf 84' lang='lat' dir='ltr'>comitante</span> <span class='ocrx_word' id='word_1_517' title='bbox 1991 1822 2134 1860; x_wconf 86' lang='lat' dir='ltr'>caterva,</span> 
     </span>
     <span class='ocr_line' id='line_1_80' title="bbox 1333 1876 2068 1918; baseline 0.001 -9"><span class='ocrx_word' id='word_1_518' title='bbox 1333 1880 1412 1916; x_wconf 87' lang='lat' dir='ltr'>Quae</span> <span class='ocrx_word' id='word_1_519' title='bbox 1426 1877 1542 1918; x_wconf 85' lang='lat' dir='ltr'>raptim</span> <span class='ocrx_word' id='word_1_520' title='bbox 1559 1877 1663 1910; x_wconf 90' lang='lat' dir='ltr'>noctis</span> <span class='ocrx_word' id='word_1_521' title='bbox 1677 1876 1846 1910; x_wconf 84' lang='lat' dir='ltr'>tenebrosa</span> <span class='ocrx_word' id='word_1_522' title='bbox 1867 1877 1942 1910; x_wconf 90' lang='lat' dir='ltr'>sede</span> <span class='ocrx_word' id='word_1_523' title='bbox 1957 1878 2068 1910; x_wconf 86' lang='lat' dir='ltr'>relicta</span> 
     </span>
    </p>

    <p class='ocr_par' dir='ltr' id='par_1_25' title="bbox 1332 1937 2075 2030">
     <span class='ocr_line' id='line_1_81' title="bbox 1332 1937 2075 1978; baseline 0.001 -8"><span class='ocrx_word' id='word_1_524' title='bbox 1332 1940 1378 1970; x_wconf 84' lang='lat' dir='ltr'>Ac</span> <span class='ocrx_word' id='word_1_525' title='bbox 1393 1937 1607 1970; x_wconf 86' lang='lat' dir='ltr'>velaminibus</span> <span class='ocrx_word' id='word_1_526' title='bbox 1629 1937 1752 1978; x_wconf 88' lang='lat' dir='ltr'>placida</span> <span class='ocrx_word' id='word_1_527' title='bbox 1770 1937 1810 1969; x_wconf 89' lang='lat' dir='ltr'>de</span> <span class='ocrx_word' id='word_1_528' title='bbox 1821 1937 1925 1970; x_wconf 84' lang='lat' dir='ltr'>fronte</span> <span class='ocrx_word' id='word_1_529' title='bbox 1942 1939 2075 1971; x_wconf 85' lang='lat' dir='ltr'>remotis</span> 
     </span>
     <span class='ocr_line' id='line_1_82' title="bbox 1334 1986 1993 2030; baseline -0.005 0"><span class='ocrx_word' id='word_1_530' title='bbox 1334 1995 1532 2030; x_wconf 86' lang='lat' dir='ltr'>Ostendebat</span> <span class='ocrx_word' id='word_1_531' title='bbox 1544 1995 1604 2028; x_wconf 85' lang='lat' dir='ltr'>iter</span> <span class='ocrx_word' id='word_1_532' title='bbox 1616 1986 1736 2028; x_wconf 68' lang='lat' dir='ltr'>divinae</span> <span class='ocrx_word' id='word_1_533' title='bbox 1755 1995 1837 2027; x_wconf 90' lang='lat' dir='ltr'>lucis</span> <span class='ocrx_word' id='word_1_534' title='bbox 1849 1995 1889 2027; x_wconf 90' lang='lat' dir='ltr'>ad</span> <span class='ocrx_word' id='word_1_535' title='bbox 1908 2005 1993 2028; x_wconf 88' lang='lat' dir='ltr'>oras.</span> 
     </span>
    </p>

    <p class='ocr_par' dir='ltr' id='par_1_26' title="bbox 1332 2055 2114 2158">
     <span class='ocr_line' id='line_1_83' title="bbox 1332 2055 2114 2098; baseline -0.001 -10"><span class='ocrx_word' id='word_1_536' title='bbox 1332 2055 1515 2089; x_wconf 87' lang='lat' dir='ltr'>stridebant</span> <span class='ocrx_word' id='word_1_537' title='bbox 1527 2064 1604 2088; x_wconf 87' lang='lat' dir='ltr'>axes</span> <span class='ocrx_word' id='word_1_538' title='bbox 1618 2064 1700 2098; x_wconf 88' lang='lat' dir='ltr'>quos</span> <span class='ocrx_word' id='word_1_539' title='bbox 1721 2055 1833 2095; x_wconf 85' lang='lat' dir='ltr'>ingens</span> <span class='ocrx_word' id='word_1_540' title='bbox 1844 2055 1941 2087; x_wconf 88' lang='lat' dir='ltr'>robur</span> <span class='ocrx_word' id='word_1_541' title='bbox 1956 2064 2114 2097; x_wconf 87' lang='lat' dir='ltr'>equorum</span> 
     </span>
     <span class='ocr_line' id='line_1_84' title="bbox 1332 2115 1994 2158; baseline 0 -9"><span class='ocrx_word' id='word_1_542' title='bbox 1332 2118 1492 2158; x_wconf 87' lang='lat' dir='ltr'>Perpetuo</span> <span class='ocrx_word' id='word_1_543' title='bbox 1504 2116 1575 2149; x_wconf 89' lang='lat' dir='ltr'>nisu</span> <span class='ocrx_word' id='word_1_544' title='bbox 1589 2116 1660 2158; x_wconf 77' lang='lat' dir='ltr'>biga</span> <span class='ocrx_word' id='word_1_545' title='bbox 1675 2116 1817 2149; x_wconf 80' lang='lat' dir='ltr'>fervente</span> <span class='ocrx_word' id='word_1_546' title='bbox 1833 2115 1994 2149; x_wconf 88' lang='lat' dir='ltr'>movebat.</span> 
     </span>
    </p>

    <p class='ocr_par' dir='ltr' id='par_1_27' title="bbox 1331 2175 2032 2218">
     <span class='ocr_line' id='line_1_85' title="bbox 1331 2175 2032 2218; baseline -0.003 -9"><span class='ocrx_word' id='word_1_547' title='bbox 1331 2177 1402 2210; x_wconf 86' lang='lat' dir='ltr'>Illic</span> <span class='ocrx_word' id='word_1_548' title='bbox 1419 2177 1615 2218; x_wconf 84' lang='lat' dir='ltr'>conspicitur</span> <span class='ocrx_word' id='word_1_549' title='bbox 1632 2175 1736 2208; x_wconf 91' lang='lat' dir='ltr'>noctis</span> <span class='ocrx_word' id='word_1_550' title='bbox 1752 2175 1895 2217; x_wconf 85' lang='lat' dir='ltr'>lucisque</span> <span class='ocrx_word' id='word_1_551' title='bbox 1907 2175 2032 2208; x_wconf 88' lang='lat' dir='ltr'>viarum</span> 
     </span>
    </p>

    <p class='ocr_par' dir='ltr' id='par_1_28' title="bbox 1330 2235 2277 2334">
     <span class='ocr_line' id='line_1_86' title="bbox 1331 2235 2277 2278; baseline 0.001 -10"><span class='ocrx_word' id='word_1_552' title='bbox 1331 2237 1440 2277; x_wconf 81' lang='lat' dir='ltr'>Porta,</span> <span class='ocrx_word' id='word_1_553' title='bbox 1453 2245 1549 2278; x_wconf 88' lang='lat' dir='ltr'>super</span> <span class='ocrx_word' id='word_1_554' title='bbox 1565 2235 1661 2268; x_wconf 89' lang='lat' dir='ltr'>limen</span> <span class='ocrx_word' id='word_1_555' title='bbox 1677 2235 1846 2276; x_wconf 88' lang='lat' dir='ltr'>pulchrum</span> <span class='ocrx_word' id='word_1_556' title='bbox 1862 2243 1958 2276; x_wconf 89' lang='lat' dir='ltr'>quam</span> <span class='ocrx_word' id='word_1_557' title='bbox 1972 2235 2119 2275; x_wconf 83' lang='lat' dir='ltr'>splendet</span> <span class='ocrx_word' id='word_1_558' title='bbox 2133 2237 2164 2268; x_wconf 87' lang='lat' dir='ltr'>et</span> <span class='ocrx_word' id='word_1_559' title='bbox 2183 2235 2277 2269; x_wconf 80' lang='lat' dir='ltr'>infra.</span> 
     </span>
     <span class='ocr_line' id='line_1_87' title="bbox 1330 2293 1986 2334; baseline -0.003 -6"><span class='ocrx_word' id='word_1_560' title='bbox 1330 2295 1480 2329; x_wconf 86' lang='lat' dir='ltr'>AEtheriis</span> <span class='ocrx_word' id='word_1_561' title='bbox 1499 2295 1631 2327; x_wconf 78' lang='lat' dir='ltr'>fundata</span> <span class='ocrx_word' id='word_1_562' title='bbox 1643 2295 1718 2327; x_wconf 90' lang='lat' dir='ltr'>locis</span> <span class='ocrx_word' id='word_1_563' title='bbox 1731 2293 1914 2327; x_wconf 89' lang='lat' dir='ltr'>occluditur</span> <span class='ocrx_word' id='word_1_564' title='bbox 1928 2293 1986 2334; x_wconf 88' lang='lat' dir='ltr'>ipsi</span> 
     </span>
    </p>

    <p class='ocr_par' dir='ltr' id='par_1_29' title="bbox 1326 2354 2244 2751">
     <span class='ocr_line' id='line_1_88' title="bbox 1329 2354 2116 2394; baseline -0.003 -6"><span class='ocrx_word' id='word_1_565' title='bbox 1329 2355 1488 2394; x_wconf 89' lang='lat' dir='ltr'>Justitiae,</span> <span class='ocrx_word' id='word_1_566' title='bbox 1503 2355 1610 2386; x_wconf 87' lang='lat' dir='ltr'>claves</span> <span class='ocrx_word' id='word_1_567' title='bbox 1627 2354 1796 2386; x_wconf 83' lang='lat' dir='ltr'>valvarum</span> <span class='ocrx_word' id='word_1_568' title='bbox 1814 2362 1888 2394; x_wconf 76' lang='lat' dir='ltr'>qum</span> <span class='ocrx_word' id='word_1_569' title='bbox 1901 2355 1987 2385; x_wconf 89' lang='lat' dir='ltr'>tenet</span> <span class='ocrx_word' id='word_1_570' title='bbox 2004 2362 2116 2394; x_wconf 80' lang='lat' dir='ltr'>usque.</span> 
     </span>
     <span class='ocr_line' id='line_1_89' title="bbox 1329 2412 2162 2455; baseline -0.001 -8"><span class='ocrx_word' id='word_1_571' title='bbox 1329 2416 1419 2447; x_wconf 85' lang='lat' dir='ltr'>Hanc</span> <span class='ocrx_word' id='word_1_572' title='bbox 1433 2414 1527 2455; x_wconf 89' lang='lat' dir='ltr'>igitur</span> <span class='ocrx_word' id='word_1_573' title='bbox 1543 2413 1693 2455; x_wconf 81' lang='lat' dir='ltr'>nymphae</span> <span class='ocrx_word' id='word_1_574' title='bbox 1708 2412 1826 2445; x_wconf 89' lang='lat' dir='ltr'>blanda</span> <span class='ocrx_word' id='word_1_575' title='bbox 1847 2413 1917 2445; x_wconf 88' lang='lat' dir='ltr'>tum</span> <span class='ocrx_word' id='word_1_576' title='bbox 1932 2421 2010 2445; x_wconf 90' lang='lat' dir='ltr'>voce</span> <span class='ocrx_word' id='word_1_577' title='bbox 2024 2414 2162 2454; x_wconf 81' lang='lat' dir='ltr'>precatae</span> 
     </span>
     <span class='ocr_line' id='line_1_90' title="bbox 1328 2471 2073 2514; baseline -0.003 -8"><span class='ocrx_word' id='word_1_578' title='bbox 1328 2472 1464 2514; x_wconf 80' lang='lat' dir='ltr'>Eloquia</span> <span class='ocrx_word' id='word_1_579' title='bbox 1474 2472 1640 2512; x_wconf 86' lang='lat' dir='ltr'>induxere,</span> <span class='ocrx_word' id='word_1_580' title='bbox 1659 2480 1784 2504; x_wconf 83' lang='lat' dir='ltr'>sonoroe</span> <span class='ocrx_word' id='word_1_581' title='bbox 1803 2472 1840 2504; x_wconf 85' lang='lat' dir='ltr'>ut</span> <span class='ocrx_word' id='word_1_582' title='bbox 1855 2471 1954 2504; x_wconf 81' lang='lat' dir='ltr'>ferrea</span> <span class='ocrx_word' id='word_1_583' title='bbox 1970 2471 2073 2504; x_wconf 87' lang='lat' dir='ltr'>vincla</span> 
     </span>
     <span class='ocr_line' id='line_1_91' title="bbox 1329 2532 2244 2575; baseline -0.002 -9"><span class='ocrx_word' id='word_1_584' title='bbox 1329 2533 1485 2574; x_wconf 86' lang='lat' dir='ltr'>Dejiceret</span> <span class='ocrx_word' id='word_1_585' title='bbox 1498 2534 1601 2575; x_wconf 82' lang='lat' dir='ltr'>portae</span> <span class='ocrx_word' id='word_1_586' title='bbox 1616 2544 1625 2565; x_wconf 70' lang='grc' dir='ltr'>ε</span> <span class='ocrx_word' id='word_1_587' title='bbox 1643 2541 1718 2574; x_wconf 82' lang='lat' dir='ltr'>quae</span> <span class='ocrx_word' id='word_1_588' title='bbox 1741 2535 1912 2574; x_wconf 85' lang='lat' dir='ltr'>postquam</span> <span class='ocrx_word' id='word_1_589' title='bbox 1926 2532 2075 2574; x_wconf 85' lang='lat' dir='ltr'>adaperta</span> <span class='ocrx_word' id='word_1_590' title='bbox 2096 2534 2244 2573; x_wconf 68' lang='lat' dir='ltr'>recessit,</span> 
     </span>
     <span class='ocr_line' id='line_1_92' title="bbox 1326 2591 2090 2633; baseline -0.004 -7"><span class='ocrx_word' id='word_1_591' title='bbox 1326 2596 1504 2627; x_wconf 89' lang='lat' dir='ltr'>Immanem</span> <span class='ocrx_word' id='word_1_592' title='bbox 1524 2592 1647 2625; x_wconf 80' lang='lat' dir='ltr'>foribus</span> <span class='ocrx_word' id='word_1_593' title='bbox 1663 2591 1762 2633; x_wconf 86' lang='lat' dir='ltr'>passis</span> <span class='ocrx_word' id='word_1_594' title='bbox 1779 2591 1934 2625; x_wconf 81' lang='lat' dir='ltr'>reseravit</span> <span class='ocrx_word' id='word_1_595' title='bbox 1956 2591 2090 2631; x_wconf 84' lang='lat' dir='ltr'>hiatum,</span> 
     </span>
     <span class='ocr_line' id='line_1_93' title="bbox 1327 2651 2088 2694; baseline 0 -10"><span class='ocrx_word' id='word_1_596' title='bbox 1327 2652 1446 2685; x_wconf 84' lang='lat' dir='ltr'>AEratis</span> <span class='ocrx_word' id='word_1_597' title='bbox 1456 2660 1570 2693; x_wconf 81' lang='lat' dir='ltr'>magna</span> <span class='ocrx_word' id='word_1_598' title='bbox 1586 2651 1642 2694; x_wconf 87' lang='lat' dir='ltr'>qui</span> <span class='ocrx_word' id='word_1_599' title='bbox 1665 2652 1813 2684; x_wconf 82' lang='lat' dir='ltr'>constant</span> <span class='ocrx_word' id='word_1_600' title='bbox 1826 2654 1895 2684; x_wconf 85' lang='lat' dir='ltr'>arte</span> <span class='ocrx_word' id='word_1_601' title='bbox 1912 2652 2088 2684; x_wconf 84' lang='lat' dir='ltr'>retrorsum</span> 
     </span>
     <span class='ocr_line' id='line_1_94' title="bbox 1327 2710 2040 2751; baseline -0.003 -7"><span class='ocrx_word' id='word_1_602' title='bbox 1327 2711 1520 2745; x_wconf 87' lang='lat' dir='ltr'>cardinibus</span> <span class='ocrx_word' id='word_1_603' title='bbox 1534 2710 1646 2744; x_wconf 80' lang='lat' dir='ltr'>versis.</span> <span class='ocrx_word' id='word_1_604' title='bbox 1661 2711 1776 2744; x_wconf 86' lang='lat' dir='ltr'>Subito</span> <span class='ocrx_word' id='word_1_605' title='bbox 1794 2719 1907 2743; x_wconf 85' lang='lat' dir='ltr'>rexere</span> <span class='ocrx_word' id='word_1_606' title='bbox 1925 2710 2040 2751; x_wconf 76' lang='lat' dir='ltr'>puellae</span> 
     </span>
    </p>

    <p class='ocr_par' dir='ltr' id='par_1_30' title="bbox 1326 2770 2108 2812">
     <span class='ocr_line' id='line_1_95' title="bbox 1326 2770 2108 2812; baseline -0.001 -9"><span class='ocrx_word' id='word_1_607' title='bbox 1326 2771 1480 2804; x_wconf 82' lang='lat' dir='ltr'>coelestes</span> <span class='ocrx_word' id='word_1_608' title='bbox 1497 2770 1645 2803; x_wconf 85' lang='lat' dir='ltr'>manibus</span> <span class='ocrx_word' id='word_1_609' title='bbox 1662 2770 1805 2812; x_wconf 87' lang='lat' dir='ltr'>spatioso</span> <span class='ocrx_word' id='word_1_610' title='bbox 1818 2770 1947 2803; x_wconf 85' lang='lat' dir='ltr'>tramite</span> <span class='ocrx_word' id='word_1_611' title='bbox 1964 2779 2108 2802; x_wconf 83' lang='lat' dir='ltr'>currum.</span> 
     </span>
    </p>

    <p class='ocr_par' dir='ltr' id='par_1_31' title="bbox 1323 2828 2063 2931">
     <span class='ocr_line' id='line_1_96' title="bbox 1323 2828 2052 2869; baseline -0.001 -8"><span class='ocrx_word' id='word_1_612' title='bbox 1323 2831 1407 2862; x_wconf 91' lang='lat' dir='ltr'>Tum</span> <span class='ocrx_word' id='word_1_613' title='bbox 1422 2828 1480 2861; x_wconf 87' lang='lat' dir='ltr'>dea</span> <span class='ocrx_word' id='word_1_614' title='bbox 1494 2828 1622 2861; x_wconf 88' lang='lat' dir='ltr'>mortali</span> <span class='ocrx_word' id='word_1_615' title='bbox 1635 2829 1782 2861; x_wconf 76' lang='lat' dir='ltr'>dextram</span> <span class='ocrx_word' id='word_1_616' title='bbox 1796 2828 1939 2869; x_wconf 87' lang='lat' dir='ltr'>porrexit</span> <span class='ocrx_word' id='word_1_617' title='bbox 1953 2831 1983 2860; x_wconf 86' lang='lat' dir='ltr'>et</span> <span class='ocrx_word' id='word_1_618' title='bbox 1998 2836 2052 2860; x_wconf 77' lang='lat' dir='ltr'>oie</span> 
     </span>
     <span class='ocr_line' id='line_1_97' title="bbox 1323 2888 2063 2931; baseline -0.004 -9"><span class='ocrx_word' id='word_1_619' title='bbox 1323 2890 1530 2931; x_wconf 88' lang='lat' dir='ltr'>Terrigenam</span> <span class='ocrx_word' id='word_1_620' title='bbox 1544 2889 1632 2922; x_wconf 89' lang='lat' dir='ltr'>dulci</span> <span class='ocrx_word' id='word_1_621' title='bbox 1649 2890 1695 2922; x_wconf 90' lang='lat' dir='ltr'>sic</span> <span class='ocrx_word' id='word_1_622' title='bbox 1714 2890 1762 2922; x_wconf 91' lang='lat' dir='ltr'>est</span> <span class='ocrx_word' id='word_1_623' title='bbox 1781 2889 1881 2921; x_wconf 81' lang='lat' dir='ltr'>assata</span> <span class='ocrx_word' id='word_1_624' title='bbox 1900 2888 2037 2929; x_wconf 87' lang='lat' dir='ltr'>henigne</span> <span class='ocrx_word' id='word_1_625' title='bbox 2055 2901 2063 2920; x_wconf 89' lang='lat'><strong>:</strong></span> 
     </span>
    </p>

    <p class='ocr_par' dir='ltr' id='par_1_32' title="bbox 1323 2946 2063 2989">
     <span class='ocr_line' id='line_1_98' title="bbox 1323 2946 2063 2989; baseline -0.001 -9"><span class='ocrx_word' id='word_1_626' title='bbox 1323 2949 1350 2980; x_wconf 94' lang='grc' dir='ltr'>Ο</span> <span class='ocrx_word' id='word_1_627' title='bbox 1363 2956 1442 2989; x_wconf 89' lang='lat' dir='ltr'>puer</span> <span class='ocrx_word' id='word_1_628' title='bbox 1457 2946 1575 2988; x_wconf 85' lang='lat' dir='ltr'>aurigis</span> <span class='ocrx_word' id='word_1_629' title='bbox 1591 2947 1708 2988; x_wconf 87' lang='lat' dir='ltr'>quibus</span> <span class='ocrx_word' id='word_1_630' title='bbox 1724 2948 1774 2980; x_wconf 88' lang='lat' dir='ltr'>est</span> <span class='ocrx_word' id='word_1_631' title='bbox 1790 2951 1911 2980; x_wconf 79' lang='lat' dir='ltr'>aeterna</span> <span class='ocrx_word' id='word_1_632' title='bbox 1929 2947 2063 2987; x_wconf 84' lang='lat' dir='ltr'>juventa</span> 
     </span>
    </p>

    <p class='ocr_par' dir='ltr' id='par_1_33' title="bbox 1321 3005 2218 3164">
     <span class='ocr_line' id='line_1_99' title="bbox 1321 3005 2156 3047; baseline -0.002 -8"><span class='ocrx_word' id='word_1_633' title='bbox 1321 3008 1414 3039; x_wconf 84' lang='lat' dir='ltr'>Nunc</span> <span class='ocrx_word' id='word_1_634' title='bbox 1424 3006 1588 3047; x_wconf 85' lang='lat' dir='ltr'>comitate,</span> <span class='ocrx_word' id='word_1_635' title='bbox 1611 3007 1692 3039; x_wconf 87' lang='lat' dir='ltr'>rotis</span> <span class='ocrx_word' id='word_1_636' title='bbox 1710 3007 1836 3039; x_wconf 86' lang='lat' dir='ltr'>nostras</span> <span class='ocrx_word' id='word_1_637' title='bbox 1854 3008 1986 3039; x_wconf 87' lang='lat' dir='ltr'>evectus</span> <span class='ocrx_word' id='word_1_638' title='bbox 2000 3005 2039 3037; x_wconf 90' lang='lat' dir='ltr'>ad</span> <span class='ocrx_word' id='word_1_639' title='bbox 2055 3015 2156 3045; x_wconf 53' lang='grc' dir='ltr'>ἔπεσε,</span> 
     </span>
     <span class='ocr_line' id='line_1_100' title="bbox 1322 3063 2218 3107; baseline -0.001 -9"><span class='ocrx_word' id='word_1_640' title='bbox 1322 3066 1417 3098; x_wconf 81' lang='lat' dir='ltr'>caste</span> <span class='ocrx_word' id='word_1_641' title='bbox 1437 3074 1527 3107; x_wconf 86' lang='lat' dir='ltr'>puer,</span> <span class='ocrx_word' id='word_1_642' title='bbox 1539 3065 1637 3107; x_wconf 86' lang='lat' dir='ltr'>salve,</span> <span class='ocrx_word' id='word_1_643' title='bbox 1653 3074 1758 3107; x_wconf 88' lang='lat' dir='ltr'>neque</span> <span class='ocrx_word' id='word_1_644' title='bbox 1773 3065 1859 3098; x_wconf 87' lang='lat' dir='ltr'>enim</span> <span class='ocrx_word' id='word_1_645' title='bbox 1875 3064 1960 3097; x_wconf 90' lang='lat' dir='ltr'>male</span> <span class='ocrx_word' id='word_1_646' title='bbox 1973 3063 2036 3096; x_wconf 78' lang='lat' dir='ltr'>fida</span> <span class='ocrx_word' id='word_1_647' title='bbox 2052 3066 2218 3097; x_wconf 87' lang='lat' dir='ltr'>timentem</span> 
     </span>
     <span class='ocr_line' id='line_1_101' title="bbox 1321 3123 2092 3164; baseline -0.001 -8"><span class='ocrx_word' id='word_1_648' title='bbox 1321 3123 1462 3157; x_wconf 86' lang='lat' dir='ltr'>Adduxit</span> <span class='ocrx_word' id='word_1_649' title='bbox 1475 3133 1545 3157; x_wconf 88' lang='lat' dir='ltr'>sors</span> <span class='ocrx_word' id='word_1_650' title='bbox 1567 3124 1629 3157; x_wconf 90' lang='lat' dir='ltr'>hoc</span> <span class='ocrx_word' id='word_1_651' title='bbox 1641 3124 1681 3156; x_wconf 87' lang='lat' dir='ltr'>ad</span> <span class='ocrx_word' id='word_1_652' title='bbox 1700 3125 1761 3157; x_wconf 90' lang='lat' dir='ltr'>iter</span> <span class='ocrx_word' id='word_1_653' title='bbox 1782 3123 1922 3157; x_wconf 86' lang='lat' dir='ltr'>sublime</span> <span class='ocrx_word' id='word_1_654' title='bbox 1938 3123 2072 3155; x_wconf 85' lang='lat' dir='ltr'>deorum</span> <span class='ocrx_word' id='word_1_655' title='bbox 2083 3147 2092 3164; x_wconf 90' lang='lat'>‚</span> 
     </span>
    </p>

    <p class='ocr_par' dir='ltr' id='par_1_34' title="bbox 1319 3182 2185 3283">
     <span class='ocr_line' id='line_1_102' title="bbox 1319 3182 2185 3216; baseline -0.002 0"><span class='ocrx_word' id='word_1_656' title='bbox 1319 3183 1381 3216; x_wconf 90' lang='lat' dir='ltr'>Sed</span> <span class='ocrx_word' id='word_1_657' title='bbox 1402 3184 1468 3216; x_wconf 88' lang='lat' dir='ltr'>veri</span> <span class='ocrx_word' id='word_1_658' title='bbox 1488 3183 1698 3216; x_wconf 76' lang='lat' dir='ltr'>intemeratus</span> <span class='ocrx_word' id='word_1_659' title='bbox 1718 3192 1820 3216; x_wconf 86' lang='lat' dir='ltr'>amor.</span> <span class='ocrx_word' id='word_1_660' title='bbox 1841 3185 1889 3216; x_wconf 86' lang='lat' dir='ltr'>Tu</span> <span class='ocrx_word' id='word_1_661' title='bbox 1913 3183 2029 3215; x_wconf 83' lang='lat' dir='ltr'>cuncta</span> <span class='ocrx_word' id='word_1_662' title='bbox 2050 3182 2185 3215; x_wconf 88' lang='lat' dir='ltr'>reconde</span> 
     </span>
     <span class='ocr_line' id='line_1_103' title="bbox 1319 3241 2039 3283; baseline -0.003 -8"><span class='ocrx_word' id='word_1_663' title='bbox 1319 3244 1425 3276; x_wconf 88' lang='lat' dir='ltr'>Mente</span> <span class='ocrx_word' id='word_1_664' title='bbox 1440 3243 1496 3276; x_wconf 88' lang='lat' dir='ltr'>tua</span> <span class='ocrx_word' id='word_1_665' title='bbox 1513 3243 1579 3275; x_wconf 90' lang='lat' dir='ltr'>veri</span> <span class='ocrx_word' id='word_1_666' title='bbox 1597 3242 1721 3275; x_wconf 89' lang='lat' dir='ltr'>sincera</span> <span class='ocrx_word' id='word_1_667' title='bbox 1735 3242 1922 3283; x_wconf 89' lang='lat' dir='ltr'>invictaque</span> <span class='ocrx_word' id='word_1_668' title='bbox 1941 3241 2039 3274; x_wconf 86' lang='lat' dir='ltr'>verba</span> 
     </span>
    </p>

    <p class='ocr_par' dir='ltr' id='par_1_35' title="bbox 1324 3299 2213 3344">
     <span class='ocr_line' id='line_1_104' title="bbox 1324 3299 2213 3344; baseline -0.003 -10"><span class='ocrx_word' id='word_1_669' title='bbox 1324 3303 1364 3334; x_wconf 85' lang='lat' dir='ltr'>Et</span> <span class='ocrx_word' id='word_1_670' title='bbox 1382 3311 1598 3344; x_wconf 86' lang='lat' dir='ltr'>quaecumque</span> <span class='ocrx_word' id='word_1_671' title='bbox 1614 3302 1760 3334; x_wconf 87' lang='lat' dir='ltr'>homines</span> <span class='ocrx_word' id='word_1_672' title='bbox 1770 3302 1914 3334; x_wconf 84' lang='lat' dir='ltr'>errantes</span> <span class='ocrx_word' id='word_1_673' title='bbox 1925 3299 2049 3332; x_wconf 89' lang='lat' dir='ltr'>somnia</span> <span class='ocrx_word' id='word_1_674' title='bbox 2066 3299 2213 3332; x_wconf 89' lang='lat' dir='ltr'>credunt.</span> 
     </span>
    </p>
   </div>
   <div class='ocr_carea' id='block_1_9' title="bbox 1233 3386 2283 3503">
    <p class='ocr_par' dir='ltr' id='par_1_36' title="bbox 1233 3386 2283 3503">
     <span class='ocr_line' id='line_1_105' title="bbox 1289 3386 2283 3438; baseline -0.008 -9"><span class='ocrx_word' id='word_1_675' title='bbox 1289 3393 1330 3430; x_wconf 90' lang='lat' dir='ltr'>V.</span> <span class='ocrx_word' id='word_1_676' title='bbox 1358 3403 1421 3438; x_wconf 88' lang='lat'>17.</span> <span class='ocrx_word' id='word_1_677' title='bbox 1444 3390 1668 3426; x_wconf 88' lang='lat' dir='ltr'>Dubitatum</span> <span class='ocrx_word' id='word_1_678' title='bbox 1692 3395 1745 3425; x_wconf 90' lang='lat' dir='ltr'>est</span> <span class='ocrx_word' id='word_1_679' title='bbox 1767 3388 1813 3425; x_wconf 87' lang='lat' dir='ltr'>ab</span> <span class='ocrx_word' id='word_1_680' title='bbox 1841 3386 2133 3436; x_wconf 90' lang='lat' dir='ltr'>interpretibus,</span> <span class='ocrx_word' id='word_1_681' title='bbox 2156 3394 2283 3421; x_wconf 88' lang='lat' dir='ltr'>utrum</span> 
     </span>
     <span class='ocr_line' id='line_1_106' title="bbox 1233 3447 2283 3503; baseline -0.008 -12"><span class='ocrx_word' id='word_1_682' title='bbox 1233 3452 1596 3503; x_wconf 72' lang='grc' dir='ltr'>ταὶ-ἀναπτάμεναι</span> <span class='ocrx_word' id='word_1_683' title='bbox 1629 3452 1677 3488; x_wconf 90' lang='lat' dir='ltr'>ad</span> <span class='ocrx_word' id='word_1_684' title='bbox 1708 3449 1821 3493; x_wconf 85' lang='grc' dir='ltr'>πύλας</span> <span class='ocrx_word' id='word_1_685' title='bbox 1847 3465 1894 3487; x_wconf 87' lang='lat' dir='ltr'>an</span> <span class='ocrx_word' id='word_1_686' title='bbox 1927 3450 1978 3488; x_wconf 91' lang='lat' dir='ltr'>ad</span> <span class='ocrx_word' id='word_1_687' title='bbox 2009 3447 2133 3499; x_wconf 85' lang='grc' dir='ltr'>κούρας</span> <span class='ocrx_word' id='word_1_688' title='bbox 2151 3448 2283 3484; x_wconf 84' lang='lat' dir='ltr'>referri</span> 
     </span>
    </p>
   </div>
   <div class='ocr_carea' id='block_1_10' title="bbox 122 3507 2280 3565">
    <p class='ocr_par' dir='ltr' id='par_1_37' title="bbox 122 3507 2280 3565">
     <span class='ocr_line' id='line_1_107' title="bbox 122 3507 2280 3565; baseline -0.006 -10"><span class='ocrx_word' id='word_1_689' title='bbox 122 3531 186 3556; x_wconf 87' lang='lat' dir='ltr'>rus</span> <span class='ocrx_word' id='word_1_690' title='bbox 206 3518 359 3564; x_wconf 78' lang='grc' dir='ltr'>πλῆνται</span> <span class='ocrx_word' id='word_1_691' title='bbox 393 3519 433 3554; x_wconf 89' lang='lat' dir='ltr'>in</span> <span class='ocrx_word' id='word_1_692' title='bbox 464 3517 622 3565; x_wconf 85' lang='grc' dir='ltr'>πηκταί,</span> <span class='ocrx_word' id='word_1_693' title='bbox 651 3518 913 3555; x_wconf 88' lang='lat' dir='ltr'>Lachmannus</span> <span class='ocrx_word' id='word_1_694' title='bbox 946 3516 985 3550; x_wconf 90' lang='lat' dir='ltr'>in</span> <span class='ocrx_word' id='word_1_695' title='bbox 1022 3514 1171 3560; x_wconf 77' lang='grc' dir='ltr'>κλησταί</span> <span class='ocrx_word' id='word_1_696' title='bbox 1230 3515 1342 3550; x_wconf 82' lang='lat' dir='ltr'>satius</span> <span class='ocrx_word' id='word_1_697' title='bbox 1364 3521 1465 3551; x_wconf 86' lang='lat' dir='ltr'>esset.</span> <span class='ocrx_word' id='word_1_698' title='bbox 1497 3513 1556 3549; x_wconf 86' lang='lat' dir='ltr'>Ad</span> <span class='ocrx_word' id='word_1_699' title='bbox 1586 3510 1699 3554; x_wconf 87' lang='grc' dir='ltr'>πύλας</span> <span class='ocrx_word' id='word_1_700' title='bbox 1726 3511 1950 3547; x_wconf 85' lang='lat' dir='ltr'>rettulerunt</span> <span class='ocrx_word' id='word_1_701' title='bbox 1982 3507 2221 3545; x_wconf 84' lang='lat' dir='ltr'>Heinrichius</span> <span class='ocrx_word' id='word_1_702' title='bbox 2243 3514 2280 3542; x_wconf 87' lang='lat' dir='ltr'>ct</span> 
     </span>
    </p>
   </div>
   <div class='ocr_carea' id='block_1_11' title="bbox 2103 3588 2129 3612">
    <p class='ocr_par' dir='ltr' id='par_1_38' title="bbox 2103 3588 2129 3612">
     <span class='ocr_line' id='line_1_108' title="bbox 2103 3588 2129 3612; baseline 0 0"><span class='ocrx_word' id='word_1_703' title='bbox 2103 3588 2129 3612; x_wconf 79' lang='lat'>0&#39;.</span> 
     </span>
    </p>
   </div>
  </div>
 </body>
</html>
