<?xml version="1.0" encoding="UTF-8"?>
<!DOCTYPE html PUBLIC "-//W3C//DTD XHTML 1.0 Transitional//EN"
    "http://www.w3.org/TR/xhtml1/DTD/xhtml1-transitional.dtd">
<html xmlns="http://www.w3.org/1999/xhtml" xml:lang="en" lang="en">
 <head>
  <title>
</title>
<meta http-equiv="Content-Type" content="text/html;charset=utf-8" />
  <meta name='ocr-system' content='tesseract 3.04.00' />
  <meta name='ocr-capabilities' content='ocr_page ocr_carea ocr_par ocr_line ocrx_word'/>
</head>
<body>
  <div class='ocr_page' id='page_1' title='image "./fragmentaphiloso01mulluoft_0298.png"; bbox 0 0 2612 3814; ppageno 0'>
   <div class='ocr_carea' id='block_1_1' title="bbox 0 0 54 3814">
    <p class='ocr_par' dir='ltr' id='par_1_1' title="bbox 0 0 54 3814">
     <span class='ocr_line' id='line_1_1' title="bbox 0 0 54 3814; baseline 0 0"><span class='ocrx_word' id='word_1_1' title='bbox 0 0 54 3814; x_wconf 95' lang='lat' dir='ltr'><strong> </strong></span> 
     </span>
    </p>
   </div>
   <div class='ocr_carea' id='block_1_2' title="bbox 377 252 1646 296">
    <p class='ocr_par' dir='ltr' id='par_1_2' title="bbox 377 252 1646 296">
     <span class='ocr_line' id='line_1_2' title="bbox 377 252 1646 296; baseline -0.002 -2"><span class='ocrx_word' id='word_1_2' title='bbox 377 262 451 296; x_wconf 77' lang='lat'><strong>258</strong></span> <span class='ocrx_word' id='word_1_3' title='bbox 1258 254 1324 293; x_wconf 83' lang='lat' dir='ltr'><strong>DE</strong></span> <span class='ocrx_word' id='word_1_4' title='bbox 1352 252 1646 294; x_wconf 75' lang='lat' dir='ltr'><strong>ARCRELAO.</strong></span> 
     </span>
    </p>
   </div>
   <div class='ocr_carea' id='block_1_3' title="bbox 371 330 2530 456">
    <p class='ocr_par' dir='ltr' id='par_1_3' title="bbox 371 330 2530 456">
     <span class='ocr_line' id='line_1_3' title="bbox 371 330 2529 396; baseline 0.002 -13"><span class='ocrx_word' id='word_1_5' title='bbox 371 343 494 383; x_wconf 86' lang='lat' dir='ltr'><strong>sitatis</strong></span> <span class='ocrx_word' id='word_1_6' title='bbox 525 355 666 396; x_wconf 83' lang='lat' dir='ltr'><strong>corpus</strong></span> <span class='ocrx_word' id='word_1_7' title='bbox 688 342 881 382; x_wconf 84' lang='lat' dir='ltr'><strong>infinitum</strong></span> <span class='ocrx_word' id='word_1_8' title='bbox 908 354 992 382; x_wconf 82' lang='lat' dir='ltr'><strong>esse</strong></span> <span class='ocrx_word' id='word_1_9' title='bbox 1016 342 1094 382; x_wconf 85' lang='lat' dir='ltr'><strong>sibi</strong></span> <span class='ocrx_word' id='word_1_10' title='bbox 1110 342 1301 396; x_wconf 81' lang='lat' dir='ltr'><strong>persuasit</strong></span> <span class='ocrx_word' id='word_1_11' title='bbox 1317 342 1411 394; x_wconf 83' lang='lat'><em>(12).</em></span> <span class='ocrx_word' id='word_1_12' title='bbox 1474 350 1632 390; x_wconf 88' lang='lat' dir='ltr'><strong>natura,</strong></span> <span class='ocrx_word' id='word_1_13' title='bbox 1650 340 1718 380; x_wconf 84' lang='lat' dir='ltr'><strong>sed</strong></span> <span class='ocrx_word' id='word_1_14' title='bbox 1733 341 1923 394; x_wconf 89' lang='lat' dir='ltr'><strong>opinione</strong></span> <span class='ocrx_word' id='word_1_15' title='bbox 1941 350 1980 382; x_wconf 85' lang='lat' dir='ltr'><strong>et</strong></span> <span class='ocrx_word' id='word_1_16' title='bbox 1998 330 2179 383; x_wconf 75' lang='lat' dir='ltr'><strong>instituto</strong></span> <span class='ocrx_word' id='word_1_17' title='bbox 2196 356 2281 384; x_wconf 84' lang='lat' dir='ltr'><strong>esse</strong></span> <span class='ocrx_word' id='word_1_18' title='bbox 2300 358 2310 383; x_wconf 76' lang='grc' dir='ltr'><strong>ε</strong></span> <span class='ocrx_word' id='word_1_19' title='bbox 2329 356 2377 385; x_wconf 90' lang='lat' dir='ltr'><strong>eo</strong></span> <span class='ocrx_word' id='word_1_20' title='bbox 2396 346 2529 387; x_wconf 82' lang='lat' dir='ltr'><strong>omnis</strong></span> 
     </span>
     <span class='ocr_line' id='line_1_4' title="bbox 422 399 2530 456; baseline 0.001 -15"><span class='ocrx_word' id='word_1_21' title='bbox 422 402 609 450; x_wconf 88' lang='lat' dir='ltr'><strong>Quamvis</strong></span> <span class='ocrx_word' id='word_1_22' title='bbox 619 411 745 443; x_wconf 83' lang='lat' dir='ltr'><strong>autem</strong></span> <span class='ocrx_word' id='word_1_23' title='bbox 759 402 971 442; x_wconf 76' lang='lat' dir='ltr'><strong>Archelaus</strong></span> <span class='ocrx_word' id='word_1_24' title='bbox 987 401 1239 455; x_wconf 85' lang='lat' dir='ltr'><strong>physicorum</strong></span> <span class='ocrx_word' id='word_1_25' title='bbox 1252 401 1412 441; x_wconf 89' lang='lat' dir='ltr'><strong>ultimus</strong></span> <span class='ocrx_word' id='word_1_26' title='bbox 1472 412 1624 438; x_wconf 86' lang='lat' dir='ltr'><strong>morum</strong></span> <span class='ocrx_word' id='word_1_27' title='bbox 1650 399 1832 440; x_wconf 84' lang='lat' dir='ltr'><strong>doctrina</strong></span> <span class='ocrx_word' id='word_1_28' title='bbox 1859 402 2053 442; x_wconf 85' lang='lat' dir='ltr'><strong>evertitur</strong></span> <span class='ocrx_word' id='word_1_29' title='bbox 2071 403 2207 455; x_wconf 88' lang='lat' dir='ltr'><strong>potius</strong></span> <span class='ocrx_word' id='word_1_30' title='bbox 2244 416 2362 456; x_wconf 83' lang='lat' dir='ltr'><strong>quam</strong></span> <span class='ocrx_word' id='word_1_31' title='bbox 2394 404 2530 446; x_wconf 73' lang='lat' dir='ltr'><strong>funda-</strong></span> 
     </span>
    </p>
   </div>
   <div class='ocr_carea' id='block_1_4' title="bbox 369 457 2526 574">
    <p class='ocr_par' dir='ltr' id='par_1_4' title="bbox 369 457 2526 574">
     <span class='ocr_line' id='line_1_5' title="bbox 371 457 2526 520; baseline 0.002 -20"><span class='ocrx_word' id='word_1_32' title='bbox 371 461 489 500; x_wconf 83' lang='lat' dir='ltr'><strong>suisse</strong></span> <span class='ocrx_word' id='word_1_33' title='bbox 505 460 755 514; x_wconf 83' lang='lat' dir='ltr'><strong>perhibeatur</strong></span> <span class='ocrx_word' id='word_1_34' title='bbox 777 461 872 514; x_wconf 80' lang='lat'>(13),</span> <span class='ocrx_word' id='word_1_35' title='bbox 895 469 1023 500; x_wconf 88' lang='lat' dir='ltr'><strong>tamen</strong></span> <span class='ocrx_word' id='word_1_36' title='bbox 1042 460 1226 500; x_wconf 78' lang='lat' dir='ltr'><strong>moralem</strong></span> <span class='ocrx_word' id='word_1_37' title='bbox 1253 473 1411 512; x_wconf 89' lang='lat' dir='ltr'><strong>quoque</strong></span> <span class='ocrx_word' id='word_1_38' title='bbox 1470 466 1535 498; x_wconf 89' lang='lat' dir='ltr'><strong>tur</strong></span> <span class='ocrx_word' id='word_1_39' title='bbox 1558 457 1797 511; x_wconf 76' lang='lat' dir='ltr'><strong>(14).Quare</strong></span> <span class='ocrx_word' id='word_1_40' title='bbox 1816 473 1896 499; x_wconf 88' lang='lat' dir='ltr'><strong>non</strong></span> <span class='ocrx_word' id='word_1_41' title='bbox 1924 469 1984 501; x_wconf 88' lang='lat' dir='ltr'><strong>est</strong></span> <span class='ocrx_word' id='word_1_42' title='bbox 2001 462 2107 514; x_wconf 91' lang='lat' dir='ltr'><strong>quod</strong></span> <span class='ocrx_word' id='word_1_43' title='bbox 2125 476 2214 502; x_wconf 89' lang='lat' dir='ltr'><strong>cum</strong></span> <span class='ocrx_word' id='word_1_44' title='bbox 2240 463 2417 517; x_wconf 79' lang='lat' dir='ltr'><strong>Diogene</strong></span> <span class='ocrx_word' id='word_1_45' title='bbox 2446 463 2526 520; x_wconf 72' lang='grc' dir='ltr'><strong>(ιδ)</strong></span> 
     </span>
     <span class='ocr_line' id='line_1_6' title="bbox 369 517 2526 574; baseline 0.003 -16"><span class='ocrx_word' id='word_1_46' title='bbox 369 520 653 573; x_wconf 81' lang='lat' dir='ltr'><strong>philosophiam</strong></span> <span class='ocrx_word' id='word_1_47' title='bbox 674 533 718 560; x_wconf 91' lang='lat' dir='ltr'><strong>ac</strong></span> <span class='ocrx_word' id='word_1_48' title='bbox 734 520 888 559; x_wconf 88' lang='lat' dir='ltr'><strong>civilem</strong></span> <span class='ocrx_word' id='word_1_49' title='bbox 906 520 1093 559; x_wconf 85' lang='lat' dir='ltr'><strong>rationem</strong></span> <span class='ocrx_word' id='word_1_50' title='bbox 1111 519 1258 570; x_wconf 83' lang='lat' dir='ltr'><strong>attigit,</strong></span> <span class='ocrx_word' id='word_1_51' title='bbox 1283 517 1408 570; x_wconf 89' lang='lat' dir='ltr'><strong>siqui·</strong></span> <span class='ocrx_word' id='word_1_52' title='bbox 1469 525 1650 569; x_wconf 87' lang='lat' dir='ltr'><strong>putemus</strong></span> <span class='ocrx_word' id='word_1_53' title='bbox 1678 517 1876 558; x_wconf 86' lang='lat' dir='ltr'><strong>Socratem</strong></span> <span class='ocrx_word' id='word_1_54' title='bbox 1904 519 2084 559; x_wconf 78' lang='lat' dir='ltr'><strong>Archelai</strong></span> <span class='ocrx_word' id='word_1_55' title='bbox 2103 523 2308 574; x_wconf 84' lang='lat' dir='ltr'><strong>praeceptis</strong></span> <span class='ocrx_word' id='word_1_56' title='bbox 2330 521 2526 564; x_wconf 86' lang='lat' dir='ltr'><strong>imbutum</strong></span> 
     </span>
    </p>
   </div>
   <div class='ocr_carea' id='block_1_5' title="bbox 366 576 2344 689">
    <p class='ocr_par' dir='ltr' id='par_1_5' title="bbox 366 576 2344 689">
     <span class='ocr_line' id='line_1_7' title="bbox 367 576 2344 633; baseline 0.003 -17"><span class='ocrx_word' id='word_1_57' title='bbox 367 578 454 617; x_wconf 87' lang='lat' dir='ltr'><strong>dem</strong></span> <span class='ocrx_word' id='word_1_58' title='bbox 473 579 521 619; x_wconf 93' lang='lat' dir='ltr'><strong>de</strong></span> <span class='ocrx_word' id='word_1_59' title='bbox 538 578 690 630; x_wconf 82' lang='lat' dir='ltr'><strong>legibus</strong></span> <span class='ocrx_word' id='word_1_60' title='bbox 706 592 750 618; x_wconf 82' lang='lat' dir='ltr'><strong>ac</strong></span> <span class='ocrx_word' id='word_1_61' title='bbox 766 578 814 618; x_wconf 86' lang='lat' dir='ltr'><strong>de</strong></span> <span class='ocrx_word' id='word_1_62' title='bbox 827 579 990 618; x_wconf 85' lang='lat' dir='ltr'><strong>honesto</strong></span> <span class='ocrx_word' id='word_1_63' title='bbox 1004 587 1042 618; x_wconf 93' lang='lat' dir='ltr'><strong>et</strong></span> <span class='ocrx_word' id='word_1_64' title='bbox 1056 578 1163 627; x_wconf 83' lang='lat' dir='ltr'><strong>justo</strong></span> <span class='ocrx_word' id='word_1_65' title='bbox 1180 577 1406 629; x_wconf 85' lang='lat' dir='ltr'><strong>disputavit.</strong></span> <span class='ocrx_word' id='word_1_66' title='bbox 1468 576 1510 615; x_wconf 88' lang='lat' dir='ltr'><strong>in</strong></span> <span class='ocrx_word' id='word_1_67' title='bbox 1533 576 1674 616; x_wconf 89' lang='lat' dir='ltr'><strong>morali</strong></span> <span class='ocrx_word' id='word_1_68' title='bbox 1691 576 1955 631; x_wconf 81' lang='lat' dir='ltr'><strong>philosophiae</strong></span> <span class='ocrx_word' id='word_1_69' title='bbox 1979 587 2091 632; x_wconf 84' lang='lat' dir='ltr'><strong>parte</strong></span> <span class='ocrx_word' id='word_1_70' title='bbox 2111 580 2344 633; x_wconf 80' lang='lat' dir='ltr'><strong>profecisse.</strong></span> 
     </span>
     <span class='ocr_line' id='line_1_8' title="bbox 366 637 1406 689; baseline -0.001 -13"><span class='ocrx_word' id='word_1_71' title='bbox 366 637 479 683; x_wconf 87' lang='lat' dir='ltr'><strong>Quod</strong></span> <span class='ocrx_word' id='word_1_72' title='bbox 495 650 588 677; x_wconf 84' lang='lat' dir='ltr'><strong>vero</strong></span> <span class='ocrx_word' id='word_1_73' title='bbox 608 638 754 678; x_wconf 83' lang='lat' dir='ltr'><strong>dixisse</strong></span> <span class='ocrx_word' id='word_1_74' title='bbox 770 639 950 686; x_wconf 84' lang='lat' dir='ltr'><strong>traditur,</strong></span> <span class='ocrx_word' id='word_1_75' title='bbox 965 638 1115 689; x_wconf 86' lang='lat' dir='ltr'><strong>justum</strong></span> <span class='ocrx_word' id='word_1_76' title='bbox 1133 646 1171 676; x_wconf 89' lang='lat' dir='ltr'><strong>et</strong></span> <span class='ocrx_word' id='word_1_77' title='bbox 1189 646 1302 689; x_wconf 81' lang='lat' dir='ltr'><strong>turpe</strong></span> <span class='ocrx_word' id='word_1_78' title='bbox 1327 650 1406 675; x_wconf 90' lang='lat' dir='ltr'><strong>non</strong></span> 
     </span>
    </p>
   </div>
   <div class='ocr_carea' id='block_1_6' title="bbox 363 749 2527 894">
    <p class='ocr_par' dir='ltr' id='par_1_6' title="bbox 363 749 2527 894">
     <span class='ocr_line' id='line_1_9' title="bbox 406 749 2527 794; baseline 0.002 -11"><span class='ocrx_word' id='word_1_79' title='bbox 406 751 471 792; x_wconf 80' lang='lat'>(12)</span> <span class='ocrx_word' id='word_1_80' title='bbox 489 750 642 792; x_wconf 78' lang='lat' dir='ltr'><strong>Diogenes</strong></span> <span class='ocrx_word' id='word_1_81' title='bbox 656 752 799 785; x_wconf 74' lang='lat' dir='ltr'><strong>Laertius</strong></span> <span class='ocrx_word' id='word_1_82' title='bbox 816 752 867 784; x_wconf 88' lang='lat' dir='ltr'><strong>lib.</strong></span> <span class='ocrx_word' id='word_1_83' title='bbox 885 753 928 792; x_wconf 85' lang='grc' dir='ltr'><strong>ΙΙ,</strong></span> <span class='ocrx_word' id='word_1_84' title='bbox 951 754 987 784; x_wconf 87' lang='grc'><strong>17</strong></span> <span class='ocrx_word' id='word_1_85' title='bbox 1008 759 1016 779; x_wconf 75' lang='lat'>²</span> <span class='ocrx_word' id='word_1_86' title='bbox 1037 752 1164 793; x_wconf 79' lang='grc' dir='ltr'>Πρῶτος</span> <span class='ocrx_word' id='word_1_87' title='bbox 1177 750 1210 783; x_wconf 77' lang='grc' dir='ltr'><strong>δὲ</strong></span> <span class='ocrx_word' id='word_1_88' title='bbox 1221 749 1297 783; x_wconf 71' lang='grc' dir='ltr'><strong>εἶκε</strong></span> <span class='ocrx_word' id='word_1_89' title='bbox 1305 754 1406 791; x_wconf 80' lang='grc' dir='ltr'>φωνῆς</span> <span class='ocrx_word' id='word_1_90' title='bbox 1513 749 1578 790; x_wconf 85' lang='grc'>(14)</span> <span class='ocrx_word' id='word_1_91' title='bbox 1595 750 1752 792; x_wconf 81' lang='lat' dir='ltr'><strong>Diogenes</strong></span> <span class='ocrx_word' id='word_1_92' title='bbox 1776 750 1925 784; x_wconf 75' lang='lat' dir='ltr'><strong>Laertius</strong></span> <span class='ocrx_word' id='word_1_93' title='bbox 1944 751 2002 785; x_wconf 83' lang='lat' dir='ltr'><strong>lib.</strong></span> <span class='ocrx_word' id='word_1_94' title='bbox 2026 753 2070 793; x_wconf 79' lang='lat'><strong>11,</strong></span> <span class='ocrx_word' id='word_1_95' title='bbox 2090 755 2128 786; x_wconf 78' lang='grc'><strong>16</strong></span> <span class='ocrx_word' id='word_1_96' title='bbox 2151 762 2160 786; x_wconf 86' lang='lat'>:</span> <span class='ocrx_word' id='word_1_97' title='bbox 2179 754 2286 788; x_wconf 70' lang='lat' dir='ltr'><strong>&#39;Eam</strong></span> <span class='ocrx_word' id='word_1_98' title='bbox 2305 753 2341 788; x_wconf 66' lang='lat' dir='ltr'>a</span> <span class='ocrx_word' id='word_1_99' title='bbox 2363 755 2419 787; x_wconf 67' lang='grc' dir='ltr'><strong>καὶ</strong></span> <span class='ocrx_word' id='word_1_100' title='bbox 2434 753 2527 794; x_wconf 69' lang='grc' dir='ltr'><strong>οὗτος</strong></span> 
     </span>
     <span class='ocr_line' id='line_1_10' title="bbox 364 795 2525 845; baseline 0.001 -14"><span class='ocrx_word' id='word_1_101' title='bbox 364 798 484 839; x_wconf 73' lang='grc' dir='ltr'>γένεσιν</span> <span class='ocrx_word' id='word_1_102' title='bbox 498 800 553 839; x_wconf 80' lang='grc' dir='ltr'><strong>τὴν</strong></span> <span class='ocrx_word' id='word_1_103' title='bbox 572 803 627 832; x_wconf 80' lang='grc' dir='ltr'><strong>τοῦ</strong></span> <span class='ocrx_word' id='word_1_104' title='bbox 641 799 728 841; x_wconf 79' lang='grc' dir='ltr'><strong>ἀέρος</strong></span> <span class='ocrx_word' id='word_1_105' title='bbox 744 801 851 838; x_wconf 75' lang='grc' dir='ltr'>πλῆξιν</span> <span class='ocrx_word' id='word_1_106' title='bbox 864 809 871 817; x_wconf 93' lang='grc'><em>·</em></span> <span class='ocrx_word' id='word_1_107' title='bbox 886 800 942 838; x_wconf 79' lang='grc' dir='ltr'><strong>τήν</strong></span> <span class='ocrx_word' id='word_1_108' title='bbox 952 799 984 832; x_wconf 85' lang='grc' dir='ltr'><strong>δὲ</strong></span> <span class='ocrx_word' id='word_1_109' title='bbox 998 799 1151 831; x_wconf 84' lang='grc' dir='ltr'>Θάλατταν</span> <span class='ocrx_word' id='word_1_110' title='bbox 1168 798 1199 831; x_wconf 77' lang='grc' dir='ltr'><strong>ἐν</strong></span> <span class='ocrx_word' id='word_1_111' title='bbox 1211 802 1275 836; x_wconf 81' lang='grc' dir='ltr'>τοῖς</span> <span class='ocrx_word' id='word_1_112' title='bbox 1290 799 1406 837; x_wconf 73' lang='grc' dir='ltr'>κοίλοις</span> <span class='ocrx_word' id='word_1_113' title='bbox 1466 795 1611 838; x_wconf 67' lang='grc' dir='ltr'>ἅψασθαι</span> <span class='ocrx_word' id='word_1_114' title='bbox 1623 799 1679 835; x_wconf 65' lang='grc' dir='ltr'><strong>τῆς</strong></span> <span class='ocrx_word' id='word_1_115' title='bbox 1694 796 1816 836; x_wconf 66' lang='grc' dir='ltr'><strong>ἦθῑκῆςὶ</strong></span> <span class='ocrx_word' id='word_1_116' title='bbox 1831 797 1885 830; x_wconf 63' lang='grc' dir='ltr'><strong>καὶ</strong></span> <span class='ocrx_word' id='word_1_117' title='bbox 1909 798 1969 841; x_wconf 76' lang='grc' dir='ltr'><strong>γὰρ</strong></span> <span class='ocrx_word' id='word_1_118' title='bbox 1989 799 2060 842; x_wconf 74' lang='grc' dir='ltr'><strong>περὶ</strong></span> <span class='ocrx_word' id='word_1_119' title='bbox 2079 799 2186 843; x_wconf 80' lang='grc' dir='ltr'>νόμων</span> <span class='ocrx_word' id='word_1_120' title='bbox 2210 801 2445 845; x_wconf 68' lang='grc' dir='ltr'><strong>πεφιλοσόφηκε</strong></span> <span class='ocrx_word' id='word_1_121' title='bbox 2469 803 2525 837; x_wconf 73' lang='grc' dir='ltr'><strong>καὶ</strong></span> 
     </span>
     <span class='ocr_line' id='line_1_11' title="bbox 363 844 2526 894; baseline 0.003 -16"><span class='ocrx_word' id='word_1_122' title='bbox 363 845 415 878; x_wconf 77' lang='grc' dir='ltr'><strong>διὰ</strong></span> <span class='ocrx_word' id='word_1_123' title='bbox 427 850 481 886; x_wconf 77' lang='grc' dir='ltr'><strong>τῆς</strong></span> <span class='ocrx_word' id='word_1_124' title='bbox 502 850 558 888; x_wconf 80' lang='grc' dir='ltr'><strong>γῆς</strong></span> <span class='ocrx_word' id='word_1_125' title='bbox 573 847 743 888; x_wconf 81' lang='grc' dir='ltr'><strong>ἠθουμένην</strong></span> <span class='ocrx_word' id='word_1_126' title='bbox 757 846 961 880; x_wconf 75' lang='grc' dir='ltr'>συνεστάναι·</span> <span class='ocrx_word' id='word_1_127' title='bbox 976 846 1123 888; x_wconf 83' lang='grc' dir='ltr'>μέγιστον</span> <span class='ocrx_word' id='word_1_128' title='bbox 1135 849 1198 879; x_wconf 89' lang='grc' dir='ltr'><strong>τῶν</strong></span> <span class='ocrx_word' id='word_1_129' title='bbox 1215 847 1339 889; x_wconf 80' lang='grc' dir='ltr'>ἄστρων</span> <span class='ocrx_word' id='word_1_130' title='bbox 1351 847 1405 880; x_wconf 86' lang='grc' dir='ltr'><strong>τὸν</strong></span> <span class='ocrx_word' id='word_1_131' title='bbox 1466 844 1572 876; x_wconf 78' lang='grc' dir='ltr'>καλῶν</span> <span class='ocrx_word' id='word_1_132' title='bbox 1587 844 1642 876; x_wconf 79' lang='grc' dir='ltr'><strong>καὶ</strong></span> <span class='ocrx_word' id='word_1_133' title='bbox 1653 844 1912 887; x_wconf 74' lang='grc' dir='ltr'>δικαίων...ἕλεγι</span> <span class='ocrx_word' id='word_1_134' title='bbox 1928 846 1962 880; x_wconf 84' lang='grc' dir='ltr'><strong>δὲ</strong></span> <span class='ocrx_word' id='word_1_135' title='bbox 1974 846 2012 880; x_wconf 83' lang='grc' dir='ltr'><strong>τὸ</strong></span> <span class='ocrx_word' id='word_1_136' title='bbox 2024 848 2148 882; x_wconf 74' lang='grc' dir='ltr'>δίκαιον</span> <span class='ocrx_word' id='word_1_137' title='bbox 2167 848 2249 883; x_wconf 72' lang='grc' dir='ltr'>εἶναι</span> <span class='ocrx_word' id='word_1_138' title='bbox 2263 849 2319 883; x_wconf 68' lang='grc' dir='ltr'><strong>καὶ</strong></span> <span class='ocrx_word' id='word_1_139' title='bbox 2334 850 2372 884; x_wconf 78' lang='grc' dir='ltr'><strong>τὸ</strong></span> <span class='ocrx_word' id='word_1_140' title='bbox 2391 851 2526 894; x_wconf 66' lang='grc' dir='ltr'><strong>αἰσχρὰν</strong></span> 
     </span>
    </p>
   </div>
   <div class='ocr_carea' id='block_1_7' title="bbox 363 893 2525 988">
    <p class='ocr_par' dir='ltr' id='par_1_7' title="bbox 363 893 2525 988">
     <span class='ocr_line' id='line_1_12' title="bbox 363 893 1830 937; baseline 0.001 -13"><span class='ocrx_word' id='word_1_141' title='bbox 363 893 449 930; x_wconf 77' lang='grc' dir='ltr'>ἥλιον</span> <span class='ocrx_word' id='word_1_142' title='bbox 467 894 520 926; x_wconf 78' lang='grc' dir='ltr'><strong>καὶ</strong></span> <span class='ocrx_word' id='word_1_143' title='bbox 536 894 570 927; x_wconf 86' lang='grc' dir='ltr'><strong>τὸ</strong></span> <span class='ocrx_word' id='word_1_144' title='bbox 589 896 650 926; x_wconf 82' lang='grc' dir='ltr'><strong>πᾶν</strong></span> <span class='ocrx_word' id='word_1_145' title='bbox 665 893 801 936; x_wconf 56' lang='lat' dir='ltr'><strong>antipam</strong></span> <span class='ocrx_word' id='word_1_146' title='bbox 1464 893 1501 926; x_wconf 85' lang='grc' dir='ltr'><strong>οὐ</strong></span> <span class='ocrx_word' id='word_1_147' title='bbox 1518 893 1621 935; x_wconf 74' lang='grc' dir='ltr'>φύσει,</span> <span class='ocrx_word' id='word_1_148' title='bbox 1635 893 1714 927; x_wconf 75' lang='grc' dir='ltr'>ἀλλὰ</span> <span class='ocrx_word' id='word_1_149' title='bbox 1729 893 1830 937; x_wconf 83' lang='grc' dir='ltr'>νόμῳ.</span> 
     </span>
     <span class='ocr_line' id='line_1_13' title="bbox 405 939 2525 988; baseline 0.003 -16"><span class='ocrx_word' id='word_1_150' title='bbox 405 940 474 979; x_wconf 89' lang='grc'>(13)</span> <span class='ocrx_word' id='word_1_151' title='bbox 495 941 563 973; x_wconf 80' lang='lat' dir='ltr'><strong>Hoc</strong></span> <span class='ocrx_word' id='word_1_152' title='bbox 583 949 710 981; x_wconf 85' lang='lat' dir='ltr'><strong>quoque</strong></span> <span class='ocrx_word' id='word_1_153' title='bbox 731 940 864 973; x_wconf 85' lang='lat' dir='ltr'><strong>dubium</strong></span> <span class='ocrx_word' id='word_1_154' title='bbox 880 941 940 974; x_wconf 83' lang='lat' dir='ltr'><strong>est.</strong></span> <span class='ocrx_word' id='word_1_155' title='bbox 958 939 1036 973; x_wconf 85' lang='lat' dir='ltr'><strong>Mihi</strong></span> <span class='ocrx_word' id='word_1_156' title='bbox 1049 940 1254 982; x_wconf 83' lang='lat' dir='ltr'><strong>physicorum</strong></span> <span class='ocrx_word' id='word_1_157' title='bbox 1272 940 1404 975; x_wconf 87' lang='lat' dir='ltr'><strong>ultimus</strong></span> <span class='ocrx_word' id='word_1_158' title='bbox 1507 940 1572 982; x_wconf 81' lang='lat'>(15)</span> <span class='ocrx_word' id='word_1_159' title='bbox 1590 939 1744 983; x_wconf 84' lang='lat' dir='ltr'><strong>Diogenes</strong></span> <span class='ocrx_word' id='word_1_160' title='bbox 1760 942 1904 975; x_wconf 79' lang='lat' dir='ltr'><strong>Laertius</strong></span> <span class='ocrx_word' id='word_1_161' title='bbox 1921 941 1978 975; x_wconf 91' lang='lat' dir='ltr'><strong>lib.</strong></span> <span class='ocrx_word' id='word_1_162' title='bbox 1992 943 2035 984; x_wconf 83' lang='lat' dir='ltr'><strong>ll,</strong></span> <span class='ocrx_word' id='word_1_163' title='bbox 2053 946 2091 976; x_wconf 77' lang='grc'><strong>16</strong></span> <span class='ocrx_word' id='word_1_164' title='bbox 2105 952 2115 976; x_wconf 87' lang='lat'>:</span> <span class='ocrx_word' id='word_1_165' title='bbox 2130 943 2262 988; x_wconf 78' lang='grc' dir='ltr'>Παρόὗ</span> <span class='ocrx_word' id='word_1_166' title='bbox 2274 943 2382 979; x_wconf 67' lang='grc' dir='ltr'>λαθὼν</span> <span class='ocrx_word' id='word_1_167' title='bbox 2396 945 2525 987; x_wconf 61' lang='lat' dir='ltr'><strong>twaed-</strong></span> 
     </span>
    </p>
   </div>
   <div class='ocr_carea' id='block_1_8' title="bbox 363 986 2136 1066">
    <p class='ocr_par' dir='ltr' id='par_1_8' title="bbox 363 986 2136 1066">
     <span class='ocr_line' id='line_1_14' title="bbox 364 986 2136 1066; baseline 0.004 -48"><span class='ocrx_word' id='word_1_168' title='bbox 364 986 563 1065; x_wconf 51' lang='lat' dir='ltr'><strong>Democrtitus</strong></span> <span class='ocrx_word' id='word_1_169' title='bbox 585 986 711 1066; x_wconf 50' lang='lat' dir='ltr'><strong>{idetur</strong></span> <span class='ocrx_word' id='word_1_170' title='bbox 729 988 783 1028; x_wconf 84' lang='lat' dir='ltr'><strong>qui</strong></span> <span class='ocrx_word' id='word_1_171' title='bbox 809 986 1019 1029; x_wconf 83' lang='lat' dir='ltr'><strong>quadraginta</strong></span> <span class='ocrx_word' id='word_1_172' title='bbox 1033 987 1125 1020; x_wconf 82' lang='lat' dir='ltr'><strong>annis</strong></span> <span class='ocrx_word' id='word_1_173' title='bbox 1145 988 1216 1028; x_wconf 82' lang='lat' dir='ltr'><strong>post</strong></span> <span class='ocrx_word' id='word_1_174' title='bbox 1234 989 1402 1029; x_wconf 77' lang='lat' dir='ltr'><strong>Anaxago·</strong></span> <span class='ocrx_word' id='word_1_175' title='bbox 1462 998 1517 1027; x_wconf 81' lang='grc' dir='ltr'><strong>της</strong></span> <span class='ocrx_word' id='word_1_176' title='bbox 1531 993 1576 1031; x_wconf 83' lang='grc' dir='ltr'><strong>τῷ</strong></span> <span class='ocrx_word' id='word_1_177' title='bbox 1591 989 1725 1029; x_wconf 66' lang='grc' dir='ltr'><strong>αὐξῆσαι</strong></span> <span class='ocrx_word' id='word_1_178' title='bbox 1742 990 1834 1028; x_wconf 77' lang='grc' dir='ltr'><strong>αὐτὸς</strong></span> <span class='ocrx_word' id='word_1_179' title='bbox 1854 991 1952 1033; x_wconf 73' lang='grc' dir='ltr'>εὑρεῖν</span> <span class='ocrx_word' id='word_1_180' title='bbox 1963 991 2136 1034; x_wconf 71' lang='grc' dir='ltr'>ὑπελήφθη.</span> 
     </span>
     <span class='ocr_line' id='line_1_15' title="bbox 363 1039 613 1065; baseline 0.012 -3"><span class='ocrx_word' id='word_1_181' title='bbox 363 1039 431 1063; x_wconf 80' lang='lat' dir='ltr'><strong>mm</strong></span> <span class='ocrx_word' id='word_1_182' title='bbox 447 1040 487 1064; x_wconf 86' lang='lat' dir='ltr'><strong>na</strong></span> <span class='ocrx_word' id='word_1_183' title='bbox 504 1041 540 1065; x_wconf 88' lang='lat' dir='ltr'><strong>us</strong></span> <span class='ocrx_word' id='word_1_184' title='bbox 555 1041 587 1065; x_wconf 86' lang='lat' dir='ltr'><strong>es</strong></span> <span class='ocrx_word' id='word_1_185' title='bbox 605 1055 613 1065; x_wconf 91' lang='lat'><strong>.</strong></span> 
     </span>
    </p>
   </div>
   <div class='ocr_carea' id='block_1_9' title="bbox 2554 817 2612 3814">
    <p class='ocr_par' dir='ltr' id='par_1_9' title="bbox 2554 817 2612 3814">
     <span class='ocr_line' id='line_1_16' title="bbox 2554 817 2612 3814; baseline 0 0"><span class='ocrx_word' id='word_1_186' title='bbox 2554 817 2612 3814; x_wconf 95' lang='lat' dir='ltr'><strong> </strong></span> 
     </span>
    </p>
   </div>
  </div>
 </body>
</html>
