<?xml version="1.0" encoding="UTF-8"?>
<!DOCTYPE html PUBLIC "-//W3C//DTD XHTML 1.0 Transitional//EN"
    "http://www.w3.org/TR/xhtml1/DTD/xhtml1-transitional.dtd">
<html xmlns="http://www.w3.org/1999/xhtml" xml:lang="en" lang="en">
 <head>
  <title>
</title>
<meta http-equiv="Content-Type" content="text/html;charset=utf-8" />
  <meta name='ocr-system' content='tesseract 3.04.00' />
  <meta name='ocr-capabilities' content='ocr_page ocr_carea ocr_par ocr_line ocrx_word'/>
</head>
<body>
  <div class='ocr_page' id='page_1' title='image "./fragmentaphiloso01mulluoft_0419.png"; bbox 0 0 2612 3814; ppageno 0'>
   <div class='ocr_carea' id='block_1_1' title="bbox 0 0 116 3814">
    <p class='ocr_par' dir='ltr' id='par_1_1' title="bbox 0 0 116 3814">
     <span class='ocr_line' id='line_1_1' title="bbox 0 0 116 3814; baseline 0 0"><span class='ocrx_word' id='word_1_1' title='bbox 0 0 116 3814; x_wconf 95' lang='lat' dir='ltr'><strong> </strong></span> 
     </span>
    </p>
   </div>
   <div class='ocr_carea' id='block_1_2' title="bbox 813 248 1690 292">
    <p class='ocr_par' dir='ltr' id='par_1_2' title="bbox 813 248 1690 292">
     <span class='ocr_line' id='line_1_2' title="bbox 813 248 1690 292; baseline -0.006 0"><span class='ocrx_word' id='word_1_2' title='bbox 813 252 1101 292; x_wconf 82' lang='lat' dir='ltr'>DEMOCRITI</span> <span class='ocrx_word' id='word_1_3' title='bbox 1130 250 1457 290; x_wconf 82' lang='lat' dir='ltr'><strong>FRAGMENTA</strong></span> <span class='ocrx_word' id='word_1_4' title='bbox 1485 248 1690 288; x_wconf 80' lang='lat' dir='ltr'><strong>SPURIA.</strong></span> 
     </span>
    </p>
   </div>
   <div class='ocr_carea' id='block_1_3' title="bbox 130 341 1247 3508">
    <p class='ocr_par' dir='ltr' id='par_1_3' title="bbox 130 341 1224 803">
     <span class='ocr_line' id='line_1_3' title="bbox 175 341 1222 392; baseline -0.011 -4"><span class='ocrx_word' id='word_1_5' title='bbox 175 347 448 387; x_wconf 74' lang='lat' dir='ltr'><strong>Valckenarius</strong></span> <span class='ocrx_word' id='word_1_6' title='bbox 462 354 498 383; x_wconf 89' lang='lat' dir='ltr'><strong>et</strong></span> <span class='ocrx_word' id='word_1_7' title='bbox 510 342 713 383; x_wconf 85' lang='lat' dir='ltr'><strong>Jacobsius</strong></span> <span class='ocrx_word' id='word_1_8' title='bbox 733 342 807 379; x_wconf 90' lang='lat' dir='ltr'><strong>hoc</strong></span> <span class='ocrx_word' id='word_1_9' title='bbox 822 341 993 390; x_wconf 80' lang='lat' dir='ltr'>fragmen</span> <span class='ocrx_word' id='word_1_10' title='bbox 1015 348 1222 392; x_wconf 71' lang='lat' dir='ltr'><strong>propterea</strong></span> 
     </span>
     <span class='ocr_line' id='line_1_4' title="bbox 130 398 1223 460; baseline -0.011 -13"><span class='ocrx_word' id='word_1_11' title='bbox 130 412 132 415; x_wconf 78' lang='grc'>’</span> <span class='ocrx_word' id='word_1_12' title='bbox 176 409 281 460; x_wconf 88' lang='lat' dir='ltr'><strong>quod</strong></span> <span class='ocrx_word' id='word_1_13' title='bbox 293 407 420 446; x_wconf 85' lang='lat' dir='ltr'><strong>ionice</strong></span> <span class='ocrx_word' id='word_1_14' title='bbox 437 405 623 456; x_wconf 89' lang='lat' dir='ltr'><strong>scriptum</strong></span> <span class='ocrx_word' id='word_1_15' title='bbox 642 410 699 440; x_wconf 89' lang='lat' dir='ltr'><strong>est</strong></span> <span class='ocrx_word' id='word_1_16' title='bbox 716 410 782 439; x_wconf 93' lang='lat' dir='ltr'><strong>aut</strong></span> <span class='ocrx_word' id='word_1_17' title='bbox 798 400 1010 439; x_wconf 74' lang='lat' dir='ltr'>Democriti</span> <span class='ocrx_word' id='word_1_18' title='bbox 1027 408 1091 437; x_wconf 77' lang='lat' dir='ltr'><strong>aut</strong></span> <span class='ocrx_word' id='word_1_19' title='bbox 1108 398 1223 436; x_wconf 82' lang='lat' dir='ltr'><strong>Euse-</strong></span> 
     </span>
     <span class='ocr_line' id='line_1_5' title="bbox 176 457 1224 517; baseline -0.01 -12"><span class='ocrx_word' id='word_1_20' title='bbox 176 467 233 505; x_wconf 91' lang='lat' dir='ltr'><strong>bii</strong></span> <span class='ocrx_word' id='word_1_21' title='bbox 244 464 511 517; x_wconf 88' lang='lat' dir='ltr'><strong>Neoplatonici</strong></span> <span class='ocrx_word' id='word_1_22' title='bbox 521 475 603 500; x_wconf 91' lang='lat' dir='ltr'><strong>esse</strong></span> <span class='ocrx_word' id='word_1_23' title='bbox 610 459 804 500; x_wconf 85' lang='lat' dir='ltr'><strong>volebant.</strong></span> <span class='ocrx_word' id='word_1_24' title='bbox 817 462 864 498; x_wconf 84' lang='lat' dir='ltr'><strong>At</strong></span> <span class='ocrx_word' id='word_1_25' title='bbox 873 458 1090 497; x_wconf 79' lang='lat' dir='ltr'><strong>Anaxarchi</strong></span> <span class='ocrx_word' id='word_1_26' title='bbox 1101 457 1224 495; x_wconf 86' lang='lat' dir='ltr'><strong>Abde-</strong></span> 
     </span>
     <span class='ocr_line' id='line_1_6' title="bbox 177 516 1221 573; baseline -0.01 -9"><span class='ocrx_word' id='word_1_27' title='bbox 177 526 260 564; x_wconf 82' lang='lat' dir='ltr'><strong>ritae</strong></span> <span class='ocrx_word' id='word_1_28' title='bbox 269 533 339 571; x_wconf 91' lang='lat' dir='ltr'><strong>est,</strong></span> <span class='ocrx_word' id='word_1_29' title='bbox 360 536 473 573; x_wconf 90' lang='lat' dir='ltr'><strong>quem</strong></span> <span class='ocrx_word' id='word_1_30' title='bbox 492 529 684 559; x_wconf 82' lang='lat' dir='ltr'><strong>auctorem</strong></span> <span class='ocrx_word' id='word_1_31' title='bbox 703 519 906 557; x_wconf 88' lang='lat' dir='ltr'><strong>nominant</strong></span> <span class='ocrx_word' id='word_1_32' title='bbox 918 517 1096 555; x_wconf 86' lang='lat' dir='ltr'>nonnulli</span> <span class='ocrx_word' id='word_1_33' title='bbox 1109 516 1221 555; x_wconf 89' lang='lat' dir='ltr'><strong>codd.</strong></span> 
     </span>
     <span class='ocr_line' id='line_1_7' title="bbox 176 574 1223 621; baseline -0.01 1"><span class='ocrx_word' id='word_1_34' title='bbox 176 583 322 621; x_wconf 81' lang='lat' dir='ltr'><strong>Stobaei</strong></span> <span class='ocrx_word' id='word_1_35' title='bbox 347 582 380 620; x_wconf 85' lang='lat' dir='ltr'><strong>l.</strong></span> <span class='ocrx_word' id='word_1_36' title='bbox 392 595 427 619; x_wconf 94' lang='lat' dir='ltr'><strong>c.</strong></span> <span class='ocrx_word' id='word_1_37' title='bbox 454 578 586 617; x_wconf 82' lang='lat' dir='ltr'>Eidem</span> <span class='ocrx_word' id='word_1_38' title='bbox 617 577 765 615; x_wconf 90' lang='lat' dir='ltr'><strong>auctori</strong></span> <span class='ocrx_word' id='word_1_39' title='bbox 798 576 1035 614; x_wconf 78' lang='lat' dir='ltr'><strong>adscribitur</strong></span> <span class='ocrx_word' id='word_1_40' title='bbox 1066 575 1108 613; x_wconf 90' lang='lat' dir='ltr'><strong>in</strong></span> <span class='ocrx_word' id='word_1_41' title='bbox 1138 574 1223 612; x_wconf 89' lang='lat' dir='ltr'><strong>cod.</strong></span> 
     </span>
     <span class='ocr_line' id='line_1_8' title="bbox 179 627 1223 683; baseline -0.01 -8"><span class='ocrx_word' id='word_1_42' title='bbox 179 636 344 674; x_wconf 85' lang='lat' dir='ltr'><strong>Florent.</strong></span> <span class='ocrx_word' id='word_1_43' title='bbox 365 633 472 672; x_wconf 89' lang='lat' dir='ltr'><strong>Stob.</strong></span> <span class='ocrx_word' id='word_1_44' title='bbox 495 645 530 683; x_wconf 90' lang='lat' dir='ltr'><strong>p.</strong></span> <span class='ocrx_word' id='word_1_45' title='bbox 554 637 597 676; x_wconf 87' lang='grc' dir='ltr'><strong>4ι</strong></span> <span class='ocrx_word' id='word_1_46' title='bbox 611 645 625 668; x_wconf 88' lang='grc' dir='ltr'>ι</span> <span class='ocrx_word' id='word_1_47' title='bbox 647 630 709 668; x_wconf 84' lang='lat' dir='ltr'><strong>his</strong></span> <span class='ocrx_word' id='word_1_48' title='bbox 726 629 858 667; x_wconf 89' lang='lat' dir='ltr'><strong>verbis</strong></span> <span class='ocrx_word' id='word_1_49' title='bbox 877 643 885 667; x_wconf 77' lang='lat' dir='ltr'><strong>t</strong></span> <span class='ocrx_word' id='word_1_50' title='bbox 917 627 1144 680; x_wconf 80' lang='grc' dir='ltr'>Ἡράκλειτος</span> <span class='ocrx_word' id='word_1_51' title='bbox 1161 627 1223 677; x_wconf 84' lang='grc' dir='ltr'><strong>μὲν</strong></span> 
     </span>
     <span class='ocr_line' id='line_1_9' title="bbox 177 684 1223 745; baseline -0.011 -11"><span class='ocrx_word' id='word_1_52' title='bbox 177 694 293 745; x_wconf 83' lang='grc' dir='ltr'>ἔλεγε,</span> <span class='ocrx_word' id='word_1_53' title='bbox 313 691 552 740; x_wconf 81' lang='grc' dir='ltr'>πολυμάθειαν</span> <span class='ocrx_word' id='word_1_54' title='bbox 573 693 652 728; x_wconf 91' lang='grc' dir='ltr'>νοῦν</span> <span class='ocrx_word' id='word_1_55' title='bbox 676 689 726 739; x_wconf 88' lang='grc' dir='ltr'>μὴ</span> <span class='ocrx_word' id='word_1_56' title='bbox 756 688 927 738; x_wconf 65' lang='grc' dir='ltr'>ἐμποιεῖν,</span> <span class='ocrx_word' id='word_1_57' title='bbox 950 686 1158 739; x_wconf 81' lang='grc' dir='ltr'>Ἀνάξαρχος</span> <span class='ocrx_word' id='word_1_58' title='bbox 1175 684 1223 733; x_wconf 83' lang='grc' dir='ltr'><strong>δέ,</strong></span> 
     </span>
     <span class='ocr_line' id='line_1_10' title="bbox 177 744 1222 803; baseline -0.01 -11"><span class='ocrx_word' id='word_1_59' title='bbox 177 752 416 803; x_wconf 79' lang='grc' dir='ltr'>πολυμάθειαν</span> <span class='ocrx_word' id='word_1_60' title='bbox 435 749 547 802; x_wconf 75' lang='grc' dir='ltr'>κάρτα</span> <span class='ocrx_word' id='word_1_61' title='bbox 568 748 630 799; x_wconf 85' lang='grc' dir='ltr'><strong>μὲν</strong></span> <span class='ocrx_word' id='word_1_62' title='bbox 650 748 813 801; x_wconf 70' lang='grc' dir='ltr'>ὠφελεῖν,</span> <span class='ocrx_word' id='word_1_63' title='bbox 837 746 950 800; x_wconf 86' lang='grc' dir='ltr'>κάρτα</span> <span class='ocrx_word' id='word_1_64' title='bbox 971 744 1007 784; x_wconf 82' lang='grc' dir='ltr'>δὲ</span> <span class='ocrx_word' id='word_1_65' title='bbox 1036 745 1222 798; x_wconf 82' lang='grc' dir='ltr'>βλάπτειν.</span> 
     </span>
    </p>

    <p class='ocr_par' dir='ltr' id='par_1_4' title="bbox 135 804 1235 1918">
     <span class='ocr_line' id='line_1_11' title="bbox 231 804 1229 859; baseline -0.009 -9"><span class='ocrx_word' id='word_1_66' title='bbox 231 826 262 851; x_wconf 88' lang='lat'><strong>5.</strong></span> <span class='ocrx_word' id='word_1_67' title='bbox 298 809 441 855; x_wconf 83' lang='grc' dir='ltr'>Ἔξεστι</span> <span class='ocrx_word' id='word_1_68' title='bbox 461 809 499 847; x_wconf 82' lang='grc' dir='ltr'><strong>οὗ</strong></span> <span class='ocrx_word' id='word_1_69' title='bbox 535 806 650 846; x_wconf 79' lang='grc' dir='ltr'>πολλὰ</span> <span class='ocrx_word' id='word_1_70' title='bbox 677 808 746 844; x_wconf 81' lang='grc' dir='ltr'><strong>τῶν</strong></span> <span class='ocrx_word' id='word_1_71' title='bbox 778 805 950 859; x_wconf 69' lang='grc' dir='ltr'>σφετέρων</span> <span class='ocrx_word' id='word_1_72' title='bbox 977 804 1229 858; x_wconf 66' lang='grc' dir='ltr'>ἀναλώσαντας</span> 
     </span>
     <span class='ocr_line' id='line_1_12' title="bbox 135 861 1225 916; baseline -0.007 -8"><span class='ocrx_word' id='word_1_73' title='bbox 135 874 139 878; x_wconf 83' lang='grc'><strong><em>’</em></strong></span> <span class='ocrx_word' id='word_1_74' title='bbox 177 867 364 908; x_wconf 74' lang='grc' dir='ltr'>παιδεῦσαί</span> <span class='ocrx_word' id='word_1_75' title='bbox 383 882 420 906; x_wconf 86' lang='grc' dir='ltr'><strong>τε</strong></span> <span class='ocrx_word' id='word_1_76' title='bbox 438 865 516 910; x_wconf 69' lang='grc' dir='ltr'>τοὺς</span> <span class='ocrx_word' id='word_1_77' title='bbox 548 866 676 910; x_wconf 85' lang='grc' dir='ltr'>παῖδας</span> <span class='ocrx_word' id='word_1_78' title='bbox 699 864 759 903; x_wconf 87' lang='grc' dir='ltr'><strong>καὶ</strong></span> <span class='ocrx_word' id='word_1_79' title='bbox 787 864 902 916; x_wconf 77' lang='grc' dir='ltr'>τεῖχός</span> <span class='ocrx_word' id='word_1_80' title='bbox 920 879 957 902; x_wconf 84' lang='grc' dir='ltr'><strong>τε</strong></span> <span class='ocrx_word' id='word_1_81' title='bbox 977 862 1036 901; x_wconf 76' lang='grc' dir='ltr'><strong>καὶ</strong></span> <span class='ocrx_word' id='word_1_82' title='bbox 1050 861 1225 915; x_wconf 75' lang='grc' dir='ltr'>σωτηρίην</span> 
     </span>
     <span class='ocr_line' id='line_1_13' title="bbox 176 921 1227 980; baseline -0.009 -13"><span class='ocrx_word' id='word_1_83' title='bbox 176 926 429 980; x_wconf 76' lang='grc' dir='ltr'>περιὸαλέσθαι</span> <span class='ocrx_word' id='word_1_84' title='bbox 458 924 547 964; x_wconf 86' lang='grc' dir='ltr'>τοῖσί</span> <span class='ocrx_word' id='word_1_85' title='bbox 566 940 602 963; x_wconf 88' lang='grc' dir='ltr'><strong>τε</strong></span> <span class='ocrx_word' id='word_1_86' title='bbox 622 924 785 977; x_wconf 80' lang='grc' dir='ltr'>χρήμασι</span> <span class='ocrx_word' id='word_1_87' title='bbox 807 922 867 961; x_wconf 79' lang='grc' dir='ltr'><strong>καὶ</strong></span> <span class='ocrx_word' id='word_1_88' title='bbox 887 928 978 961; x_wconf 88' lang='grc' dir='ltr'>τοῖσι</span> <span class='ocrx_word' id='word_1_89' title='bbox 1002 921 1143 971; x_wconf 86' lang='grc' dir='ltr'>σώμασι</span> <span class='ocrx_word' id='word_1_90' title='bbox 1159 921 1227 959; x_wconf 85' lang='grc' dir='ltr'><strong>αὖ-</strong></span> 
     </span>
     <span class='ocr_line' id='line_1_14' title="bbox 177 980 1225 1033; baseline -0.009 -8"><span class='ocrx_word' id='word_1_91' title='bbox 177 988 276 1026; x_wconf 81' lang='grc' dir='ltr'>τέων.</span> <span class='ocrx_word' id='word_1_92' title='bbox 294 986 400 1025; x_wconf 88' lang='lat' dir='ltr'><strong>Stob.</strong></span> <span class='ocrx_word' id='word_1_93' title='bbox 418 985 518 1023; x_wconf 86' lang='lat' dir='ltr'><strong>Flor.</strong></span> <span class='ocrx_word' id='word_1_94' title='bbox 538 982 749 1033; x_wconf 81' lang='lat' dir='ltr'>LXXXIII,</span> <span class='ocrx_word' id='word_1_95' title='bbox 775 983 840 1029; x_wconf 83' lang='lat'><strong>26;</strong></span> <span class='ocrx_word' id='word_1_96' title='bbox 873 994 937 1032; x_wconf 92' lang='lat' dir='ltr'><strong>ap.</strong></span> <span class='ocrx_word' id='word_1_97' title='bbox 958 980 1079 1018; x_wconf 90' lang='lat' dir='ltr'><strong>Orell.</strong></span> <span class='ocrx_word' id='word_1_98' title='bbox 1100 993 1138 1019; x_wconf 89' lang='lat' dir='ltr'><strong>n.</strong></span> <span class='ocrx_word' id='word_1_99' title='bbox 1162 994 1225 1030; x_wconf 89' lang='lat'><strong>91.</strong></span> 
     </span>
     <span class='ocr_line' id='line_1_15' title="bbox 176 1039 1226 1095; baseline -0.009 -11"><span class='ocrx_word' id='word_1_100' title='bbox 176 1049 305 1095; x_wconf 88' lang='lat' dir='ltr'><strong>Quum</strong></span> <span class='ocrx_word' id='word_1_101' title='bbox 323 1046 364 1083; x_wconf 90' lang='lat' dir='ltr'><strong>in</strong></span> <span class='ocrx_word' id='word_1_102' title='bbox 383 1043 617 1082; x_wconf 85' lang='lat' dir='ltr'><strong>membranis</strong></span> <span class='ocrx_word' id='word_1_103' title='bbox 636 1041 836 1079; x_wconf 83' lang='lat' dir='ltr'>nonnullis</span> <span class='ocrx_word' id='word_1_104' title='bbox 853 1039 1068 1077; x_wconf 86' lang='lat' dir='ltr'><strong>Democriti</strong></span> <span class='ocrx_word' id='word_1_105' title='bbox 1084 1051 1226 1076; x_wconf 86' lang='lat' dir='ltr'><strong>nomen</strong></span> 
     </span>
     <span class='ocr_line' id='line_1_16' title="bbox 177 1097 1226 1150; baseline -0.009 -7"><span class='ocrx_word' id='word_1_106' title='bbox 177 1105 352 1143; x_wconf 89' lang='lat' dir='ltr'><strong>hocloco</strong></span> <span class='ocrx_word' id='word_1_107' title='bbox 372 1103 486 1150; x_wconf 87' lang='lat' dir='ltr'><strong>desit,</strong></span> <span class='ocrx_word' id='word_1_108' title='bbox 511 1103 552 1140; x_wconf 85' lang='lat' dir='ltr'><strong>in</strong></span> <span class='ocrx_word' id='word_1_109' title='bbox 570 1101 656 1140; x_wconf 85' lang='lat' dir='ltr'><strong>aliis</strong></span> <span class='ocrx_word' id='word_1_110' title='bbox 678 1109 756 1138; x_wconf 86' lang='lat' dir='ltr'><strong>tota</strong></span> <span class='ocrx_word' id='word_1_111' title='bbox 775 1099 964 1138; x_wconf 89' lang='lat' dir='ltr'><strong>sententia</strong></span> <span class='ocrx_word' id='word_1_112' title='bbox 981 1097 1226 1136; x_wconf 86' lang='lat' dir='ltr'><strong>desideretur</strong></span> 
     </span>
     <span class='ocr_line' id='line_1_17' title="bbox 179 1157 1228 1216; baseline -0.008 -13"><span class='ocrx_word' id='word_1_113' title='bbox 179 1177 223 1203; x_wconf 91' lang='lat' dir='ltr'><strong>ac</strong></span> <span class='ocrx_word' id='word_1_114' title='bbox 236 1172 422 1216; x_wconf 86' lang='lat' dir='ltr'><strong>praeterea</strong></span> <span class='ocrx_word' id='word_1_115' title='bbox 437 1174 572 1200; x_wconf 90' lang='lat' dir='ltr'><strong>sensus</strong></span> <span class='ocrx_word' id='word_1_116' title='bbox 588 1159 705 1211; x_wconf 90' lang='lat' dir='ltr'><strong>hujus</strong></span> <span class='ocrx_word' id='word_1_117' title='bbox 718 1157 1003 1208; x_wconf 86' lang='lat' dir='ltr'><strong>fragmentivix</strong></span> <span class='ocrx_word' id='word_1_118' title='bbox 1022 1157 1228 1195; x_wconf 89' lang='lat' dir='ltr'><strong>conciliari</strong></span> 
     </span>
     <span class='ocr_line' id='line_1_18' title="bbox 179 1217 1230 1276; baseline -0.006 -15"><span class='ocrx_word' id='word_1_119' title='bbox 179 1224 302 1276; x_wconf 87' lang='lat' dir='ltr'><strong>possit</strong></span> <span class='ocrx_word' id='word_1_120' title='bbox 317 1236 402 1260; x_wconf 89' lang='lat' dir='ltr'><strong>cum</strong></span> <span class='ocrx_word' id='word_1_121' title='bbox 421 1221 664 1259; x_wconf 89' lang='lat' dir='ltr'><strong>Democriteo</strong></span> <span class='ocrx_word' id='word_1_122' title='bbox 685 1219 734 1257; x_wconf 90' lang='lat' dir='ltr'><strong>de</strong></span> <span class='ocrx_word' id='word_1_123' title='bbox 757 1231 967 1270; x_wconf 89' lang='lat' dir='ltr'><strong>puerorum</strong></span> <span class='ocrx_word' id='word_1_124' title='bbox 982 1217 1230 1258; x_wconf 87' lang='lat' dir='ltr'><strong>institutione</strong></span> 
     </span>
     <span class='ocr_line' id='line_1_19' title="bbox 174 1276 1230 1334; baseline -0.007 -13"><span class='ocrx_word' id='word_1_125' title='bbox 174 1282 342 1334; x_wconf 86' lang='lat' dir='ltr'><strong>judicio,</strong></span> <span class='ocrx_word' id='word_1_126' title='bbox 356 1280 494 1319; x_wconf 90' lang='lat' dir='ltr'><strong>merito</strong></span> <span class='ocrx_word' id='word_1_127' title='bbox 510 1279 665 1316; x_wconf 86' lang='lat' dir='ltr'><strong>videtur</strong></span> <span class='ocrx_word' id='word_1_128' title='bbox 680 1276 927 1315; x_wconf 77' lang='lat' dir='ltr'><strong>Burclnardus</strong></span> <span class='ocrx_word' id='word_1_129' title='bbox 942 1277 1111 1326; x_wconf 83' lang='lat' dir='ltr'><strong>fragmen</strong></span> <span class='ocrx_word' id='word_1_130' title='bbox 1127 1277 1230 1314; x_wconf 89' lang='lat' dir='ltr'><strong>istud</strong></span> 
     </span>
     <span class='ocr_line' id='line_1_20' title="bbox 179 1335 1231 1389; baseline -0.008 -9"><span class='ocrx_word' id='word_1_131' title='bbox 179 1340 403 1381; x_wconf 83' lang='lat' dir='ltr'><strong>Democrito</strong></span> <span class='ocrx_word' id='word_1_132' title='bbox 420 1338 679 1389; x_wconf 87' lang='lat' dir='ltr'><strong>abjudicasse.</strong></span> <span class='ocrx_word' id='word_1_133' title='bbox 699 1335 854 1387; x_wconf 87' lang='lat' dir='ltr'><strong>Quippe</strong></span> <span class='ocrx_word' id='word_1_134' title='bbox 879 1335 978 1373; x_wconf 88' lang='lat' dir='ltr'><strong>nihil</strong></span> <span class='ocrx_word' id='word_1_135' title='bbox 1001 1336 1128 1373; x_wconf 92' lang='lat' dir='ltr'><strong>minus</strong></span> <span class='ocrx_word' id='word_1_136' title='bbox 1146 1336 1231 1386; x_wconf 91' lang='lat' dir='ltr'><strong>pla-</strong></span> 
     </span>
     <span class='ocr_line' id='line_1_21' title="bbox 179 1393 1233 1447; baseline -0.006 -10"><span class='ocrx_word' id='word_1_137' title='bbox 179 1398 294 1438; x_wconf 79' lang='lat' dir='ltr'><strong>cebat</strong></span> <span class='ocrx_word' id='word_1_138' title='bbox 326 1397 547 1436; x_wconf 83' lang='lat' dir='ltr'><strong>Democrito</strong></span> <span class='ocrx_word' id='word_1_139' title='bbox 574 1409 690 1447; x_wconf 88' lang='lat' dir='ltr'><strong>quam</strong></span> <span class='ocrx_word' id='word_1_140' title='bbox 720 1395 824 1445; x_wconf 90' lang='lat' dir='ltr'><strong>quod</strong></span> <span class='ocrx_word' id='word_1_141' title='bbox 844 1393 910 1433; x_wconf 80' lang='lat' dir='ltr'><strong>hic</strong></span> <span class='ocrx_word' id='word_1_142' title='bbox 937 1394 1110 1432; x_wconf 86' lang='lat' dir='ltr'><strong>dicitur:</strong></span> <span class='ocrx_word' id='word_1_143' title='bbox 1131 1398 1233 1443; x_wconf 64' lang='lat' dir='ltr'><strong>Licet</strong></span> 
     </span>
     <span class='ocr_line' id='line_1_22' title="bbox 175 1458 1235 1507; baseline -0.001 -13"><span class='ocrx_word' id='word_1_144' title='bbox 175 1471 312 1507; x_wconf 71' lang='lat' dir='ltr'><strong>pueros</strong></span> <span class='ocrx_word' id='word_1_145' title='bbox 329 1470 402 1494; x_wconf 84' lang='lat' dir='ltr'><strong>non</strong></span> <span class='ocrx_word' id='word_1_146' title='bbox 420 1469 558 1504; x_wconf 76' lang='lat' dir='ltr'><strong>magno</strong></span> <span class='ocrx_word' id='word_1_147' title='bbox 576 1463 698 1492; x_wconf 83' lang='lat' dir='ltr'><strong>sumtu</strong></span> <span class='ocrx_word' id='word_1_148' title='bbox 726 1459 778 1491; x_wconf 79' lang='lat' dir='ltr'><strong>ita</strong></span> <span class='ocrx_word' id='word_1_149' title='bbox 800 1458 1004 1501; x_wconf 72' lang='grc' dir='ltr'>ιἰιειίιιιενε,</span> <span class='ocrx_word' id='word_1_150' title='bbox 1030 1463 1071 1491; x_wconf 82' lang='lat' dir='ltr'><strong>uc</strong></span> <span class='ocrx_word' id='word_1_151' title='bbox 1085 1460 1235 1503; x_wconf 80' lang='lat' dir='ltr'><strong>pariter</strong></span> 
     </span>
     <span class='ocr_line' id='line_1_23' title="bbox 181 1514 1234 1564; baseline -0.002 -11"><span class='ocrx_word' id='word_1_152' title='bbox 181 1529 306 1553; x_wconf 86' lang='lat' dir='ltr'><strong>eorum</strong></span> <span class='ocrx_word' id='word_1_153' title='bbox 318 1514 488 1562; x_wconf 80' lang='lat' dir='ltr'><strong>fortunis</strong></span> <span class='ocrx_word' id='word_1_154' title='bbox 505 1523 619 1564; x_wconf 78' lang='lat' dir='ltr'><strong>atque</strong></span> <span class='ocrx_word' id='word_1_155' title='bbox 637 1514 852 1563; x_wconf 76' lang='lat' dir='ltr'><strong>corporibus</strong></span> <span class='ocrx_word' id='word_1_156' title='bbox 870 1516 981 1562; x_wconf 77' lang='lat' dir='ltr'><strong>quasi</strong></span> <span class='ocrx_word' id='word_1_157' title='bbox 1000 1526 1102 1549; x_wconf 83' lang='lat' dir='ltr'><strong>muro</strong></span> <span class='ocrx_word' id='word_1_158' title='bbox 1115 1516 1234 1551; x_wconf 74' lang='lat' dir='ltr'><strong>addc·-</strong></span> 
     </span>
     <span class='ocr_line' id='line_1_24' title="bbox 183 1571 1234 1624; baseline -0.002 -12"><span class='ocrx_word' id='word_1_159' title='bbox 183 1584 217 1612; x_wconf 85' lang='lat' dir='ltr'><strong>to</strong></span> <span class='ocrx_word' id='word_1_160' title='bbox 229 1577 387 1612; x_wconf 78' lang='lat' dir='ltr'><strong>salutem</strong></span> <span class='ocrx_word' id='word_1_161' title='bbox 404 1582 638 1624; x_wconf 81' lang='lat' dir='ltr'><strong>proestemus.</strong></span> <span class='ocrx_word' id='word_1_162' title='bbox 659 1571 747 1623; x_wconf 87' lang='lat' dir='ltr'><strong>lpse</strong></span> <span class='ocrx_word' id='word_1_163' title='bbox 766 1571 868 1609; x_wconf 87' lang='lat' dir='ltr'><strong>enim</strong></span> <span class='ocrx_word' id='word_1_164' title='bbox 890 1584 969 1609; x_wconf 89' lang='lat' dir='ltr'><strong>non</strong></span> <span class='ocrx_word' id='word_1_165' title='bbox 990 1580 1066 1609; x_wconf 90' lang='lat' dir='ltr'><strong>tam</strong></span> <span class='ocrx_word' id='word_1_166' title='bbox 1087 1586 1234 1624; x_wconf 88' lang='lat' dir='ltr'><strong>corpo-</strong></span> 
     </span>
     <span class='ocr_line' id='line_1_25' title="bbox 183 1629 1231 1684; baseline -0.003 -13"><span class='ocrx_word' id='word_1_167' title='bbox 183 1634 238 1672; x_wconf 88' lang='lat' dir='ltr'><strong>ris</strong></span> <span class='ocrx_word' id='word_1_168' title='bbox 260 1646 375 1684; x_wconf 87' lang='lat' dir='ltr'><strong>quam</strong></span> <span class='ocrx_word' id='word_1_169' title='bbox 398 1632 519 1671; x_wconf 89' lang='lat' dir='ltr'><strong>animi</strong></span> <span class='ocrx_word' id='word_1_170' title='bbox 535 1631 639 1669; x_wconf 87' lang='lat' dir='ltr'><strong>bona</strong></span> <span class='ocrx_word' id='word_1_171' title='bbox 659 1639 832 1682; x_wconf 88' lang='lat' dir='ltr'><strong>spectare</strong></span> <span class='ocrx_word' id='word_1_172' title='bbox 850 1630 999 1668; x_wconf 89' lang='lat' dir='ltr'><strong>solebat</strong></span> <span class='ocrx_word' id='word_1_173' title='bbox 1022 1629 1082 1684; x_wconf 88' lang='lat' dir='ltr'><strong>(cf.</strong></span> <span class='ocrx_word' id='word_1_174' title='bbox 1097 1630 1231 1680; x_wconf 85' lang='lat' dir='ltr'><strong>fragm.</strong></span> 
     </span>
     <span class='ocr_line' id='line_1_26' title="bbox 187 1689 1235 1742; baseline -0.002 -13"><span class='ocrx_word' id='word_1_175' title='bbox 187 1705 202 1729; x_wconf 92' lang='lat'>1</span> <span class='ocrx_word' id='word_1_176' title='bbox 211 1705 275 1742; x_wconf 78' lang='lat'><strong>27,</strong></span> <span class='ocrx_word' id='word_1_177' title='bbox 292 1705 306 1728; x_wconf 89' lang='lat'>1</span> <span class='ocrx_word' id='word_1_178' title='bbox 315 1691 364 1728; x_wconf 83' lang='lat'><strong>28</strong></span> <span class='ocrx_word' id='word_1_179' title='bbox 372 1690 512 1741; x_wconf 87' lang='lat' dir='ltr'><strong>seqq.),</strong></span> <span class='ocrx_word' id='word_1_180' title='bbox 521 1690 745 1728; x_wconf 85' lang='lat' dir='ltr'><strong>divitiarum</strong></span> <span class='ocrx_word' id='word_1_181' title='bbox 757 1698 880 1726; x_wconf 88' lang='lat' dir='ltr'><strong>autem</strong></span> <span class='ocrx_word' id='word_1_182' title='bbox 892 1696 1105 1727; x_wconf 87' lang='lat' dir='ltr'><strong>contemtor</strong></span> <span class='ocrx_word' id='word_1_183' title='bbox 1117 1689 1235 1727; x_wconf 88' lang='lat' dir='ltr'><strong>fuisse</strong></span> 
     </span>
     <span class='ocr_line' id='line_1_27' title="bbox 183 1747 1234 1799; baseline -0.001 -12"><span class='ocrx_word' id='word_1_184' title='bbox 183 1749 462 1787; x_wconf 87' lang='lat' dir='ltr'><strong>existimandus</strong></span> <span class='ocrx_word' id='word_1_185' title='bbox 489 1757 561 1796; x_wconf 91' lang='lat' dir='ltr'><strong>est,</strong></span> <span class='ocrx_word' id='word_1_186' title='bbox 583 1757 626 1786; x_wconf 90' lang='lat' dir='ltr'><strong>ut</strong></span> <span class='ocrx_word' id='word_1_187' title='bbox 640 1748 708 1799; x_wconf 90' lang='lat' dir='ltr'><strong>qui</strong></span> <span class='ocrx_word' id='word_1_188' title='bbox 725 1761 804 1785; x_wconf 91' lang='lat' dir='ltr'><strong>uno</strong></span> <span class='ocrx_word' id='word_1_189' title='bbox 825 1747 1014 1785; x_wconf 81' lang='lat' dir='ltr'><strong>doctrinae</strong></span> <span class='ocrx_word' id='word_1_190' title='bbox 1038 1747 1234 1786; x_wconf 88' lang='lat' dir='ltr'><strong>desiderio</strong></span> 
     </span>
     <span class='ocr_line' id='line_1_28' title="bbox 185 1801 1235 1859; baseline -0.004 -12"><span class='ocrx_word' id='word_1_191' title='bbox 185 1808 352 1858; x_wconf 85' lang='lat' dir='ltr'><strong>flagrans</strong></span> <span class='ocrx_word' id='word_1_192' title='bbox 383 1801 622 1859; x_wconf 85' lang='lat' dir='ltr'><strong>sumptuosis</strong></span> <span class='ocrx_word' id='word_1_193' title='bbox 653 1805 860 1845; x_wconf 83' lang='lat' dir='ltr'><strong>itineribus</strong></span> <span class='ocrx_word' id='word_1_194' title='bbox 892 1814 1014 1843; x_wconf 90' lang='lat' dir='ltr'><strong>totum</strong></span> <span class='ocrx_word' id='word_1_195' title='bbox 1049 1807 1235 1857; x_wconf 86' lang='lat' dir='ltr'><strong>patrimo·</strong></span> 
     </span>
     <span class='ocr_line' id='line_1_29' title="bbox 186 1866 548 1918; baseline -0.003 -12"><span class='ocrx_word' id='word_1_196' title='bbox 186 1868 294 1906; x_wconf 91' lang='lat' dir='ltr'><strong>nium</strong></span> <span class='ocrx_word' id='word_1_197' title='bbox 315 1866 548 1918; x_wconf 88' lang='lat' dir='ltr'><strong>profuderit.</strong></span> 
     </span>
    </p>

    <p class='ocr_par' dir='ltr' id='par_1_5' title="bbox 184 1922 1246 2800">
     <span class='ocr_line' id='line_1_30' title="bbox 239 1922 1236 1978; baseline -0.003 -13"><span class='ocrx_word' id='word_1_198' title='bbox 239 1940 268 1967; x_wconf 77' lang='lat' dir='ltr'><strong>o.</strong></span> <span class='ocrx_word' id='word_1_199' title='bbox 292 1926 365 1970; x_wconf 80' lang='grc' dir='ltr'><strong>Τὰς</strong></span> <span class='ocrx_word' id='word_1_200' title='bbox 386 1924 449 1977; x_wconf 79' lang='grc' dir='ltr'><strong>μὲν</strong></span> <span class='ocrx_word' id='word_1_201' title='bbox 466 1923 633 1978; x_wconf 79' lang='grc' dir='ltr'>γραμμὰς</span> <span class='ocrx_word' id='word_1_202' title='bbox 654 1922 929 1976; x_wconf 70' lang='grc' dir='ltr'>ἀσφαλεστέρας,</span> <span class='ocrx_word' id='word_1_203' title='bbox 961 1923 1021 1967; x_wconf 80' lang='grc' dir='ltr'><strong>τὰς</strong></span> <span class='ocrx_word' id='word_1_204' title='bbox 1043 1923 1078 1962; x_wconf 83' lang='grc' dir='ltr'>δὲ</span> <span class='ocrx_word' id='word_1_205' title='bbox 1096 1924 1236 1976; x_wconf 79' lang='grc' dir='ltr'>πράξεις</span> 
     </span>
     <span class='ocr_line' id='line_1_31' title="bbox 184 1979 1236 2037; baseline 0 -15"><span class='ocrx_word' id='word_1_206' title='bbox 184 1983 431 2036; x_wconf 79' lang='grc' dir='ltr'>λαμπροτέρας</span> <span class='ocrx_word' id='word_1_207' title='bbox 453 1983 544 2036; x_wconf 67' lang='grc' dir='ltr'>ἔχειν</span> <span class='ocrx_word' id='word_1_208' title='bbox 564 1984 628 2023; x_wconf 86' lang='grc' dir='ltr'>δεῖ.</span> <span class='ocrx_word' id='word_1_209' title='bbox 654 1983 795 2021; x_wconf 78' lang='lat' dir='ltr'><strong>Anton.</strong></span> <span class='ocrx_word' id='word_1_210' title='bbox 815 1991 853 2021; x_wconf 89' lang='lat' dir='ltr'><strong>et</strong></span> <span class='ocrx_word' id='word_1_211' title='bbox 874 1979 985 2021; x_wconf 81' lang='lat' dir='ltr'><strong>Max.</strong></span> <span class='ocrx_word' id='word_1_212' title='bbox 1017 1998 1057 2035; x_wconf 90' lang='lat' dir='ltr'><strong>p.</strong></span> <span class='ocrx_word' id='word_1_213' title='bbox 1080 1985 1144 2032; x_wconf 80' lang='lat'><strong>353</strong></span> <span class='ocrx_word' id='word_1_214' title='bbox 1173 1998 1236 2037; x_wconf 82' lang='lat' dir='ltr'><strong>ap.</strong></span> 
     </span>
     <span class='ocr_line' id='line_1_32' title="bbox 184 2042 1241 2086; baseline 0 -3"><span class='ocrx_word' id='word_1_215' title='bbox 184 2043 306 2083; x_wconf 89' lang='lat' dir='ltr'><strong>Orell.</strong></span> <span class='ocrx_word' id='word_1_216' title='bbox 327 2056 367 2080; x_wconf 91' lang='lat' dir='ltr'><strong>n.</strong></span> <span class='ocrx_word' id='word_1_217' title='bbox 403 2047 490 2086; x_wconf 74' lang='lat'><strong>124.</strong></span> <span class='ocrx_word' id='word_1_218' title='bbox 511 2042 652 2081; x_wconf 87' lang='lat' dir='ltr'><strong>Eadem</strong></span> <span class='ocrx_word' id='word_1_219' title='bbox 687 2042 878 2080; x_wconf 89' lang='lat' dir='ltr'><strong>sententia</strong></span> <span class='ocrx_word' id='word_1_220' title='bbox 899 2051 1022 2081; x_wconf 89' lang='lat' dir='ltr'><strong>exstat</strong></span> <span class='ocrx_word' id='word_1_221' title='bbox 1050 2044 1152 2082; x_wconf 89' lang='lat' dir='ltr'><strong>inter</strong></span> <span class='ocrx_word' id='word_1_222' title='bbox 1169 2045 1241 2083; x_wconf 90' lang='lat' dir='ltr'><strong>De·</strong></span> 
     </span>
     <span class='ocr_line' id='line_1_33' title="bbox 187 2101 1236 2155; baseline 0.002 -14"><span class='ocrx_word' id='word_1_223' title='bbox 187 2103 355 2154; x_wconf 87' lang='lat' dir='ltr'><strong>mophili</strong></span> <span class='ocrx_word' id='word_1_224' title='bbox 373 2102 587 2141; x_wconf 86' lang='lat' dir='ltr'><strong>Similitud.</strong></span> <span class='ocrx_word' id='word_1_225' title='bbox 610 2101 773 2153; x_wconf 80' lang='lat' dir='ltr'><strong>Pythag.</strong></span> <span class='ocrx_word' id='word_1_226' title='bbox 808 2115 849 2141; x_wconf 92' lang='lat' dir='ltr'><strong>n.</strong></span> <span class='ocrx_word' id='word_1_227' title='bbox 879 2101 927 2140; x_wconf 83' lang='lat'><strong>52</strong></span> <span class='ocrx_word' id='word_1_228' title='bbox 959 2102 1078 2143; x_wconf 86' lang='lat' dir='ltr'><strong>Orell.</strong></span> <span class='ocrx_word' id='word_1_229' title='bbox 1103 2112 1236 2155; x_wconf 85' lang='lat' dir='ltr'><strong>opusc.</strong></span> 
     </span>
     <span class='ocr_line' id='line_1_34' title="bbox 189 2154 1237 2217; baseline 0.003 -17"><span class='ocrx_word' id='word_1_230' title='bbox 189 2154 284 2202; x_wconf 83' lang='lat' dir='ltr'><strong>tom.</strong></span> <span class='ocrx_word' id='word_1_231' title='bbox 321 2161 339 2199; x_wconf 86' lang='grc' dir='ltr'>Ι</span> <span class='ocrx_word' id='word_1_232' title='bbox 370 2174 458 2213; x_wconf 88' lang='lat' dir='ltr'><strong>pag.</strong></span> <span class='ocrx_word' id='word_1_233' title='bbox 506 2175 574 2209; x_wconf 70' lang='grc' dir='ltr'><strong>ιο,</strong></span> <span class='ocrx_word' id='word_1_234' title='bbox 609 2160 675 2199; x_wconf 88' lang='lat' dir='ltr'><strong>sed</strong></span> <span class='ocrx_word' id='word_1_235' title='bbox 695 2159 753 2199; x_wconf 91' lang='lat' dir='ltr'><strong>ibi</strong></span> <span class='ocrx_word' id='word_1_236' title='bbox 787 2161 976 2212; x_wconf 87' lang='lat' dir='ltr'><strong>scriptum</strong></span> <span class='ocrx_word' id='word_1_237' title='bbox 1006 2163 1237 2217; x_wconf 65' lang='grc' dir='ltr'>εειγραφάς.</span> 
     </span>
     <span class='ocr_line' id='line_1_35' title="bbox 186 2219 1240 2274; baseline 0.001 -15"><span class='ocrx_word' id='word_1_238' title='bbox 186 2221 314 2267; x_wconf 89' lang='lat' dir='ltr'><strong>Quum</strong></span> <span class='ocrx_word' id='word_1_239' title='bbox 336 2229 463 2258; x_wconf 89' lang='lat' dir='ltr'><strong>autem</strong></span> <span class='ocrx_word' id='word_1_240' title='bbox 485 2219 741 2271; x_wconf 88' lang='lat' dir='ltr'><strong>Demophilus</strong></span> <span class='ocrx_word' id='word_1_241' title='bbox 760 2219 918 2258; x_wconf 86' lang='lat' dir='ltr'><strong>incertae</strong></span> <span class='ocrx_word' id='word_1_242' title='bbox 933 2221 1054 2259; x_wconf 88' lang='lat' dir='ltr'><strong>aetatis</strong></span> <span class='ocrx_word' id='word_1_243' title='bbox 1070 2223 1240 2274; x_wconf 86' lang='lat' dir='ltr'><strong>scriptor</strong></span> 
     </span>
     <span class='ocr_line' id='line_1_36' title="bbox 189 2279 1242 2330; baseline 0.005 -14"><span class='ocrx_word' id='word_1_244' title='bbox 189 2280 258 2330; x_wconf 87' lang='lat' dir='ltr'><strong>qui</strong></span> <span class='ocrx_word' id='word_1_245' title='bbox 277 2279 555 2318; x_wconf 86' lang='lat' dir='ltr'><strong>similitudines</strong></span> <span class='ocrx_word' id='word_1_246' title='bbox 580 2292 623 2316; x_wconf 85' lang='lat' dir='ltr'><strong>ac</strong></span> <span class='ocrx_word' id='word_1_247' title='bbox 642 2279 851 2317; x_wconf 90' lang='lat' dir='ltr'><strong>sententias</strong></span> <span class='ocrx_word' id='word_1_248' title='bbox 869 2279 1148 2330; x_wconf 71' lang='lat' dir='ltr'><strong>Pythagor-icas</strong></span> <span class='ocrx_word' id='word_1_249' title='bbox 1164 2284 1242 2321; x_wconf 93' lang='lat' dir='ltr'><strong>col-</strong></span> 
     </span>
     <span class='ocr_line' id='line_1_37' title="bbox 190 2337 1241 2392; baseline 0.005 -17"><span class='ocrx_word' id='word_1_250' title='bbox 190 2338 296 2388; x_wconf 84' lang='lat' dir='ltr'><strong>legit,</strong></span> <span class='ocrx_word' id='word_1_251' title='bbox 326 2337 476 2388; x_wconf 87' lang='lat' dir='ltr'><strong>majore</strong></span> <span class='ocrx_word' id='word_1_252' title='bbox 510 2338 692 2376; x_wconf 82' lang='lat' dir='ltr'><strong>videatur</strong></span> <span class='ocrx_word' id='word_1_253' title='bbox 710 2350 803 2386; x_wconf 86' lang='lat' dir='ltr'><strong>usus</strong></span> <span class='ocrx_word' id='word_1_254' title='bbox 831 2351 915 2377; x_wconf 91' lang='lat' dir='ltr'><strong>esse</strong></span> <span class='ocrx_word' id='word_1_255' title='bbox 949 2353 1081 2391; x_wconf 87' lang='lat' dir='ltr'><strong>opere,</strong></span> <span class='ocrx_word' id='word_1_256' title='bbox 1100 2354 1147 2379; x_wconf 90' lang='lat' dir='ltr'><strong>ex</strong></span> <span class='ocrx_word' id='word_1_257' title='bbox 1163 2356 1241 2392; x_wconf 88' lang='lat' dir='ltr'><strong>quo</strong></span> 
     </span>
     <span class='ocr_line' id='line_1_38' title="bbox 190 2395 1241 2443; baseline 0.005 -10"><span class='ocrx_word' id='word_1_258' title='bbox 190 2395 380 2443; x_wconf 89' lang='lat' dir='ltr'><strong>Stobaeus,</strong></span> <span class='ocrx_word' id='word_1_259' title='bbox 395 2396 585 2434; x_wconf 81' lang='lat' dir='ltr'><strong>Antonius</strong></span> <span class='ocrx_word' id='word_1_260' title='bbox 594 2396 806 2434; x_wconf 77' lang='lat' dir='ltr'><strong>Melissa-et</strong></span> <span class='ocrx_word' id='word_1_261' title='bbox 821 2396 1014 2435; x_wconf 80' lang='lat' dir='ltr'><strong>Maximus</strong></span> <span class='ocrx_word' id='word_1_262' title='bbox 1028 2399 1241 2438; x_wconf 86' lang='lat' dir='ltr'><strong>monachus</strong></span> 
     </span>
     <span class='ocr_line' id='line_1_39' title="bbox 191 2453 1242 2506; baseline 0.004 -15"><span class='ocrx_word' id='word_1_263' title='bbox 191 2453 295 2492; x_wconf 84' lang='lat' dir='ltr'><strong>haud</strong></span> <span class='ocrx_word' id='word_1_264' title='bbox 309 2467 450 2506; x_wconf 89' lang='lat' dir='ltr'><strong>paucas</strong></span> <span class='ocrx_word' id='word_1_265' title='bbox 462 2455 670 2493; x_wconf 90' lang='lat' dir='ltr'><strong>sententias</strong></span> <span class='ocrx_word' id='word_1_266' title='bbox 689 2453 935 2505; x_wconf 81' lang='lat' dir='ltr'><strong>Pythagorae,</strong></span> <span class='ocrx_word' id='word_1_267' title='bbox 952 2457 1136 2505; x_wconf 88' lang='lat' dir='ltr'><strong>Socratis,</strong></span> <span class='ocrx_word' id='word_1_268' title='bbox 1151 2457 1242 2495; x_wconf 86' lang='lat' dir='ltr'><strong>Plu-</strong></span> 
     </span>
     <span class='ocr_line' id='line_1_40' title="bbox 194 2512 1239 2564; baseline 0.004 -15"><span class='ocrx_word' id='word_1_269' title='bbox 194 2512 315 2550; x_wconf 88' lang='lat' dir='ltr'><strong>tarchi</strong></span> <span class='ocrx_word' id='word_1_270' title='bbox 331 2513 575 2563; x_wconf 85' lang='lat' dir='ltr'><strong>aliorumque</strong></span> <span class='ocrx_word' id='word_1_271' title='bbox 589 2512 815 2550; x_wconf 90' lang='lat' dir='ltr'><strong>nominibus</strong></span> <span class='ocrx_word' id='word_1_272' title='bbox 831 2513 1045 2564; x_wconf 89' lang='lat' dir='ltr'><strong>inscriptas</strong></span> <span class='ocrx_word' id='word_1_273' title='bbox 1069 2515 1150 2552; x_wconf 88' lang='lat' dir='ltr'><strong>suis</strong></span> <span class='ocrx_word' id='word_1_274' title='bbox 1173 2529 1239 2553; x_wconf 89' lang='lat' dir='ltr'><strong>an·</strong></span> 
     </span>
     <span class='ocr_line' id='line_1_41' title="bbox 195 2571 1240 2623; baseline 0.005 -16"><span class='ocrx_word' id='word_1_275' title='bbox 195 2571 379 2620; x_wconf 88' lang='lat' dir='ltr'><strong>thologiis</strong></span> <span class='ocrx_word' id='word_1_276' title='bbox 398 2571 647 2609; x_wconf 90' lang='lat' dir='ltr'><strong>inseruerunt</strong></span> <span class='ocrx_word' id='word_1_277' title='bbox 666 2571 730 2621; x_wconf 90' lang='lat' dir='ltr'><strong>(cf.</strong></span> <span class='ocrx_word' id='word_1_278' title='bbox 743 2571 860 2609; x_wconf 91' lang='lat' dir='ltr'><strong>Orell.</strong></span> <span class='ocrx_word' id='word_1_279' title='bbox 877 2571 1023 2622; x_wconf 82' lang='lat' dir='ltr'><strong>praefat.</strong></span> <span class='ocrx_word' id='word_1_280' title='bbox 1035 2571 1082 2609; x_wconf 87' lang='lat' dir='ltr'><strong>ad</strong></span> <span class='ocrx_word' id='word_1_281' title='bbox 1099 2572 1240 2623; x_wconf 76' lang='lat' dir='ltr'><strong>opusc,</strong></span> 
     </span>
     <span class='ocr_line' id='line_1_42' title="bbox 194 2628 1245 2681; baseline 0.003 -15"><span class='ocrx_word' id='word_1_282' title='bbox 194 2643 233 2681; x_wconf 88' lang='lat' dir='ltr'><strong>p.</strong></span> <span class='ocrx_word' id='word_1_283' title='bbox 250 2628 351 2680; x_wconf 73' lang='lat' dir='ltr'><strong>Vll),</strong></span> <span class='ocrx_word' id='word_1_284' title='bbox 366 2628 572 2680; x_wconf 90' lang='lat' dir='ltr'><strong>probabile</strong></span> <span class='ocrx_word' id='word_1_285' title='bbox 588 2637 645 2667; x_wconf 86' lang='lat' dir='ltr'><strong>cst</strong></span> <span class='ocrx_word' id='word_1_286' title='bbox 676 2629 889 2667; x_wconf 88' lang='lat' dir='ltr'><strong>Democriti</strong></span> <span class='ocrx_word' id='word_1_287' title='bbox 909 2642 1052 2666; x_wconf 89' lang='lat' dir='ltr'><strong>nomen</strong></span> <span class='ocrx_word' id='word_1_288' title='bbox 1085 2630 1245 2670; x_wconf 88' lang='lat' dir='ltr'><strong>fortasse</strong></span> 
     </span>
     <span class='ocr_line' id='line_1_43' title="bbox 194 2687 1246 2740; baseline 0.002 -14"><span class='ocrx_word' id='word_1_289' title='bbox 194 2701 216 2726; x_wconf 92' lang='lat' dir='ltr'><strong>e</strong></span> <span class='ocrx_word' id='word_1_290' title='bbox 245 2689 448 2740; x_wconf 78' lang='lat' dir='ltr'><strong>scripturae</strong></span> <span class='ocrx_word' id='word_1_291' title='bbox 485 2687 627 2726; x_wconf 89' lang='lat' dir='ltr'><strong>mendo</strong></span> <span class='ocrx_word' id='word_1_292' title='bbox 663 2696 793 2726; x_wconf 90' lang='lat' dir='ltr'><strong>ortum</strong></span> <span class='ocrx_word' id='word_1_293' title='bbox 825 2687 929 2739; x_wconf 92' lang='lat' dir='ltr'><strong>apud</strong></span> <span class='ocrx_word' id='word_1_294' title='bbox 967 2690 1179 2727; x_wconf 88' lang='lat' dir='ltr'><strong>Antonium</strong></span> <span class='ocrx_word' id='word_1_295' title='bbox 1209 2699 1246 2729; x_wconf 90' lang='lat' dir='ltr'><strong>et</strong></span> 
     </span>
     <span class='ocr_line' id='line_1_44' title="bbox 195 2747 839 2800; baseline 0.005 -16"><span class='ocrx_word' id='word_1_296' title='bbox 195 2747 407 2786; x_wconf 87' lang='lat' dir='ltr'><strong>Maximum</strong></span> <span class='ocrx_word' id='word_1_297' title='bbox 425 2747 725 2800; x_wconf 85' lang='lat' dir='ltr'><strong>expungendum</strong></span> <span class='ocrx_word' id='word_1_298' title='bbox 743 2760 839 2787; x_wconf 90' lang='lat' dir='ltr'><strong>esse.</strong></span> 
     </span>
    </p>

    <p class='ocr_par' dir='ltr' id='par_1_6' title="bbox 195 2804 1246 3036">
     <span class='ocr_line' id='line_1_45' title="bbox 249 2804 1246 2856; baseline 0.001 -10"><span class='ocrx_word' id='word_1_299' title='bbox 249 2820 281 2846; x_wconf 92' lang='lat'><strong>7.</strong></span> <span class='ocrx_word' id='word_1_300' title='bbox 304 2807 397 2846; x_wconf 86' lang='grc' dir='ltr'>Θεοῦ</span> <span class='ocrx_word' id='word_1_301' title='bbox 418 2805 510 2851; x_wconf 82' lang='grc' dir='ltr'>ἄξιόν</span> <span class='ocrx_word' id='word_1_302' title='bbox 546 2821 585 2844; x_wconf 90' lang='grc' dir='ltr'><strong>σε</strong></span> <span class='ocrx_word' id='word_1_303' title='bbox 614 2806 752 2854; x_wconf 85' lang='grc' dir='ltr'>ποιήσει</span> <span class='ocrx_word' id='word_1_304' title='bbox 767 2804 806 2843; x_wconf 77' lang='grc' dir='ltr'><strong>τὸ</strong></span> <span class='ocrx_word' id='word_1_305' title='bbox 835 2804 943 2856; x_wconf 81' lang='grc' dir='ltr'>μηδὲν</span> <span class='ocrx_word' id='word_1_306' title='bbox 974 2805 1111 2851; x_wconf 82' lang='grc' dir='ltr'>ἀνάξιον</span> <span class='ocrx_word' id='word_1_307' title='bbox 1140 2810 1246 2848; x_wconf 82' lang='grc' dir='ltr'>αὐτοῦ</span> 
     </span>
     <span class='ocr_line' id='line_1_46' title="bbox 195 2865 1243 2918; baseline 0.001 -13"><span class='ocrx_word' id='word_1_308' title='bbox 195 2866 376 2918; x_wconf 73' lang='grc' dir='ltr'>πράττειν.</span> <span class='ocrx_word' id='word_1_309' title='bbox 396 2868 538 2905; x_wconf 75' lang='lat' dir='ltr'><strong>Anton.</strong></span> <span class='ocrx_word' id='word_1_310' title='bbox 561 2875 598 2904; x_wconf 89' lang='lat' dir='ltr'><strong>et</strong></span> <span class='ocrx_word' id='word_1_311' title='bbox 611 2869 712 2904; x_wconf 88' lang='lat' dir='ltr'><strong>Max.</strong></span> <span class='ocrx_word' id='word_1_312' title='bbox 727 2880 767 2917; x_wconf 89' lang='lat' dir='ltr'><strong>p.</strong></span> <span class='ocrx_word' id='word_1_313' title='bbox 786 2865 851 2913; x_wconf 80' lang='lat'><strong>35;</strong></span> <span class='ocrx_word' id='word_1_314' title='bbox 865 2879 926 2916; x_wconf 85' lang='lat' dir='ltr'><strong>ap.</strong></span> <span class='ocrx_word' id='word_1_315' title='bbox 944 2865 1063 2905; x_wconf 91' lang='lat' dir='ltr'><strong>Orell.</strong></span> <span class='ocrx_word' id='word_1_316' title='bbox 1087 2880 1124 2906; x_wconf 93' lang='lat' dir='ltr'><strong>n.</strong></span> <span class='ocrx_word' id='word_1_317' title='bbox 1154 2868 1243 2906; x_wconf 82' lang='lat'><strong>125.</strong></span> 
     </span>
     <span class='ocr_line' id='line_1_47' title="bbox 197 2925 1246 2965; baseline 0 -1"><span class='ocrx_word' id='word_1_318' title='bbox 197 2925 287 2964; x_wconf 80' lang='lat' dir='ltr'><strong>Haec</strong></span> <span class='ocrx_word' id='word_1_319' title='bbox 298 2927 486 2964; x_wconf 89' lang='lat' dir='ltr'><strong>sententia</strong></span> <span class='ocrx_word' id='word_1_320' title='bbox 496 2940 581 2964; x_wconf 90' lang='lat' dir='ltr'><strong>cum</strong></span> <span class='ocrx_word' id='word_1_321' title='bbox 600 2925 778 2963; x_wconf 86' lang='lat' dir='ltr'><strong>doctrina</strong></span> <span class='ocrx_word' id='word_1_322' title='bbox 792 2925 1033 2963; x_wconf 91' lang='lat' dir='ltr'><strong>Democritea</strong></span> <span class='ocrx_word' id='word_1_323' title='bbox 1041 2927 1246 2965; x_wconf 89' lang='lat' dir='ltr'><strong>conciliari</strong></span> 
     </span>
     <span class='ocr_line' id='line_1_48' title="bbox 198 2992 438 3036; baseline 0.004 -14"><span class='ocrx_word' id='word_1_324' title='bbox 198 2998 276 3022; x_wconf 90' lang='lat' dir='ltr'><strong>non</strong></span> <span class='ocrx_word' id='word_1_325' title='bbox 301 2992 438 3036; x_wconf 85' lang='lat' dir='ltr'><strong>potest.</strong></span> 
     </span>
    </p>

    <p class='ocr_par' dir='ltr' id='par_1_7' title="bbox 198 3040 1245 3324">
     <span class='ocr_line' id='line_1_49' title="bbox 250 3040 1244 3097; baseline 0.001 -15"><span class='ocrx_word' id='word_1_326' title='bbox 250 3057 281 3082; x_wconf 82' lang='lat'><strong>8.</strong></span> <span class='ocrx_word' id='word_1_327' title='bbox 307 3042 429 3087; x_wconf 78' lang='grc' dir='ltr'>Οὕτως</span> <span class='ocrx_word' id='word_1_328' title='bbox 446 3045 555 3096; x_wconf 81' lang='grc' dir='ltr'>πειρῶ</span> <span class='ocrx_word' id='word_1_329' title='bbox 573 3044 646 3091; x_wconf 77' lang='grc' dir='ltr'>ζῆν,</span> <span class='ocrx_word' id='word_1_330' title='bbox 665 3044 711 3086; x_wconf 81' lang='grc' dir='ltr'><strong>ὡς</strong></span> <span class='ocrx_word' id='word_1_331' title='bbox 726 3041 787 3080; x_wconf 80' lang='grc' dir='ltr'><strong>καὶ</strong></span> <span class='ocrx_word' id='word_1_332' title='bbox 806 3040 919 3093; x_wconf 84' lang='grc' dir='ltr'>ὀλίγον</span> <span class='ocrx_word' id='word_1_333' title='bbox 953 3041 1013 3080; x_wconf 84' lang='grc' dir='ltr'><strong>καὶ</strong></span> <span class='ocrx_word' id='word_1_334' title='bbox 1033 3043 1141 3081; x_wconf 81' lang='grc' dir='ltr'>πολὺν</span> <span class='ocrx_word' id='word_1_335' title='bbox 1159 3044 1244 3097; x_wconf 75' lang='grc' dir='ltr'>χρό-</span> 
     </span>
     <span class='ocr_line' id='line_1_50' title="bbox 198 3101 1244 3154; baseline 0.004 -16"><span class='ocrx_word' id='word_1_336' title='bbox 198 3117 255 3140; x_wconf 92' lang='grc' dir='ltr'><strong>νον</strong></span> <span class='ocrx_word' id='word_1_337' title='bbox 283 3102 506 3153; x_wconf 82' lang='grc' dir='ltr'>βιωσόμενος.</span> <span class='ocrx_word' id='word_1_338' title='bbox 545 3103 688 3141; x_wconf 85' lang='lat' dir='ltr'><strong>Anton.</strong></span> <span class='ocrx_word' id='word_1_339' title='bbox 710 3110 748 3139; x_wconf 91' lang='lat' dir='ltr'><strong>et</strong></span> <span class='ocrx_word' id='word_1_340' title='bbox 768 3101 870 3138; x_wconf 87' lang='lat' dir='ltr'><strong>Max.</strong></span> <span class='ocrx_word' id='word_1_341' title='bbox 894 3114 934 3152; x_wconf 88' lang='lat' dir='ltr'><strong>p.</strong></span> <span class='ocrx_word' id='word_1_342' title='bbox 956 3102 1027 3149; x_wconf 78' lang='lat'><strong>353</strong></span> <span class='ocrx_word' id='word_1_343' title='bbox 1047 3116 1107 3154; x_wconf 89' lang='lat' dir='ltr'><strong>ap.</strong></span> <span class='ocrx_word' id='word_1_344' title='bbox 1124 3104 1244 3146; x_wconf 85' lang='lat' dir='ltr'><strong>Orell.</strong></span> 
     </span>
     <span class='ocr_line' id='line_1_51' title="bbox 201 3159 1245 3212; baseline 0.004 -13"><span class='ocrx_word' id='word_1_345' title='bbox 201 3175 239 3200; x_wconf 93' lang='lat' dir='ltr'><strong>n.</strong></span> <span class='ocrx_word' id='word_1_346' title='bbox 262 3162 347 3199; x_wconf 77' lang='lat'><strong>126.</strong></span> <span class='ocrx_word' id='word_1_347' title='bbox 361 3160 643 3199; x_wconf 76' lang='lat' dir='ltr'><strong>Asci-ibendum</strong></span> <span class='ocrx_word' id='word_1_348' title='bbox 659 3169 715 3199; x_wconf 91' lang='lat' dir='ltr'><strong>est</strong></span> <span class='ocrx_word' id='word_1_349' title='bbox 728 3159 801 3197; x_wconf 88' lang='lat' dir='ltr'><strong>hoc</strong></span> <span class='ocrx_word' id='word_1_350' title='bbox 810 3161 1093 3212; x_wconf 85' lang='lat' dir='ltr'><strong>apophthegma</strong></span> <span class='ocrx_word' id='word_1_351' title='bbox 1103 3164 1245 3212; x_wconf 89' lang='lat' dir='ltr'><strong>Bianti,</strong></span> 
     </span>
     <span class='ocr_line' id='line_1_52' title="bbox 201 3218 1244 3270; baseline 0.008 -15"><span class='ocrx_word' id='word_1_352' title='bbox 201 3227 243 3255; x_wconf 88' lang='lat' dir='ltr'><strong>ut</strong></span> <span class='ocrx_word' id='word_1_353' title='bbox 265 3218 520 3256; x_wconf 84' lang='lat' dir='ltr'><strong>testificantur</strong></span> <span class='ocrx_word' id='word_1_354' title='bbox 542 3219 654 3270; x_wconf 87' lang='lat' dir='ltr'><strong>Diog.</strong></span> <span class='ocrx_word' id='word_1_355' title='bbox 678 3218 805 3257; x_wconf 84' lang='lat' dir='ltr'><strong>Laert.</strong></span> <span class='ocrx_word' id='word_1_356' title='bbox 823 3218 853 3268; x_wconf 86' lang='lat' dir='ltr'><strong>I,</strong></span> <span class='ocrx_word' id='word_1_357' title='bbox 883 3219 932 3267; x_wconf 88' lang='lat'><strong>87</strong></span> <span class='ocrx_word' id='word_1_358' title='bbox 953 3229 991 3258; x_wconf 90' lang='lat' dir='ltr'><strong>et</strong></span> <span class='ocrx_word' id='word_1_359' title='bbox 1009 3221 1117 3261; x_wconf 86' lang='lat' dir='ltr'><strong>St&#39;ob.</strong></span> <span class='ocrx_word' id='word_1_360' title='bbox 1142 3223 1244 3263; x_wconf 89' lang='lat' dir='ltr'><strong>Flor.</strong></span> 
     </span>
     <span class='ocr_line' id='line_1_53' title="bbox 200 3275 477 3324; baseline 0 -11"><span class='ocrx_word' id='word_1_361' title='bbox 200 3275 245 3323; x_wconf 86' lang='lat' dir='ltr'><strong>V,</strong></span> <span class='ocrx_word' id='word_1_362' title='bbox 269 3289 330 3324; x_wconf 84' lang='lat'><strong>27.</strong></span> <span class='ocrx_word' id='word_1_363' title='bbox 475 3276 477 3278; x_wconf 71' lang='grc'><strong>’</strong></span> 
     </span>
    </p>

    <p class='ocr_par' dir='ltr' id='par_1_8' title="bbox 201 3335 1247 3508">
     <span class='ocr_line' id='line_1_54' title="bbox 211 3335 1247 3392; baseline -0.002 -19"><span class='ocrx_word' id='word_1_364' title='bbox 211 3356 215 3361; x_wconf 85' lang='grc'>·</span> <span class='ocrx_word' id='word_1_365' title='bbox 254 3348 286 3374; x_wconf 83' lang='grc' dir='ltr'><strong>ο.</strong></span> <span class='ocrx_word' id='word_1_366' title='bbox 309 3335 380 3374; x_wconf 82' lang='grc' dir='ltr'><strong>Δύο</strong></span> <span class='ocrx_word' id='word_1_367' title='bbox 401 3335 555 3388; x_wconf 71' lang='grc' dir='ltr'>ἀφορμαὶ</span> <span class='ocrx_word' id='word_1_368' title='bbox 580 3340 732 3376; x_wconf 72' lang='grc' dir='ltr'>κινοῦσιν</span> <span class='ocrx_word' id='word_1_369' title='bbox 755 3340 935 3392; x_wconf 82' lang='grc' dir='ltr'>ἄνθρωπον</span> <span class='ocrx_word' id='word_1_370' title='bbox 964 3339 1010 3382; x_wconf 85' lang='grc' dir='ltr'><strong>εἷς</strong></span> <span class='ocrx_word' id='word_1_371' title='bbox 1030 3342 1105 3379; x_wconf 89' lang='grc' dir='ltr'>θεοῦ</span> <span class='ocrx_word' id='word_1_372' title='bbox 1121 3341 1247 3390; x_wconf 75' lang='grc' dir='ltr'>ἐπιμέ-</span> 
     </span>
     <span class='ocr_line' id='line_1_55' title="bbox 201 3394 1246 3448; baseline 0.007 -19"><span class='ocrx_word' id='word_1_373' title='bbox 201 3394 314 3439; x_wconf 74' lang='grc' dir='ltr'>λειαν,</span> <span class='ocrx_word' id='word_1_374' title='bbox 338 3394 489 3446; x_wconf 83' lang='grc' dir='ltr'>τιμωρία</span> <span class='ocrx_word' id='word_1_375' title='bbox 511 3394 712 3440; x_wconf 73' lang='grc' dir='ltr'>δυσσεὸείας</span> <span class='ocrx_word' id='word_1_376' title='bbox 728 3396 788 3435; x_wconf 72' lang='grc' dir='ltr'><strong>καὶ</strong></span> <span class='ocrx_word' id='word_1_377' title='bbox 807 3397 947 3448; x_wconf 80' lang='grc' dir='ltr'>γνώμης</span> <span class='ocrx_word' id='word_1_378' title='bbox 966 3397 1128 3441; x_wconf 78' lang='grc' dir='ltr'>εὗσεὸοῦς</span> <span class='ocrx_word' id='word_1_379' title='bbox 1147 3400 1246 3448; x_wconf 77' lang='grc' dir='ltr'>ἀμοι-</span> 
     </span>
     <span class='ocr_line' id='line_1_56' title="bbox 205 3451 1212 3508; baseline 0.009 -20"><span class='ocrx_word' id='word_1_380' title='bbox 205 3451 278 3490; x_wconf 76' lang='grc' dir='ltr'>ὅαί.</span> <span class='ocrx_word' id='word_1_381' title='bbox 303 3455 446 3492; x_wconf 82' lang='lat' dir='ltr'><strong>Anton.</strong></span> <span class='ocrx_word' id='word_1_382' title='bbox 472 3462 509 3492; x_wconf 91' lang='lat' dir='ltr'><strong>et</strong></span> <span class='ocrx_word' id='word_1_383' title='bbox 529 3453 629 3493; x_wconf 84' lang='lat' dir='ltr'><strong>Max.</strong></span> <span class='ocrx_word' id='word_1_384' title='bbox 648 3468 685 3506; x_wconf 88' lang='lat' dir='ltr'><strong>p.</strong></span> <span class='ocrx_word' id='word_1_385' title='bbox 706 3456 771 3504; x_wconf 70' lang='lat'><strong>375</strong></span> <span class='ocrx_word' id='word_1_386' title='bbox 790 3457 891 3508; x_wconf 87' lang='lat' dir='ltr'><strong>apud</strong></span> <span class='ocrx_word' id='word_1_387' title='bbox 913 3457 1038 3497; x_wconf 87' lang='lat' dir='ltr'><strong>Orell.</strong></span> <span class='ocrx_word' id='word_1_388' title='bbox 1061 3471 1097 3495; x_wconf 91' lang='lat' dir='ltr'><strong>n.</strong></span> <span class='ocrx_word' id='word_1_389' title='bbox 1127 3472 1212 3505; x_wconf 83' lang='lat'><strong>1²7·</strong></span> 
     </span>
    </p>
   </div>
   <div class='ocr_carea' id='block_1_4' title="bbox 2258 255 2333 287">
    <p class='ocr_par' dir='ltr' id='par_1_9' title="bbox 2258 255 2333 287">
     <span class='ocr_line' id='line_1_57' title="bbox 2258 255 2333 287; baseline 0 0"><span class='ocrx_word' id='word_1_390' title='bbox 2258 255 2333 287; x_wconf 75' lang='lat'><strong>379</strong></span> 
     </span>
    </p>
   </div>
   <div class='ocr_carea' id='block_1_5' title="bbox 1283 335 2362 3513">
    <p class='ocr_par' dir='ltr' id='par_1_10' title="bbox 1283 335 2339 858">
     <span class='ocr_line' id='line_1_58' title="bbox 1336 335 2330 389; baseline 0 -13"><span class='ocrx_word' id='word_1_391' title='bbox 1336 350 1384 376; x_wconf 81' lang='lat' dir='ltr'><strong>to.</strong></span> <span class='ocrx_word' id='word_1_392' title='bbox 1402 335 1589 389; x_wconf 68' lang='grc' dir='ltr'>Ἀφόρητος</span> <span class='ocrx_word' id='word_1_393' title='bbox 1607 336 1741 388; x_wconf 84' lang='grc' dir='ltr'>γίνεται</span> <span class='ocrx_word' id='word_1_394' title='bbox 1764 335 1872 374; x_wconf 82' lang='grc' dir='ltr'>κακία</span> <span class='ocrx_word' id='word_1_395' title='bbox 1894 337 2145 387; x_wconf 80' lang='grc' dir='ltr'>ἐπαινουμένη.</span> <span class='ocrx_word' id='word_1_396' title='bbox 2184 337 2330 376; x_wconf 84' lang='lat' dir='ltr'><strong>Anton.</strong></span> 
     </span>
     <span class='ocr_line' id='line_1_59' title="bbox 1283 394 2335 447; baseline 0.001 -13"><span class='ocrx_word' id='word_1_397' title='bbox 1283 405 1321 434; x_wconf 92' lang='lat' dir='ltr'><strong>et</strong></span> <span class='ocrx_word' id='word_1_398' title='bbox 1336 396 1437 434; x_wconf 89' lang='lat' dir='ltr'><strong>Max.</strong></span> <span class='ocrx_word' id='word_1_399' title='bbox 1455 409 1495 447; x_wconf 84' lang='lat' dir='ltr'><strong>p.</strong></span> <span class='ocrx_word' id='word_1_400' title='bbox 1514 396 1580 443; x_wconf 76' lang='lat'><strong>373</strong></span> <span class='ocrx_word' id='word_1_401' title='bbox 1595 408 1657 446; x_wconf 87' lang='lat' dir='ltr'><strong>ap.</strong></span> <span class='ocrx_word' id='word_1_402' title='bbox 1670 394 1791 435; x_wconf 86' lang='lat' dir='ltr'><strong>Orell.</strong></span> <span class='ocrx_word' id='word_1_403' title='bbox 1807 408 1844 433; x_wconf 94' lang='lat' dir='ltr'><strong>n.</strong></span> <span class='ocrx_word' id='word_1_404' title='bbox 1866 395 1950 433; x_wconf 80' lang='lat'><strong>128.</strong></span> <span class='ocrx_word' id='word_1_405' title='bbox 1967 395 2053 432; x_wconf 86' lang='lat' dir='ltr'><strong>Haec</strong></span> <span class='ocrx_word' id='word_1_406' title='bbox 2069 404 2105 433; x_wconf 86' lang='lat' dir='ltr'><strong>et</strong></span> <span class='ocrx_word' id='word_1_407' title='bbox 2117 396 2335 446; x_wconf 77' lang='lat' dir='ltr'><strong>praecedens</strong></span> 
     </span>
     <span class='ocr_line' id='line_1_60' title="bbox 1284 453 2335 501; baseline -0.001 -7"><span class='ocrx_word' id='word_1_408' title='bbox 1284 455 1473 494; x_wconf 90' lang='lat' dir='ltr'><strong>sententia</strong></span> <span class='ocrx_word' id='word_1_409' title='bbox 1500 455 1542 492; x_wconf 92' lang='lat' dir='ltr'><strong>in</strong></span> <span class='ocrx_word' id='word_1_410' title='bbox 1561 453 1761 492; x_wconf 90' lang='lat' dir='ltr'><strong>nonnullis</strong></span> <span class='ocrx_word' id='word_1_411' title='bbox 1778 454 1893 493; x_wconf 91' lang='lat' dir='ltr'><strong>codd.</strong></span> <span class='ocrx_word' id='word_1_412' title='bbox 1923 454 2152 501; x_wconf 88' lang='lat' dir='ltr'><strong>Democriti,</strong></span> <span class='ocrx_word' id='word_1_413' title='bbox 2179 455 2220 492; x_wconf 92' lang='lat' dir='ltr'><strong>in</strong></span> <span class='ocrx_word' id='word_1_414' title='bbox 2246 456 2335 493; x_wconf 84' lang='lat' dir='ltr'><strong>aliis</strong></span> 
     </span>
     <span class='ocr_line' id='line_1_61' title="bbox 1284 504 2332 565; baseline 0 -14"><span class='ocrx_word' id='word_1_415' title='bbox 1284 516 1389 552; x_wconf 84' lang='lat' dir='ltr'><strong>Sext-i</strong></span> <span class='ocrx_word' id='word_1_416' title='bbox 1414 526 1555 551; x_wconf 90' lang='lat' dir='ltr'><strong>nomen</strong></span> <span class='ocrx_word' id='word_1_417' title='bbox 1579 504 1778 565; x_wconf 77' lang='lat' dir='ltr'><strong>praefixum</strong></span> <span class='ocrx_word' id='word_1_418' title='bbox 1797 512 1927 552; x_wconf 90' lang='lat' dir='ltr'><strong>habet.</strong></span> <span class='ocrx_word' id='word_1_419' title='bbox 1954 512 1996 550; x_wconf 90' lang='lat' dir='ltr'><strong>Si</strong></span> <span class='ocrx_word' id='word_1_420' title='bbox 2025 521 2187 563; x_wconf 89' lang='lat' dir='ltr'><strong>utraque</strong></span> <span class='ocrx_word' id='word_1_421' title='bbox 2208 514 2332 552; x_wconf 88' lang='lat' dir='ltr'><strong>eidem</strong></span> 
     </span>
     <span class='ocr_line' id='line_1_62' title="bbox 1285 571 2334 624; baseline 0 -14"><span class='ocrx_word' id='word_1_422' title='bbox 1285 571 1524 624; x_wconf 86' lang='lat' dir='ltr'><strong>philosopho</strong></span> <span class='ocrx_word' id='word_1_423' title='bbox 1546 571 1793 610; x_wconf 86' lang='lat' dir='ltr'><strong>attribuenda</strong></span> <span class='ocrx_word' id='word_1_424' title='bbox 1821 579 1888 618; x_wconf 90' lang='lat' dir='ltr'><strong>est,</strong></span> <span class='ocrx_word' id='word_1_425' title='bbox 1912 572 2021 622; x_wconf 90' lang='lat' dir='ltr'><strong>prior</strong></span> <span class='ocrx_word' id='word_1_426' title='bbox 2054 572 2146 610; x_wconf 86' lang='lat' dir='ltr'><strong>satis</strong></span> <span class='ocrx_word' id='word_1_427' title='bbox 2180 573 2334 623; x_wconf 86' lang='lat' dir='ltr'><strong>probat,</strong></span> 
     </span>
     <span class='ocr_line' id='line_1_63' title="bbox 1285 630 2337 682; baseline 0.001 -13"><span class='ocrx_word' id='word_1_428' title='bbox 1285 640 1460 669; x_wconf 88' lang='lat' dir='ltr'><strong>neutram</strong></span> <span class='ocrx_word' id='word_1_429' title='bbox 1479 630 1693 669; x_wconf 87' lang='lat' dir='ltr'><strong>Democriti</strong></span> <span class='ocrx_word' id='word_1_430' title='bbox 1720 643 1803 668; x_wconf 89' lang='lat' dir='ltr'><strong>esse</strong></span> <span class='ocrx_word' id='word_1_431' title='bbox 1823 643 1952 682; x_wconf 89' lang='lat' dir='ltr'><strong>posse.</strong></span> <span class='ocrx_word' id='word_1_432' title='bbox 1974 631 2223 679; x_wconf 79' lang='lat' dir='ltr'><strong>Burcbardus</strong></span> <span class='ocrx_word' id='word_1_433' title='bbox 2242 633 2337 682; x_wconf 88' lang='lat' dir='ltr'><strong>quid</strong></span> 
     </span>
     <span class='ocr_line' id='line_1_64' title="bbox 1287 689 2339 742; baseline 0 -13"><span class='ocrx_word' id='word_1_434' title='bbox 1287 692 1333 729; x_wconf 87' lang='lat' dir='ltr'><strong>de</strong></span> <span class='ocrx_word' id='word_1_435' title='bbox 1347 691 1419 729; x_wconf 90' lang='lat' dir='ltr'><strong>hac</strong></span> <span class='ocrx_word' id='word_1_436' title='bbox 1435 704 1476 729; x_wconf 91' lang='lat' dir='ltr'><strong>re</strong></span> <span class='ocrx_word' id='word_1_437' title='bbox 1493 698 1693 737; x_wconf 90' lang='lat' dir='ltr'><strong>statueret,</strong></span> <span class='ocrx_word' id='word_1_438' title='bbox 1711 689 1892 737; x_wconf 90' lang='lat' dir='ltr'><strong>nescivit,</strong></span> <span class='ocrx_word' id='word_1_439' title='bbox 1912 698 1954 727; x_wconf 90' lang='lat' dir='ltr'><strong>ut</strong></span> <span class='ocrx_word' id='word_1_440' title='bbox 1973 691 2042 740; x_wconf 90' lang='lat' dir='ltr'><strong>qui</strong></span> <span class='ocrx_word' id='word_1_441' title='bbox 2060 703 2149 741; x_wconf 85' lang='lat' dir='ltr'><strong>pag.</strong></span> <span class='ocrx_word' id='word_1_442' title='bbox 2172 704 2219 728; x_wconf 89' lang='lat'><strong>10</strong></span> <span class='ocrx_word' id='word_1_443' title='bbox 2233 691 2339 742; x_wconf 93' lang='lat' dir='ltr'><strong>prio-</strong></span> 
     </span>
     <span class='ocr_line' id='line_1_65' title="bbox 1287 748 2334 801; baseline 0 -13"><span class='ocrx_word' id='word_1_444' title='bbox 1287 763 1366 788; x_wconf 89' lang='lat' dir='ltr'><strong>rem</strong></span> <span class='ocrx_word' id='word_1_445' title='bbox 1382 749 1613 789; x_wconf 88' lang='lat' dir='ltr'><strong>sententiam</strong></span> <span class='ocrx_word' id='word_1_446' title='bbox 1642 748 1856 788; x_wconf 87' lang='lat' dir='ltr'><strong>Democriti</strong></span> <span class='ocrx_word' id='word_1_447' title='bbox 1886 761 1970 786; x_wconf 91' lang='lat' dir='ltr'><strong>esse</strong></span> <span class='ocrx_word' id='word_1_448' title='bbox 1996 748 2155 795; x_wconf 88' lang='lat' dir='ltr'><strong>dixerit,</strong></span> <span class='ocrx_word' id='word_1_449' title='bbox 2175 763 2262 801; x_wconf 85' lang='lat' dir='ltr'><strong>pag.</strong></span> <span class='ocrx_word' id='word_1_450' title='bbox 2287 751 2334 788; x_wconf 85' lang='lat'><strong>55</strong></span> 
     </span>
     <span class='ocr_line' id='line_1_66' title="bbox 1286 807 1850 858; baseline -0.004 -12"><span class='ocrx_word' id='word_1_451' title='bbox 1286 809 1446 846; x_wconf 88' lang='lat' dir='ltr'><strong>eandem</strong></span> <span class='ocrx_word' id='word_1_452' title='bbox 1469 808 1529 846; x_wconf 88' lang='lat' dir='ltr'><strong>illi</strong></span> <span class='ocrx_word' id='word_1_453' title='bbox 1550 807 1850 858; x_wconf 86' lang='lat' dir='ltr'><strong>abjudicaverit.</strong></span> 
     </span>
    </p>

    <p class='ocr_par' dir='ltr' id='par_1_11' title="bbox 1288 858 2349 1508">
     <span class='ocr_line' id='line_1_67' title="bbox 1342 858 2341 918; baseline -0.001 -13"><span class='ocrx_word' id='word_1_454' title='bbox 1342 880 1388 906; x_wconf 83' lang='grc' dir='ltr'><strong>Η.</strong></span> <span class='ocrx_word' id='word_1_455' title='bbox 1428 865 1589 906; x_wconf 71' lang='grc' dir='ltr'>Εὐλαὸοῦ</span> <span class='ocrx_word' id='word_1_456' title='bbox 1605 866 1665 909; x_wconf 81' lang='grc' dir='ltr'><strong>τὰς</strong></span> <span class='ocrx_word' id='word_1_457' title='bbox 1681 865 1860 913; x_wconf 73' lang='grc' dir='ltr'>διαὸολὰς,</span> <span class='ocrx_word' id='word_1_458' title='bbox 1875 864 1938 903; x_wconf 76' lang='grc' dir='ltr'><strong>κᾶν</strong></span> <span class='ocrx_word' id='word_1_459' title='bbox 1956 865 2092 918; x_wconf 79' lang='grc' dir='ltr'>ψευδεῖς</span> <span class='ocrx_word' id='word_1_460' title='bbox 2105 858 2202 904; x_wconf 66' lang='grc' dir='ltr'>ὦσιν·</span> <span class='ocrx_word' id='word_1_461' title='bbox 2223 867 2255 904; x_wconf 83' lang='grc' dir='ltr'><strong>οἱ</strong></span> <span class='ocrx_word' id='word_1_462' title='bbox 2273 864 2341 918; x_wconf 75' lang='grc' dir='ltr'>γᾷρ</span> 
     </span>
     <span class='ocr_line' id='line_1_68' title="bbox 1288 923 2340 976; baseline 0 -14"><span class='ocrx_word' id='word_1_463' title='bbox 1288 925 1409 963; x_wconf 80' lang='grc' dir='ltr'>πολλοὶ</span> <span class='ocrx_word' id='word_1_464' title='bbox 1430 925 1492 973; x_wconf 74' lang='grc' dir='ltr'><strong>τὴν</strong></span> <span class='ocrx_word' id='word_1_465' title='bbox 1516 924 1579 975; x_wconf 78' lang='grc' dir='ltr'><strong>μὲν</strong></span> <span class='ocrx_word' id='word_1_466' title='bbox 1596 923 1761 972; x_wconf 81' lang='grc' dir='ltr'>ἀλήθειαν</span> <span class='ocrx_word' id='word_1_467' title='bbox 1789 925 1972 976; x_wconf 82' lang='grc' dir='ltr'>ἀγνοοῦσι,</span> <span class='ocrx_word' id='word_1_468' title='bbox 1994 923 2080 976; x_wconf 79' lang='grc' dir='ltr'>πρὸς</span> <span class='ocrx_word' id='word_1_469' title='bbox 2100 923 2138 963; x_wconf 84' lang='grc' dir='ltr'>δὲ</span> <span class='ocrx_word' id='word_1_470' title='bbox 2157 923 2220 972; x_wconf 87' lang='grc' dir='ltr'><strong>τὴν</strong></span> <span class='ocrx_word' id='word_1_471' title='bbox 2241 924 2340 968; x_wconf 82' lang='grc' dir='ltr'>δόξαν</span> 
     </span>
     <span class='ocr_line' id='line_1_69' title="bbox 1289 983 2343 1035; baseline 0.003 -16"><span class='ocrx_word' id='word_1_472' title='bbox 1289 983 1542 1023; x_wconf 77' lang='grc' dir='ltr'>ἀποὸλέπουσι.</span> <span class='ocrx_word' id='word_1_473' title='bbox 1556 983 1699 1022; x_wconf 81' lang='lat' dir='ltr'><strong>Anton.</strong></span> <span class='ocrx_word' id='word_1_474' title='bbox 1717 997 1755 1035; x_wconf 89' lang='lat' dir='ltr'><strong>p.</strong></span> <span class='ocrx_word' id='word_1_475' title='bbox 1769 985 1861 1031; x_wconf 81' lang='lat'>2613</span> <span class='ocrx_word' id='word_1_476' title='bbox 1881 998 1943 1035; x_wconf 87' lang='lat' dir='ltr'><strong>ap.</strong></span> <span class='ocrx_word' id='word_1_477' title='bbox 1961 983 2084 1023; x_wconf 88' lang='lat' dir='ltr'><strong>Orell.</strong></span> <span class='ocrx_word' id='word_1_478' title='bbox 2101 997 2139 1023; x_wconf 90' lang='lat' dir='ltr'><strong>n.</strong></span> <span class='ocrx_word' id='word_1_479' title='bbox 2160 985 2245 1022; x_wconf 79' lang='lat'><strong>132.</strong></span> <span class='ocrx_word' id='word_1_480' title='bbox 2262 984 2343 1022; x_wconf 91' lang='lat' dir='ltr'><strong>Hoc</strong></span> 
     </span>
     <span class='ocr_line' id='line_1_70' title="bbox 1291 1041 2345 1095; baseline 0 -16"><span class='ocrx_word' id='word_1_481' title='bbox 1291 1042 1547 1091; x_wconf 86' lang='lat' dir='ltr'><strong>fragmentum</strong></span> <span class='ocrx_word' id='word_1_482' title='bbox 1569 1051 1737 1080; x_wconf 92' lang='lat' dir='ltr'><strong>sumtum</strong></span> <span class='ocrx_word' id='word_1_483' title='bbox 1759 1051 1817 1081; x_wconf 91' lang='lat' dir='ltr'><strong>est</strong></span> <span class='ocrx_word' id='word_1_484' title='bbox 1840 1044 1878 1081; x_wconf 82' lang='grc' dir='ltr'><strong>ἐκ</strong></span> <span class='ocrx_word' id='word_1_485' title='bbox 1896 1045 1964 1081; x_wconf 85' lang='grc' dir='ltr'><strong>τῶν</strong></span> <span class='ocrx_word' id='word_1_486' title='bbox 1984 1041 2221 1095; x_wconf 79' lang='grc' dir='ltr'>Δημοκρίτου,</span> <span class='ocrx_word' id='word_1_487' title='bbox 2244 1044 2345 1081; x_wconf 78' lang='grc' dir='ltr'>Ἐπι-</span> 
     </span>
     <span class='ocr_line' id='line_1_71' title="bbox 1289 1099 2344 1152; baseline 0.001 -15"><span class='ocrx_word' id='word_1_488' title='bbox 1289 1099 1418 1147; x_wconf 76' lang='grc' dir='ltr'>κτήτου</span> <span class='ocrx_word' id='word_1_489' title='bbox 1438 1100 1498 1139; x_wconf 85' lang='grc' dir='ltr'><strong>καὶ</strong></span> <span class='ocrx_word' id='word_1_490' title='bbox 1519 1100 1752 1152; x_wconf 81' lang='grc' dir='ltr'>Ἰσοκράτους.</span> <span class='ocrx_word' id='word_1_491' title='bbox 1773 1102 1854 1139; x_wconf 87' lang='lat' dir='ltr'><strong>Hoc</strong></span> <span class='ocrx_word' id='word_1_492' title='bbox 1879 1102 1967 1140; x_wconf 93' lang='lat' dir='ltr'><strong>loco</strong></span> <span class='ocrx_word' id='word_1_493' title='bbox 1988 1102 2182 1140; x_wconf 84' lang='lat' dir='ltr'><strong>Antonius</strong></span> <span class='ocrx_word' id='word_1_494' title='bbox 2202 1102 2344 1140; x_wconf 72' lang='lat' dir='ltr'><strong>Denuo-</strong></span> 
     </span>
     <span class='ocr_line' id='line_1_72' title="bbox 1291 1158 2344 1212; baseline 0.001 -16"><span class='ocrx_word' id='word_1_495' title='bbox 1291 1159 1430 1197; x_wconf 90' lang='lat' dir='ltr'><strong>critum</strong></span> <span class='ocrx_word' id='word_1_496' title='bbox 1452 1158 1538 1210; x_wconf 88' lang='lat' dir='ltr'><strong>ejus</strong></span> <span class='ocrx_word' id='word_1_497' title='bbox 1558 1168 1756 1198; x_wconf 86' lang='lat' dir='ltr'><strong>auctorem</strong></span> <span class='ocrx_word' id='word_1_498' title='bbox 1783 1160 1890 1207; x_wconf 86' lang='lat' dir='ltr'><strong>citat,</strong></span> <span class='ocrx_word' id='word_1_499' title='bbox 1920 1161 1987 1199; x_wconf 92' lang='lat' dir='ltr'><strong>sed</strong></span> <span class='ocrx_word' id='word_1_500' title='bbox 2017 1174 2104 1212; x_wconf 86' lang='lat' dir='ltr'><strong>pag.</strong></span> <span class='ocrx_word' id='word_1_501' title='bbox 2141 1162 2218 1198; x_wconf 82' lang='lat'><strong>258</strong></span> <span class='ocrx_word' id='word_1_502' title='bbox 2256 1173 2344 1198; x_wconf 90' lang='lat' dir='ltr'><strong>cum</strong></span> 
     </span>
     <span class='ocr_line' id='line_1_73' title="bbox 1290 1219 2346 1269; baseline 0 -12"><span class='ocrx_word' id='word_1_503' title='bbox 1290 1219 1461 1257; x_wconf 87' lang='lat' dir='ltr'><strong>Maximo</strong></span> <span class='ocrx_word' id='word_1_504' title='bbox 1481 1228 1675 1257; x_wconf 83' lang='lat' dir='ltr'><strong>auctorem</strong></span> <span class='ocrx_word' id='word_1_505' title='bbox 1694 1219 1902 1258; x_wconf 88' lang='lat' dir='ltr'><strong>Isocratem</strong></span> <span class='ocrx_word' id='word_1_506' title='bbox 1919 1220 2111 1269; x_wconf 86' lang='lat' dir='ltr'><strong>nominat,</strong></span> <span class='ocrx_word' id='word_1_507' title='bbox 2129 1220 2191 1258; x_wconf 91' lang='lat' dir='ltr'><strong>cui</strong></span> <span class='ocrx_word' id='word_1_508' title='bbox 2206 1229 2244 1257; x_wconf 90' lang='lat' dir='ltr'><strong>et</strong></span> <span class='ocrx_word' id='word_1_509' title='bbox 2261 1219 2346 1257; x_wconf 92' lang='lat' dir='ltr'><strong>Sto-</strong></span> 
     </span>
     <span class='ocr_line' id='line_1_74' title="bbox 1290 1277 2348 1330; baseline 0 -14"><span class='ocrx_word' id='word_1_510' title='bbox 1290 1278 1399 1316; x_wconf 87' lang='lat' dir='ltr'><strong>baeus</strong></span> <span class='ocrx_word' id='word_1_511' title='bbox 1414 1277 1514 1316; x_wconf 85' lang='lat' dir='ltr'><strong>Flor.</strong></span> <span class='ocrx_word' id='word_1_512' title='bbox 1528 1277 1650 1326; x_wconf 87' lang='lat' dir='ltr'>XLII,</span> <span class='ocrx_word' id='word_1_513' title='bbox 1676 1293 1695 1326; x_wconf 97' lang='lat'><strong>7</strong></span> <span class='ocrx_word' id='word_1_514' title='bbox 1715 1277 1868 1318; x_wconf 87' lang='lat' dir='ltr'><strong>tribuit.</strong></span> <span class='ocrx_word' id='word_1_515' title='bbox 1885 1279 2018 1330; x_wconf 88' lang='lat' dir='ltr'><strong>Neque</strong></span> <span class='ocrx_word' id='word_1_516' title='bbox 2031 1279 2200 1330; x_wconf 80' lang='lat' dir='ltr'><strong>injuria3</strong></span> <span class='ocrx_word' id='word_1_517' title='bbox 2225 1287 2348 1317; x_wconf 83' lang='lat' dir='ltr'><strong>exstat</strong></span> 
     </span>
     <span class='ocr_line' id='line_1_75' title="bbox 1291 1337 2346 1390; baseline -0.002 -14"><span class='ocrx_word' id='word_1_518' title='bbox 1291 1338 1453 1376; x_wconf 89' lang='lat' dir='ltr'><strong>enimin</strong></span> <span class='ocrx_word' id='word_1_519' title='bbox 1476 1337 1634 1376; x_wconf 86' lang='lat' dir='ltr'><strong>Isocrat.</strong></span> <span class='ocrx_word' id='word_1_520' title='bbox 1652 1338 1699 1375; x_wconf 91' lang='lat' dir='ltr'><strong>ad</strong></span> <span class='ocrx_word' id='word_1_521' title='bbox 1729 1338 1929 1376; x_wconf 89' lang='lat' dir='ltr'><strong>Demonic.</strong></span> <span class='ocrx_word' id='word_1_522' title='bbox 1951 1339 2108 1377; x_wconf 91' lang='lat' dir='ltr'><strong>admon.</strong></span> <span class='ocrx_word' id='word_1_523' title='bbox 2132 1352 2222 1390; x_wconf 87' lang='lat' dir='ltr'><strong>pag.</strong></span> <span class='ocrx_word' id='word_1_524' title='bbox 2242 1338 2263 1374; x_wconf 87' lang='lat'><strong>5</strong></span> <span class='ocrx_word' id='word_1_525' title='bbox 2286 1339 2346 1376; x_wconf 84' lang='lat' dir='ltr'><strong>ed.</strong></span> 
     </span>
     <span class='ocr_line' id='line_1_76' title="bbox 1292 1394 2349 1449; baseline -0.001 -14"><span class='ocrx_word' id='word_1_526' title='bbox 1292 1396 1423 1448; x_wconf 85' lang='lat' dir='ltr'><strong>Steph.</strong></span> <span class='ocrx_word' id='word_1_527' title='bbox 1445 1396 1549 1448; x_wconf 87' lang='lat' dir='ltr'><strong>(pag.</strong></span> <span class='ocrx_word' id='word_1_528' title='bbox 1575 1411 1594 1445; x_wconf 93' lang='lat'><strong>7</strong></span> <span class='ocrx_word' id='word_1_529' title='bbox 1621 1397 1680 1435; x_wconf 90' lang='lat' dir='ltr'><strong>ed.</strong></span> <span class='ocrx_word' id='word_1_530' title='bbox 1706 1397 1874 1444; x_wconf 79' lang='lat' dir='ltr'><strong>Bekker3</strong></span> <span class='ocrx_word' id='word_1_531' title='bbox 1903 1410 1966 1449; x_wconf 89' lang='lat' dir='ltr'><strong>ap.</strong></span> <span class='ocrx_word' id='word_1_532' title='bbox 1994 1397 2118 1437; x_wconf 90' lang='lat' dir='ltr'><strong>Orell.</strong></span> <span class='ocrx_word' id='word_1_533' title='bbox 2142 1394 2291 1449; x_wconf 75' lang='lat' dir='ltr'><strong>O‘pusc.</strong></span> <span class='ocrx_word' id='word_1_534' title='bbox 2311 1396 2349 1434; x_wconf 88' lang='lat'><strong>11</strong></span> 
     </span>
     <span class='ocr_line' id='line_1_77' title="bbox 1292 1461 1433 1508; baseline 0.014 -15"><span class='ocrx_word' id='word_1_535' title='bbox 1292 1470 1330 1507; x_wconf 90' lang='lat' dir='ltr'><strong>p.</strong></span> <span class='ocrx_word' id='word_1_536' title='bbox 1354 1461 1433 1508; x_wconf 73' lang='grc'><strong>24).</strong></span> 
     </span>
    </p>

    <p class='ocr_par' dir='ltr' id='par_1_12' title="bbox 1294 1507 2358 2625">
     <span class='ocr_line' id='line_1_78' title="bbox 1351 1507 2349 1565; baseline -0.002 -12"><span class='ocrx_word' id='word_1_537' title='bbox 1351 1527 1399 1553; x_wconf 78' lang='lat'><strong>12.</strong></span> <span class='ocrx_word' id='word_1_538' title='bbox 1429 1515 1473 1554; x_wconf 79' lang='grc' dir='ltr'><strong>Εἷ</strong></span> <span class='ocrx_word' id='word_1_539' title='bbox 1501 1513 1564 1564; x_wconf 84' lang='grc' dir='ltr'><strong>μὲν</strong></span> <span class='ocrx_word' id='word_1_540' title='bbox 1595 1507 1638 1562; x_wconf 69' lang='grc' dir='ltr'><strong>ἦν</strong></span> <span class='ocrx_word' id='word_1_541' title='bbox 1660 1516 1795 1565; x_wconf 82' lang='grc' dir='ltr'>μαθεῖν,</span> <span class='ocrx_word' id='word_1_542' title='bbox 1818 1512 1840 1552; x_wconf 82' lang='grc' dir='ltr'>ἃ</span> <span class='ocrx_word' id='word_1_543' title='bbox 1858 1515 1909 1552; x_wconf 85' lang='grc' dir='ltr'><strong>δεῖ</strong></span> <span class='ocrx_word' id='word_1_544' title='bbox 1928 1514 2050 1552; x_wconf 83' lang='grc' dir='ltr'>παθεῖν</span> <span class='ocrx_word' id='word_1_545' title='bbox 2067 1513 2127 1553; x_wconf 87' lang='grc' dir='ltr'><strong>καὶ</strong></span> <span class='ocrx_word' id='word_1_546' title='bbox 2143 1512 2192 1564; x_wconf 85' lang='grc' dir='ltr'>μὴ</span> <span class='ocrx_word' id='word_1_547' title='bbox 2210 1516 2349 1565; x_wconf 79' lang='grc' dir='ltr'>παθεῖν,</span> 
     </span>
     <span class='ocr_line' id='line_1_79' title="bbox 1294 1571 2348 1624; baseline -0.001 -13"><span class='ocrx_word' id='word_1_548' title='bbox 1294 1573 1400 1611; x_wconf 76' lang='grc' dir='ltr'>καλὸν</span> <span class='ocrx_word' id='word_1_549' title='bbox 1426 1573 1465 1611; x_wconf 76' lang='grc' dir='ltr'><strong>τὸ</strong></span> <span class='ocrx_word' id='word_1_550' title='bbox 1495 1575 1628 1623; x_wconf 79' lang='grc' dir='ltr'>μαθεῖν’</span> <span class='ocrx_word' id='word_1_551' title='bbox 1647 1573 1677 1611; x_wconf 87' lang='grc' dir='ltr'><strong>εἷ</strong></span> <span class='ocrx_word' id='word_1_552' title='bbox 1701 1571 1738 1611; x_wconf 81' lang='grc' dir='ltr'>δὲ</span> <span class='ocrx_word' id='word_1_553' title='bbox 1758 1574 1895 1621; x_wconf 85' lang='grc' dir='ltr'>παθεῖν,</span> <span class='ocrx_word' id='word_1_554' title='bbox 1925 1572 1959 1611; x_wconf 84' lang='grc' dir='ltr'><strong>τί</strong></span> <span class='ocrx_word' id='word_1_555' title='bbox 1978 1573 2029 1611; x_wconf 87' lang='grc' dir='ltr'>δεῖ</span> <span class='ocrx_word' id='word_1_556' title='bbox 2047 1576 2195 1624; x_wconf 70' lang='grc' dir='ltr'>μαθεῖν,</span> <span class='ocrx_word' id='word_1_557' title='bbox 2224 1575 2348 1610; x_wconf 81' lang='grc' dir='ltr'>παθεῖν</span> 
     </span>
     <span class='ocr_line' id='line_1_80' title="bbox 1294 1631 2348 1685; baseline 0 -15"><span class='ocrx_word' id='word_1_558' title='bbox 1294 1632 1362 1685; x_wconf 79' lang='grc' dir='ltr'>γὰρ</span> <span class='ocrx_word' id='word_1_559' title='bbox 1384 1631 1469 1685; x_wconf 79' lang='grc' dir='ltr'>χρή.</span> <span class='ocrx_word' id='word_1_560' title='bbox 1492 1635 1635 1672; x_wconf 90' lang='lat' dir='ltr'><strong>Anton.</strong></span> <span class='ocrx_word' id='word_1_561' title='bbox 1663 1640 1701 1671; x_wconf 90' lang='lat' dir='ltr'><strong>et</strong></span> <span class='ocrx_word' id='word_1_562' title='bbox 1729 1631 1828 1670; x_wconf 84' lang='lat' dir='ltr'><strong>Max.</strong></span> <span class='ocrx_word' id='word_1_563' title='bbox 1860 1647 1897 1683; x_wconf 91' lang='lat' dir='ltr'><strong>p.</strong></span> <span class='ocrx_word' id='word_1_564' title='bbox 1930 1633 2019 1672; x_wconf 82' lang='lat'><strong>313.</strong></span> <span class='ocrx_word' id='word_1_565' title='bbox 2042 1632 2132 1671; x_wconf 84' lang='lat' dir='ltr'><strong>Haec</strong></span> <span class='ocrx_word' id='word_1_566' title='bbox 2163 1646 2243 1670; x_wconf 91' lang='lat' dir='ltr'><strong>non</strong></span> <span class='ocrx_word' id='word_1_567' title='bbox 2273 1632 2348 1670; x_wconf 84' lang='lat' dir='ltr'><strong>De·</strong></span> 
     </span>
     <span class='ocr_line' id='line_1_81' title="bbox 1297 1691 2347 1743; baseline 0 -14"><span class='ocrx_word' id='word_1_568' title='bbox 1297 1693 1483 1730; x_wconf 88' lang='lat' dir='ltr'><strong>mocritus</strong></span> <span class='ocrx_word' id='word_1_569' title='bbox 1513 1692 1691 1743; x_wconf 86' lang='lat' dir='ltr'><strong>scripsit,</strong></span> <span class='ocrx_word' id='word_1_570' title='bbox 1725 1691 1794 1730; x_wconf 90' lang='lat' dir='ltr'><strong>sed</strong></span> <span class='ocrx_word' id='word_1_571' title='bbox 1814 1692 1876 1729; x_wconf 90' lang='lat' dir='ltr'><strong>vel</strong></span> <span class='ocrx_word' id='word_1_572' title='bbox 1906 1692 2081 1743; x_wconf 90' lang='lat' dir='ltr'><strong>sophista</strong></span> <span class='ocrx_word' id='word_1_573' title='bbox 2110 1692 2254 1743; x_wconf 90' lang='lat' dir='ltr'><strong>aliquis</strong></span> <span class='ocrx_word' id='word_1_574' title='bbox 2285 1691 2347 1729; x_wconf 88' lang='lat' dir='ltr'><strong>vel</strong></span> 
     </span>
     <span class='ocr_line' id='line_1_82' title="bbox 1296 1750 2350 1802; baseline 0 -14"><span class='ocrx_word' id='word_1_575' title='bbox 1296 1751 1518 1802; x_wconf 78' lang='lat' dir='ltr'><strong>sophisticae</strong></span> <span class='ocrx_word' id='word_1_576' title='bbox 1544 1751 1731 1789; x_wconf 88' lang='lat' dir='ltr'><strong>dictionis</strong></span> <span class='ocrx_word' id='word_1_577' title='bbox 1752 1759 1913 1790; x_wconf 90' lang='lat' dir='ltr'><strong>amator.</strong></span> <span class='ocrx_word' id='word_1_578' title='bbox 1938 1751 1984 1788; x_wconf 90' lang='lat' dir='ltr'><strong>In</strong></span> <span class='ocrx_word' id='word_1_579' title='bbox 2018 1751 2104 1790; x_wconf 88' lang='lat' dir='ltr'><strong>cod.</strong></span> <span class='ocrx_word' id='word_1_580' title='bbox 2137 1750 2350 1788; x_wconf 85' lang='lat' dir='ltr'><strong>Parisiensi</strong></span> 
     </span>
     <span class='ocr_line' id='line_1_83' title="bbox 1302 1809 2348 1861; baseline 0.001 -15"><span class='ocrx_word' id='word_1_581' title='bbox 1302 1811 1401 1847; x_wconf 76' lang='lat'>1630</span> <span class='ocrx_word' id='word_1_582' title='bbox 1421 1823 1461 1861; x_wconf 92' lang='lat' dir='ltr'><strong>p.</strong></span> <span class='ocrx_word' id='word_1_583' title='bbox 1489 1823 1561 1860; x_wconf 78' lang='lat'><strong>192</strong></span> <span class='ocrx_word' id='word_1_584' title='bbox 1582 1809 1716 1848; x_wconf 90' lang='lat' dir='ltr'><strong>eadem</strong></span> <span class='ocrx_word' id='word_1_585' title='bbox 1733 1809 1855 1848; x_wconf 88' lang='lat' dir='ltr'><strong>verba</strong></span> <span class='ocrx_word' id='word_1_586' title='bbox 1877 1810 2031 1861; x_wconf 89' lang='lat' dir='ltr'><strong>plenius</strong></span> <span class='ocrx_word' id='word_1_587' title='bbox 2060 1811 2117 1848; x_wconf 90' lang='lat' dir='ltr'><strong>sic</strong></span> <span class='ocrx_word' id='word_1_588' title='bbox 2135 1810 2321 1859; x_wconf 87' lang='lat' dir='ltr'><strong>leguntur</strong></span> <span class='ocrx_word' id='word_1_589' title='bbox 2339 1823 2348 1847; x_wconf 90' lang='lat'><strong>:</strong></span> 
     </span>
     <span class='ocr_line' id='line_1_84' title="bbox 1299 1862 2350 1919; baseline -0.001 -13"><span class='ocrx_word' id='word_1_590' title='bbox 1299 1869 1343 1906; x_wconf 87' lang='grc' dir='ltr'><strong>Εἰ</strong></span> <span class='ocrx_word' id='word_1_591' title='bbox 1371 1866 1434 1916; x_wconf 81' lang='grc' dir='ltr'><strong>μὲν</strong></span> <span class='ocrx_word' id='word_1_592' title='bbox 1463 1862 1504 1915; x_wconf 70' lang='grc' dir='ltr'><strong>ἦν</strong></span> <span class='ocrx_word' id='word_1_593' title='bbox 1544 1869 1679 1918; x_wconf 83' lang='grc' dir='ltr'>μαθεῖν,</span> <span class='ocrx_word' id='word_1_594' title='bbox 1720 1867 1742 1906; x_wconf 85' lang='grc' dir='ltr'>ἃ</span> <span class='ocrx_word' id='word_1_595' title='bbox 1771 1869 1823 1906; x_wconf 89' lang='grc' dir='ltr'><strong>δεῖ</strong></span> <span class='ocrx_word' id='word_1_596' title='bbox 1854 1869 1992 1915; x_wconf 83' lang='grc' dir='ltr'>παθεῖν,</span> <span class='ocrx_word' id='word_1_597' title='bbox 2029 1868 2090 1907; x_wconf 82' lang='grc' dir='ltr'><strong>καὶ</strong></span> <span class='ocrx_word' id='word_1_598' title='bbox 2124 1868 2173 1919; x_wconf 86' lang='grc' dir='ltr'>μὴ</span> <span class='ocrx_word' id='word_1_599' title='bbox 2213 1870 2350 1915; x_wconf 80' lang='grc' dir='ltr'>παθεῖν,</span> 
     </span>
     <span class='ocr_line' id='line_1_85' title="bbox 1298 1926 2353 1978; baseline 0.002 -14"><span class='ocrx_word' id='word_1_600' title='bbox 1298 1926 1406 1965; x_wconf 79' lang='grc' dir='ltr'>καλὸν</span> <span class='ocrx_word' id='word_1_601' title='bbox 1425 1926 1465 1966; x_wconf 80' lang='grc' dir='ltr'><strong>τὸ</strong></span> <span class='ocrx_word' id='word_1_602' title='bbox 1492 1928 1627 1977; x_wconf 83' lang='grc' dir='ltr'>μαθεῖν·</span> <span class='ocrx_word' id='word_1_603' title='bbox 1661 1928 1691 1965; x_wconf 88' lang='grc' dir='ltr'><strong>εἷ</strong></span> <span class='ocrx_word' id='word_1_604' title='bbox 1713 1927 1748 1966; x_wconf 83' lang='grc' dir='ltr'>δὲ</span> <span class='ocrx_word' id='word_1_605' title='bbox 1773 1932 1895 1967; x_wconf 88' lang='grc' dir='ltr'>παθεῖν</span> <span class='ocrx_word' id='word_1_606' title='bbox 1922 1929 1997 1978; x_wconf 88' lang='grc' dir='ltr'>δεῖ,</span> <span class='ocrx_word' id='word_1_607' title='bbox 2023 1927 2046 1965; x_wconf 81' lang='grc' dir='ltr'>ἃ</span> <span class='ocrx_word' id='word_1_608' title='bbox 2067 1928 2117 1966; x_wconf 88' lang='grc' dir='ltr'><strong>δεῖ</strong></span> <span class='ocrx_word' id='word_1_609' title='bbox 2150 1930 2284 1978; x_wconf 85' lang='grc' dir='ltr'>μαθεῖν,</span> <span class='ocrx_word' id='word_1_610' title='bbox 2316 1926 2353 1966; x_wconf 85' lang='grc' dir='ltr'><strong>τί</strong></span> 
     </span>
     <span class='ocr_line' id='line_1_86' title="bbox 1303 1984 2355 2038; baseline 0.001 -16"><span class='ocrx_word' id='word_1_611' title='bbox 1303 1985 1355 2023; x_wconf 86' lang='grc' dir='ltr'><strong>δεῖ</strong></span> <span class='ocrx_word' id='word_1_612' title='bbox 1368 1987 1513 2036; x_wconf 66' lang='grc' dir='ltr'>μαθεῖν,</span> <span class='ocrx_word' id='word_1_613' title='bbox 1530 1988 1652 2023; x_wconf 83' lang='grc' dir='ltr'>παθεῖν</span> <span class='ocrx_word' id='word_1_614' title='bbox 1669 1985 1737 2038; x_wconf 87' lang='grc' dir='ltr'>γὰρ</span> <span class='ocrx_word' id='word_1_615' title='bbox 1750 1984 1837 2038; x_wconf 78' lang='grc' dir='ltr'>χρή.</span> <span class='ocrx_word' id='word_1_616' title='bbox 1853 1985 1953 2024; x_wconf 87' lang='lat' dir='ltr'><strong>Tum</strong></span> <span class='ocrx_word' id='word_1_617' title='bbox 1969 1985 2176 2036; x_wconf 87' lang='lat' dir='ltr'><strong>interjecto</strong></span> <span class='ocrx_word' id='word_1_618' title='bbox 2196 1987 2355 2024; x_wconf 89' lang='lat' dir='ltr'><strong>nomine</strong></span> 
     </span>
     <span class='ocr_line' id='line_1_87' title="bbox 1303 2044 2355 2096; baseline 0.001 -14"><span class='ocrx_word' id='word_1_619' title='bbox 1303 2044 1435 2082; x_wconf 89' lang='lat' dir='ltr'><strong>nescio</strong></span> <span class='ocrx_word' id='word_1_620' title='bbox 1461 2058 1555 2095; x_wconf 80' lang='lat' dir='ltr'><strong>qun,</strong></span> <span class='ocrx_word' id='word_1_621' title='bbox 1575 2044 1681 2095; x_wconf 89' lang='lat' dir='ltr'><strong>quod</strong></span> <span class='ocrx_word' id='word_1_622' title='bbox 1708 2058 1789 2082; x_wconf 92' lang='lat' dir='ltr'><strong>non</strong></span> <span class='ocrx_word' id='word_1_623' title='bbox 1813 2045 1982 2096; x_wconf 91' lang='lat' dir='ltr'><strong>amplius</strong></span> <span class='ocrx_word' id='word_1_624' title='bbox 2004 2045 2080 2094; x_wconf 89' lang='lat' dir='ltr'><strong>legi</strong></span> <span class='ocrx_word' id='word_1_625' title='bbox 2107 2053 2249 2096; x_wconf 88' lang='lat' dir='ltr'><strong>potest,</strong></span> <span class='ocrx_word' id='word_1_626' title='bbox 2274 2045 2355 2083; x_wconf 87' lang='lat' dir='ltr'><strong>haec</strong></span> 
     </span>
     <span class='ocr_line' id='line_1_88' title="bbox 1301 2102 2355 2154; baseline 0.002 -14"><span class='ocrx_word' id='word_1_627' title='bbox 1301 2102 1568 2154; x_wconf 83' lang='lat' dir='ltr'><strong>subjiciuntur</strong></span> <span class='ocrx_word' id='word_1_628' title='bbox 1602 2117 1611 2141; x_wconf 74' lang='grc' dir='ltr'><em>τ</em></span> <span class='ocrx_word' id='word_1_629' title='bbox 1641 2107 1764 2154; x_wconf 87' lang='grc' dir='ltr'>μαθεῖν</span> <span class='ocrx_word' id='word_1_630' title='bbox 1801 2103 1864 2154; x_wconf 81' lang='grc' dir='ltr'><strong>μὲν</strong></span> <span class='ocrx_word' id='word_1_631' title='bbox 1899 2104 1938 2141; x_wconf 84' lang='grc' dir='ltr'><strong>ἐκ</strong></span> <span class='ocrx_word' id='word_1_632' title='bbox 1969 2107 2028 2141; x_wconf 83' lang='grc' dir='ltr'><strong>τοῦ</strong></span> <span class='ocrx_word' id='word_1_633' title='bbox 2064 2106 2187 2142; x_wconf 85' lang='grc' dir='ltr'>παθεῖν</span> <span class='ocrx_word' id='word_1_634' title='bbox 2207 2103 2267 2142; x_wconf 84' lang='grc' dir='ltr'><strong>καὶ</strong></span> <span class='ocrx_word' id='word_1_635' title='bbox 2286 2107 2355 2142; x_wconf 80' lang='grc' dir='ltr'><strong>τῶν</strong></span> 
     </span>
     <span class='ocr_line' id='line_1_89' title="bbox 1301 2160 2355 2214; baseline 0.001 -15"><span class='ocrx_word' id='word_1_636' title='bbox 1301 2160 1416 2208; x_wconf 82' lang='grc' dir='ltr'>πάντη</span> <span class='ocrx_word' id='word_1_637' title='bbox 1444 2161 1538 2199; x_wconf 80' lang='grc' dir='ltr'>ἐστὶν</span> <span class='ocrx_word' id='word_1_638' title='bbox 1561 2164 1719 2212; x_wconf 82' lang='grc' dir='ltr'>ἀμαθῶν,</span> <span class='ocrx_word' id='word_1_639' title='bbox 1742 2165 1863 2212; x_wconf 87' lang='grc' dir='ltr'>μαθεῖν</span> <span class='ocrx_word' id='word_1_640' title='bbox 1887 2160 1922 2200; x_wconf 81' lang='grc' dir='ltr'>δὲ</span> <span class='ocrx_word' id='word_1_641' title='bbox 1944 2161 2004 2199; x_wconf 83' lang='grc' dir='ltr'><strong>καὶ</strong></span> <span class='ocrx_word' id='word_1_642' title='bbox 2023 2161 2132 2214; x_wconf 78' lang='grc' dir='ltr'>χωρὶς</span> <span class='ocrx_word' id='word_1_643' title='bbox 2152 2165 2212 2199; x_wconf 87' lang='grc' dir='ltr'><strong>τοῦ</strong></span> <span class='ocrx_word' id='word_1_644' title='bbox 2231 2165 2355 2200; x_wconf 87' lang='grc' dir='ltr'>παθεῖν</span> 
     </span>
     <span class='ocr_line' id='line_1_90' title="bbox 1301 2219 2354 2271; baseline 0.001 -13"><span class='ocrx_word' id='word_1_645' title='bbox 1301 2221 1368 2258; x_wconf 84' lang='grc' dir='ltr'><strong>τῶν</strong></span> <span class='ocrx_word' id='word_1_646' title='bbox 1390 2219 1579 2271; x_wconf 73' lang='grc' dir='ltr'>φρονίμων.</span> <span class='ocrx_word' id='word_1_647' title='bbox 1598 2220 1655 2260; x_wconf 83' lang='lat' dir='ltr'><strong>Cf.</strong></span> <span class='ocrx_word' id='word_1_648' title='bbox 1675 2220 1906 2260; x_wconf 89' lang='lat' dir='ltr'><strong>Boissonad.</strong></span> <span class='ocrx_word' id='word_1_649' title='bbox 1932 2220 1980 2258; x_wconf 91' lang='lat' dir='ltr'><strong>ad</strong></span> <span class='ocrx_word' id='word_1_650' title='bbox 1996 2220 2120 2259; x_wconf 89' lang='lat' dir='ltr'><strong>Nicet.</strong></span> <span class='ocrx_word' id='word_1_651' title='bbox 2141 2220 2354 2271; x_wconf 86' lang='lat' dir='ltr'><strong>Eugenian.</strong></span> 
     </span>
     <span class='ocr_line' id='line_1_91' title="bbox 1303 2279 2358 2330; baseline 0.002 -14"><span class='ocrx_word' id='word_1_652' title='bbox 1303 2279 1436 2318; x_wconf 83' lang='lat' dir='ltr'><strong>Amor.</strong></span> <span class='ocrx_word' id='word_1_653' title='bbox 1469 2279 1536 2317; x_wconf 88' lang='lat' dir='ltr'><strong>lib.</strong></span> <span class='ocrx_word' id='word_1_654' title='bbox 1570 2279 1627 2317; x_wconf 89' lang='lat' dir='ltr'><strong>III</strong></span> <span class='ocrx_word' id='word_1_655' title='bbox 1650 2293 1688 2320; x_wconf 88' lang='lat' dir='ltr'><strong>n.</strong></span> <span class='ocrx_word' id='word_1_656' title='bbox 1726 2286 1798 2330; x_wconf 77' lang='lat'><strong>194</strong></span> <span class='ocrx_word' id='word_1_657' title='bbox 1820 2288 1914 2319; x_wconf 91' lang='lat' dir='ltr'><strong>tom.</strong></span> <span class='ocrx_word' id='word_1_658' title='bbox 1947 2279 1985 2317; x_wconf 86' lang='lat' dir='ltr'><strong>ll</strong></span> <span class='ocrx_word' id='word_1_659' title='bbox 2022 2294 2063 2330; x_wconf 88' lang='lat' dir='ltr'><strong>p.</strong></span> <span class='ocrx_word' id='word_1_660' title='bbox 2104 2282 2189 2319; x_wconf 86' lang='lat'><strong>182.</strong></span> <span class='ocrx_word' id='word_1_661' title='bbox 2225 2280 2358 2330; x_wconf 88' lang='lat' dir='ltr'><strong>Neque</strong></span> 
     </span>
     <span class='ocr_line' id='line_1_92' title="bbox 1304 2338 2357 2390; baseline 0.001 -16"><span class='ocrx_word' id='word_1_662' title='bbox 1304 2346 1430 2375; x_wconf 89' lang='lat' dir='ltr'><strong>tamen</strong></span> <span class='ocrx_word' id='word_1_663' title='bbox 1459 2339 1681 2388; x_wconf 88' lang='lat' dir='ltr'><strong>negaverim</strong></span> <span class='ocrx_word' id='word_1_664' title='bbox 1713 2340 1798 2378; x_wconf 86' lang='lat' dir='ltr'><strong>fieri</strong></span> <span class='ocrx_word' id='word_1_665' title='bbox 1833 2352 1969 2390; x_wconf 88' lang='lat' dir='ltr'><strong>posse,</strong></span> <span class='ocrx_word' id='word_1_666' title='bbox 1993 2348 2036 2377; x_wconf 91' lang='lat' dir='ltr'><strong>ut</strong></span> <span class='ocrx_word' id='word_1_667' title='bbox 2062 2339 2154 2376; x_wconf 90' lang='lat' dir='ltr'><strong>talia</strong></span> <span class='ocrx_word' id='word_1_668' title='bbox 2182 2339 2224 2376; x_wconf 92' lang='lat' dir='ltr'><strong>in</strong></span> <span class='ocrx_word' id='word_1_669' title='bbox 2250 2338 2357 2376; x_wconf 88' lang='lat' dir='ltr'><strong>libro</strong></span> 
     </span>
     <span class='ocr_line' id='line_1_93' title="bbox 1304 2397 2357 2448; baseline -0.001 -12"><span class='ocrx_word' id='word_1_670' title='bbox 1304 2398 1438 2448; x_wconf 89' lang='lat' dir='ltr'><strong>aliquo</strong></span> <span class='ocrx_word' id='word_1_671' title='bbox 1467 2398 1731 2436; x_wconf 88' lang='lat' dir='ltr'><strong>Democritico</strong></span> <span class='ocrx_word' id='word_1_672' title='bbox 1757 2399 1849 2435; x_wconf 90' lang='lat' dir='ltr'><strong>olim</strong></span> <span class='ocrx_word' id='word_1_673' title='bbox 1877 2397 2022 2436; x_wconf 90' lang='lat' dir='ltr'><strong>fuerint</strong></span> <span class='ocrx_word' id='word_1_674' title='bbox 2043 2397 2093 2436; x_wconf 87' lang='lat' dir='ltr'><strong>iis</strong></span> <span class='ocrx_word' id='word_1_675' title='bbox 2127 2398 2250 2446; x_wconf 90' lang='lat' dir='ltr'><strong>locis,</strong></span> <span class='ocrx_word' id='word_1_676' title='bbox 2288 2397 2357 2435; x_wconf 89' lang='lat' dir='ltr'><strong>ubi</strong></span> 
     </span>
     <span class='ocr_line' id='line_1_94' title="bbox 1304 2455 2358 2510; baseline -0.003 -14"><span class='ocrx_word' id='word_1_677' title='bbox 1304 2458 1498 2510; x_wconf 86' lang='lat' dir='ltr'><strong>sophistas</strong></span> <span class='ocrx_word' id='word_1_678' title='bbox 1517 2455 1693 2502; x_wconf 82' lang='grc' dir='ltr'>λεξειδίων</span> <span class='ocrx_word' id='word_1_679' title='bbox 1726 2456 1932 2508; x_wconf 83' lang='grc' dir='ltr'>θηράτορας,</span> <span class='ocrx_word' id='word_1_680' title='bbox 1958 2455 2156 2508; x_wconf 82' lang='grc' dir='ltr'>ἐριδαντέας</span> <span class='ocrx_word' id='word_1_681' title='bbox 2175 2456 2234 2494; x_wconf 80' lang='grc' dir='ltr'><strong>καὶ</strong></span> <span class='ocrx_word' id='word_1_682' title='bbox 2253 2457 2358 2506; x_wconf 84' lang='grc' dir='ltr'>ἱμαν-</span> 
     </span>
     <span class='ocr_line' id='line_1_95' title="bbox 1305 2514 2358 2566; baseline -0.002 -11"><span class='ocrx_word' id='word_1_683' title='bbox 1305 2515 1482 2560; x_wconf 85' lang='grc' dir='ltr'>τελικτέας</span> <span class='ocrx_word' id='word_1_684' title='bbox 1510 2516 1743 2555; x_wconf 88' lang='lat' dir='ltr'><strong>deridendos</strong></span> <span class='ocrx_word' id='word_1_685' title='bbox 1758 2516 1836 2554; x_wconf 90' lang='lat' dir='ltr'><strong>sibi</strong></span> <span class='ocrx_word' id='word_1_686' title='bbox 1856 2516 2059 2554; x_wconf 89' lang='lat' dir='ltr'><strong>sumsisset</strong></span> <span class='ocrx_word' id='word_1_687' title='bbox 2083 2514 2358 2566; x_wconf 85' lang='lat' dir='ltr'><strong>philosophus.</strong></span> 
     </span>
     <span class='ocr_line' id='line_1_96' title="bbox 1305 2573 2358 2625; baseline -0.001 -11"><span class='ocrx_word' id='word_1_688' title='bbox 1305 2576 1379 2615; x_wconf 90' lang='lat' dir='ltr'><strong>Sed</strong></span> <span class='ocrx_word' id='word_1_689' title='bbox 1398 2576 1437 2614; x_wconf 89' lang='lat' dir='ltr'><strong>in</strong></span> <span class='ocrx_word' id='word_1_690' title='bbox 1464 2584 1568 2613; x_wconf 81' lang='lat' dir='ltr'><strong>tanta</strong></span> <span class='ocrx_word' id='word_1_691' title='bbox 1586 2576 1644 2614; x_wconf 91' lang='lat' dir='ltr'><strong>rei</strong></span> <span class='ocrx_word' id='word_1_692' title='bbox 1664 2575 1916 2625; x_wconf 87' lang='lat' dir='ltr'><strong>ambiguitate</strong></span> <span class='ocrx_word' id='word_1_693' title='bbox 1947 2574 2046 2612; x_wconf 90' lang='lat' dir='ltr'><strong>nihil</strong></span> <span class='ocrx_word' id='word_1_694' title='bbox 2067 2573 2163 2612; x_wconf 90' lang='lat' dir='ltr'><strong>certi</strong></span> <span class='ocrx_word' id='word_1_695' title='bbox 2191 2574 2358 2613; x_wconf 77' lang='lat' dir='ltr'><strong>affirmo.</strong></span> 
     </span>
    </p>

    <p class='ocr_par' dir='ltr' id='par_1_13' title="bbox 1313 2632 2357 2745">
     <span class='ocr_line' id='line_1_97' title="bbox 1362 2632 2357 2686; baseline -0.003 -13"><span class='ocrx_word' id='word_1_696' title='bbox 1362 2648 1406 2674; x_wconf 83' lang='lat'><strong>13.</strong></span> <span class='ocrx_word' id='word_1_697' title='bbox 1427 2633 1562 2679; x_wconf 81' lang='grc' dir='ltr'>Κόλαζε</span> <span class='ocrx_word' id='word_1_698' title='bbox 1582 2633 1707 2686; x_wconf 79' lang='grc' dir='ltr'>κρίνων</span> <span class='ocrx_word' id='word_1_699' title='bbox 1726 2633 1816 2672; x_wconf 73' lang='grc' dir='ltr'>ἀλλὰ</span> <span class='ocrx_word' id='word_1_700' title='bbox 1831 2632 1880 2683; x_wconf 86' lang='grc' dir='ltr'>μὴ</span> <span class='ocrx_word' id='word_1_701' title='bbox 1899 2632 2128 2685; x_wconf 78' lang='grc' dir='ltr'>θυμούμενος.</span> <span class='ocrx_word' id='word_1_702' title='bbox 2150 2633 2295 2672; x_wconf 85' lang='lat' dir='ltr'><strong>Anton.</strong></span> <span class='ocrx_word' id='word_1_703' title='bbox 2318 2641 2357 2671; x_wconf 84' lang='lat' dir='ltr'><strong>et</strong></span> 
     </span>
     <span class='ocr_line' id='line_1_98' title="bbox 1313 2693 2052 2745; baseline 0.001 -14"><span class='ocrx_word' id='word_1_704' title='bbox 1313 2694 1467 2732; x_wconf 85' lang='lat' dir='ltr'><strong>Maxim.</strong></span> <span class='ocrx_word' id='word_1_705' title='bbox 1484 2695 1642 2744; x_wconf 79' lang='lat' dir='ltr'><strong>p.‚329;</strong></span> <span class='ocrx_word' id='word_1_706' title='bbox 1660 2707 1723 2745; x_wconf 87' lang='lat' dir='ltr'><strong>ap.</strong></span> <span class='ocrx_word' id='word_1_707' title='bbox 1744 2693 1866 2733; x_wconf 91' lang='lat' dir='ltr'><strong>Orell.</strong></span> <span class='ocrx_word' id='word_1_708' title='bbox 1887 2707 1926 2731; x_wconf 92' lang='lat' dir='ltr'><strong>n.</strong></span> <span class='ocrx_word' id='word_1_709' title='bbox 1950 2698 2052 2744; x_wconf 70' lang='grc' dir='ltr'><strong>142.ι</strong></span> 
     </span>
    </p>

    <p class='ocr_par' dir='ltr' id='par_1_14' title="bbox 1307 2750 2362 3219">
     <span class='ocr_line' id='line_1_99' title="bbox 1363 2750 2359 2803; baseline -0.002 -12"><span class='ocrx_word' id='word_1_710' title='bbox 1363 2766 1410 2792; x_wconf 78' lang='grc' dir='ltr'>[ι.</span> <span class='ocrx_word' id='word_1_711' title='bbox 1447 2753 1494 2790; x_wconf 76' lang='lat' dir='ltr'><strong>Oi</strong></span> <span class='ocrx_word' id='word_1_712' title='bbox 1524 2752 1625 2801; x_wconf 85' lang='grc' dir='ltr'>θυμοὶ</span> <span class='ocrx_word' id='word_1_713' title='bbox 1658 2752 1818 2802; x_wconf 87' lang='grc' dir='ltr'>καθάπερ</span> <span class='ocrx_word' id='word_1_714' title='bbox 1840 2753 1876 2790; x_wconf 82' lang='grc' dir='ltr'><strong>αἱ</strong></span> <span class='ocrx_word' id='word_1_715' title='bbox 1905 2750 2003 2794; x_wconf 84' lang='grc' dir='ltr'>κύνες</span> <span class='ocrx_word' id='word_1_716' title='bbox 2034 2750 2148 2803; x_wconf 79' lang='grc' dir='ltr'>τυφλὰ</span> <span class='ocrx_word' id='word_1_717' title='bbox 2182 2750 2359 2789; x_wconf 85' lang='grc' dir='ltr'>τίκτουσιν</span> 
     </span>
     <span class='ocr_line' id='line_1_100' title="bbox 1307 2810 2359 2863; baseline -0.002 -13"><span class='ocrx_word' id='word_1_718' title='bbox 1307 2811 1524 2863; x_wconf 77' lang='grc' dir='ltr'>ἐγκλήματα.</span> <span class='ocrx_word' id='word_1_719' title='bbox 1554 2812 1696 2851; x_wconf 85' lang='lat' dir='ltr'><strong>Anton.</strong></span> <span class='ocrx_word' id='word_1_720' title='bbox 1726 2820 1764 2850; x_wconf 90' lang='lat' dir='ltr'><strong>et</strong></span> <span class='ocrx_word' id='word_1_721' title='bbox 1783 2814 1886 2850; x_wconf 90' lang='lat' dir='ltr'><strong>Max.</strong></span> <span class='ocrx_word' id='word_1_722' title='bbox 1917 2825 1956 2863; x_wconf 90' lang='lat' dir='ltr'><strong>p.</strong></span> <span class='ocrx_word' id='word_1_723' title='bbox 1979 2812 2075 2860; x_wconf 82' lang='lat'><strong>3293</strong></span> <span class='ocrx_word' id='word_1_724' title='bbox 2096 2824 2157 2861; x_wconf 87' lang='lat' dir='ltr'><strong>ap.</strong></span> <span class='ocrx_word' id='word_1_725' title='bbox 2180 2810 2297 2848; x_wconf 88' lang='lat' dir='ltr'><strong>Orell.</strong></span> <span class='ocrx_word' id='word_1_726' title='bbox 2316 2824 2359 2853; x_wconf 85' lang='lat' dir='ltr'><strong>n.</strong></span> 
     </span>
     <span class='ocr_line' id='line_1_101' title="bbox 1311 2868 2362 2921; baseline 0 -13"><span class='ocrx_word' id='word_1_727' title='bbox 1311 2872 1400 2917; x_wconf 76' lang='lat'><strong>143.</strong></span> <span class='ocrx_word' id='word_1_728' title='bbox 1433 2869 1597 2920; x_wconf 86' lang='lat' dir='ltr'><strong>Utrique</strong></span> <span class='ocrx_word' id='word_1_729' title='bbox 1636 2870 1818 2921; x_wconf 87' lang='lat' dir='ltr'><strong>fragmini</strong></span> <span class='ocrx_word' id='word_1_730' title='bbox 1854 2871 1896 2908; x_wconf 90' lang='lat' dir='ltr'><strong>in</strong></span> <span class='ocrx_word' id='word_1_731' title='bbox 1937 2868 2175 2907; x_wconf 89' lang='lat' dir='ltr'><strong>membranis</strong></span> <span class='ocrx_word' id='word_1_732' title='bbox 2203 2869 2362 2908; x_wconf 86' lang='lat' dir='ltr'><strong>additur-</strong></span> 
     </span>
     <span class='ocr_line' id='line_1_102' title="bbox 1307 2926 2359 2981; baseline 0 -14"><span class='ocrx_word' id='word_1_733' title='bbox 1307 2928 1448 2968; x_wconf 84' lang='lat' dir='ltr'><strong>lemma</strong></span> <span class='ocrx_word' id='word_1_734' title='bbox 1463 2927 1686 2981; x_wconf 83' lang='grc' dir='ltr'>Δημοκρίτου</span> <span class='ocrx_word' id='word_1_735' title='bbox 1706 2927 1986 2981; x_wconf 84' lang='grc' dir='ltr'>(Δημοκράτους)</span> <span class='ocrx_word' id='word_1_736' title='bbox 2005 2927 2083 2976; x_wconf 86' lang='grc' dir='ltr'>ἤτοι</span> <span class='ocrx_word' id='word_1_737' title='bbox 2104 2926 2359 2978; x_wconf 76' lang='grc' dir='ltr'>Δημώνακτος.</span> 
     </span>
     <span class='ocr_line' id='line_1_103' title="bbox 1308 2987 2362 3040; baseline -0.001 -13"><span class='ocrx_word' id='word_1_738' title='bbox 1308 2989 1423 3027; x_wconf 88' lang='lat' dir='ltr'><strong>Prius</strong></span> <span class='ocrx_word' id='word_1_739' title='bbox 1451 2988 1623 3038; x_wconf 83' lang='lat' dir='ltr'><strong>fragmen</strong></span> <span class='ocrx_word' id='word_1_740' title='bbox 1650 3003 1770 3040; x_wconf 89' lang='lat' dir='ltr'><strong>quum</strong></span> <span class='ocrx_word' id='word_1_741' title='bbox 1803 2989 1975 3027; x_wconf 88' lang='lat' dir='ltr'><strong>trimeter</strong></span> <span class='ocrx_word' id='word_1_742' title='bbox 1998 2988 2188 3027; x_wconf 89' lang='lat' dir='ltr'><strong>iambicus</strong></span> <span class='ocrx_word' id='word_1_743' title='bbox 2216 2989 2286 3036; x_wconf 90' lang='lat' dir='ltr'><strong>sit,</strong></span> <span class='ocrx_word' id='word_1_744' title='bbox 2312 2987 2362 3026; x_wconf 91' lang='lat' dir='ltr'><strong>ad</strong></span> 
     </span>
     <span class='ocr_line' id='line_1_104' title="bbox 1309 3047 2358 3099; baseline 0.002 -14"><span class='ocrx_word' id='word_1_745' title='bbox 1309 3047 1575 3086; x_wconf 90' lang='lat' dir='ltr'><strong>Democritum</strong></span> <span class='ocrx_word' id='word_1_746' title='bbox 1601 3057 1798 3087; x_wconf 86' lang='lat' dir='ltr'><strong>auctorem</strong></span> <span class='ocrx_word' id='word_1_747' title='bbox 1814 3049 1952 3087; x_wconf 90' lang='lat' dir='ltr'><strong>referri</strong></span> <span class='ocrx_word' id='word_1_748' title='bbox 1980 3049 2125 3099; x_wconf 89' lang='lat' dir='ltr'><strong>nequit.</strong></span> <span class='ocrx_word' id='word_1_749' title='bbox 2142 3048 2358 3096; x_wconf 83' lang='lat' dir='ltr'><strong>Posterius,</strong></span> 
     </span>
     <span class='ocr_line' id='line_1_105' title="bbox 1310 3103 2359 3160; baseline 0.001 -15"><span class='ocrx_word' id='word_1_750' title='bbox 1310 3103 1441 3160; x_wconf 80' lang='lat' dir='ltr'><strong>utpote</strong></span> <span class='ocrx_word' id='word_1_751' title='bbox 1461 3108 1508 3146; x_wconf 89' lang='lat' dir='ltr'><strong>ad</strong></span> <span class='ocrx_word' id='word_1_752' title='bbox 1532 3107 1634 3146; x_wconf 89' lang='lat' dir='ltr'><strong>idem</strong></span> <span class='ocrx_word' id='word_1_753' title='bbox 1661 3108 1802 3147; x_wconf 89' lang='lat' dir='ltr'><strong>lemma</strong></span> <span class='ocrx_word' id='word_1_754' title='bbox 1826 3108 2039 3160; x_wconf 87' lang='lat' dir='ltr'><strong>pertinens,</strong></span> <span class='ocrx_word' id='word_1_755' title='bbox 2068 3108 2213 3159; x_wconf 89' lang='lat' dir='ltr'><strong>pariter</strong></span> <span class='ocrx_word' id='word_1_756' title='bbox 2228 3107 2359 3146; x_wconf 78' lang='lat' dir='ltr'><strong>Abde-</strong></span> 
     </span>
     <span class='ocr_line' id='line_1_106' title="bbox 1310 3165 2105 3219; baseline 0.001 -15"><span class='ocrx_word' id='word_1_757' title='bbox 1310 3165 1436 3205; x_wconf 85' lang='lat' dir='ltr'><strong>ritano</strong></span> <span class='ocrx_word' id='word_1_758' title='bbox 1456 3166 1691 3219; x_wconf 88' lang='lat' dir='ltr'><strong>philosopho</strong></span> <span class='ocrx_word' id='word_1_759' title='bbox 1712 3166 2014 3218; x_wconf 88' lang='lat' dir='ltr'><strong>abjudicandum</strong></span> <span class='ocrx_word' id='word_1_760' title='bbox 2034 3175 2105 3206; x_wconf 87' lang='lat' dir='ltr'><strong>est.</strong></span> 
     </span>
    </p>

    <p class='ocr_par' dir='ltr' id='par_1_15' title="bbox 1311 3224 2360 3513">
     <span class='ocr_line' id='line_1_107' title="bbox 1366 3224 2360 3279; baseline -0.001 -15"><span class='ocrx_word' id='word_1_761' title='bbox 1366 3239 1410 3264; x_wconf 84' lang='lat'><strong>15.</strong></span> <span class='ocrx_word' id='word_1_762' title='bbox 1443 3226 1590 3278; x_wconf 86' lang='grc' dir='ltr'>Πονηρὰ</span> <span class='ocrx_word' id='word_1_763' title='bbox 1617 3225 1718 3279; x_wconf 77' lang='grc' dir='ltr'>φύσις</span> <span class='ocrx_word' id='word_1_764' title='bbox 1743 3225 1896 3271; x_wconf 82' lang='grc' dir='ltr'>ἐξουσίας</span> <span class='ocrx_word' id='word_1_765' title='bbox 1916 3225 2154 3275; x_wconf 73' lang='grc' dir='ltr'>ἐπιλαὸομένη</span> <span class='ocrx_word' id='word_1_766' title='bbox 2188 3224 2360 3274; x_wconf 83' lang='grc' dir='ltr'>δημοσίας</span> 
     </span>
     <span class='ocr_line' id='line_1_108' title="bbox 1312 3283 2360 3338; baseline 0.002 -17"><span class='ocrx_word' id='word_1_767' title='bbox 1312 3283 1544 3336; x_wconf 82' lang='grc' dir='ltr'>ἀπεργάζεται</span> <span class='ocrx_word' id='word_1_768' title='bbox 1561 3284 1756 3338; x_wconf 75' lang='grc' dir='ltr'>συμφοράς.</span> <span class='ocrx_word' id='word_1_769' title='bbox 1784 3284 1929 3324; x_wconf 85' lang='lat' dir='ltr'><strong>Anton.</strong></span> <span class='ocrx_word' id='word_1_770' title='bbox 1951 3298 1992 3336; x_wconf 91' lang='lat' dir='ltr'><strong>p.</strong></span> <span class='ocrx_word' id='word_1_771' title='bbox 2018 3285 2117 3332; x_wconf 79' lang='lat'><strong>5203</strong></span> <span class='ocrx_word' id='word_1_772' title='bbox 2145 3298 2206 3335; x_wconf 89' lang='lat' dir='ltr'><strong>ap.</strong></span> <span class='ocrx_word' id='word_1_773' title='bbox 2236 3284 2360 3323; x_wconf 90' lang='lat' dir='ltr'><strong>Orell.</strong></span> 
     </span>
     <span class='ocr_line' id='line_1_109' title="bbox 1311 3342 2358 3393; baseline 0 -14"><span class='ocrx_word' id='word_1_774' title='bbox 1311 3355 1350 3381; x_wconf 93' lang='lat' dir='ltr'><strong>n.</strong></span> <span class='ocrx_word' id='word_1_775' title='bbox 1369 3347 1456 3392; x_wconf 75' lang='lat'><strong>149.</strong></span> <span class='ocrx_word' id='word_1_776' title='bbox 1477 3342 1557 3380; x_wconf 84' lang='lat' dir='ltr'><strong>Hoc</strong></span> <span class='ocrx_word' id='word_1_777' title='bbox 1570 3342 1824 3393; x_wconf 85' lang='lat' dir='ltr'><strong>fragmentum</strong></span> <span class='ocrx_word' id='word_1_778' title='bbox 1839 3343 2015 3382; x_wconf 83' lang='lat' dir='ltr'><strong>Stobaeus</strong></span> <span class='ocrx_word' id='word_1_779' title='bbox 2032 3343 2132 3381; x_wconf 83' lang='lat' dir='ltr'><strong>Flor.</strong></span> <span class='ocrx_word' id='word_1_780' title='bbox 2150 3342 2290 3389; x_wconf 89' lang='lat' dir='ltr'>XLIII,</span> <span class='ocrx_word' id='word_1_781' title='bbox 2311 3342 2358 3379; x_wconf 78' lang='lat'><strong>35</strong></span> 
     </span>
     <span class='ocr_line' id='line_1_110' title="bbox 1312 3400 2357 3455; baseline 0.002 -17"><span class='ocrx_word' id='word_1_782' title='bbox 1312 3400 1481 3439; x_wconf 83' lang='lat' dir='ltr'><strong>AEschini</strong></span> <span class='ocrx_word' id='word_1_783' title='bbox 1509 3401 1703 3451; x_wconf 89' lang='lat' dir='ltr'><strong>vindicat,</strong></span> <span class='ocrx_word' id='word_1_784' title='bbox 1724 3403 1826 3455; x_wconf 84' lang='lat' dir='ltr'><strong>apud</strong></span> <span class='ocrx_word' id='word_1_785' title='bbox 1843 3415 1957 3453; x_wconf 87' lang='lat' dir='ltr'><strong>quem</strong></span> <span class='ocrx_word' id='word_1_786' title='bbox 1975 3403 2116 3452; x_wconf 88' lang='lat' dir='ltr'><strong>legitur</strong></span> <span class='ocrx_word' id='word_1_787' title='bbox 2141 3404 2246 3440; x_wconf 86' lang='lat' dir='ltr'><strong>Orat.</strong></span> <span class='ocrx_word' id='word_1_788' title='bbox 2267 3400 2357 3440; x_wconf 88' lang='lat' dir='ltr'><strong>adv.</strong></span> 
     </span>
     <span class='ocr_line' id='line_1_111' title="bbox 1311 3457 2359 3513; baseline 0.002 -17"><span class='ocrx_word' id='word_1_789' title='bbox 1311 3458 1484 3511; x_wconf 85' lang='lat' dir='ltr'><strong>Ctesiph.</strong></span> <span class='ocrx_word' id='word_1_790' title='bbox 1508 3472 1595 3510; x_wconf 86' lang='lat' dir='ltr'><strong>pag.</strong></span> <span class='ocrx_word' id='word_1_791' title='bbox 1626 3467 1689 3509; x_wconf 74' lang='grc'><strong>74.</strong></span> <span class='ocrx_word' id='word_1_792' title='bbox 1719 3462 1779 3501; x_wconf 90' lang='lat' dir='ltr'><strong>ed.</strong></span> <span class='ocrx_word' id='word_1_793' title='bbox 1806 3461 1936 3513; x_wconf 89' lang='lat' dir='ltr'><strong>Steph.</strong></span> <span class='ocrx_word' id='word_1_794' title='bbox 1955 3462 2008 3512; x_wconf 87' lang='lat' dir='ltr'><strong>(p.</strong></span> <span class='ocrx_word' id='word_1_795' title='bbox 2045 3461 2115 3504; x_wconf 78' lang='lat'><strong>431</strong></span> <span class='ocrx_word' id='word_1_796' title='bbox 2144 3459 2204 3499; x_wconf 89' lang='lat' dir='ltr'><strong>ed.</strong></span> <span class='ocrx_word' id='word_1_797' title='bbox 2228 3457 2359 3510; x_wconf 84' lang='lat' dir='ltr'><strong>Bekk.)</strong></span> 
     </span>
    </p>
   </div>
  </div>
 </body>
</html>
