2612 3814
348 488 383 513 30

351 893 386 920 35

350 1295 386 1322 ⁴0

347 1754 387 1780 45

345 2048 383 2073 ὅθ

348 2343 384 2369 55

351 2877 388 2903 ⁶0

352 3334 388 3359 ⁶⁵

1096 213 1522 254 ΕΜΠΕΔΟΚΑΕΟΥΣ
1553 214 1677 254 ΕΠΗ.

417 305 613 358 Ἠλύθομεν
636 303 707 344 τόδ’
728 304 789 343 ὑπ’
811 302 935 358 ἄντρον
956 301 1162 355 ὑπόστεγον.

581 403 595 424 ῃ
868 399 886 417 α

420 467 469 513 ’Ὦ
487 473 615 519 πόποι,
637 463 666 510 ὦ
683 470 793 510 δειλὸν
815 471 947 517 θνητῶν
965 468 1073 520 γένος,
1089 459 1118 506 ὦ
1137 466 1360 516 δυσάνολὸον,

418 532 497 572 οἵων
514 531 548 578 ἐξ
569 531 689 584 ἐρίδων
710 530 750 570 ἔκ
769 545 806 569 τε
824 530 1003 581 στοναχῶν
1026 527 1194 579 ἐγένεσθε.

577 632 593 648 ἡ
866 629 883 646 C
1153 627 1170 642 fl

421 701 577 755 Αἷθέριον
599 700 662 752 μὲν
682 699 748 752 γάρ
769 714 834 773 σίε
851 697 950 749 μένος
969 695 1135 737 πόντονδε
1157 694 1301 744 διώκει,

419 760 541 804 πόντος
560 761 590 798 δ’
598 761 632 802 ἐς
644 759 765 812 χθονὸς
779 758 881 801 ουδας
902 755 1096 802 ἀπέπτυσε,
1107 760 1191 807 γαῖα
1211 754 1240 793 δ’
1250 755 1284 798 ἐς
1299 755 1361 792 αὖ·

419 818 537 868 ἠελίου
552 818 762 869 ἀκάμαντος,
776 819 794 855 ὁ
808 817 836 854 δ’
850 814 983 868 αἰθέρος
997 812 1135 865 ἔμὸαλε
1144 813 1268 857 δίναις·
1280 811 1361 865 [γὰς

425 879 527 923 ἄλλος
544 879 573 917 δ’
592 877 627 922 ἐξ
642 877 749 916 ἄλλου
768 875 920 928 δέχεται,
937 873 1119 926 στυγέουσι
1132 873 1166 911 δὲ
1187 872 1323 917 πάντες.

575 975 592 991 t
868 971 883 985 ί*
1153 971 1171 987 ί·

418 1042 611 1085 Στεινωποὶ
628 1041 690 1093 μὲν
703 1041 770 1095 γὰρ
785 1042 951 1092 παλάμαι
971 1039 1064 1080 κατὰ
1080 1046 1160 1093 γυῖα
1178 1040 1358 1093 κέχυνται,

419 1102 532 1143 πολλὰ
547 1102 582 1142 δὲ
592 1101 672 1142 δείν’
689 1101 925 1154 ἔμπαια,τάτ’
941 1099 1159 1152 ἀμὸλύνουσι
1171 1099 1357 1153 μερίμνας,

422 1166 554 1215 παῦρον
569 1162 604 1201 δὲ
625 1164 714 1208 ζωῆς
734 1161 834 1201 ἀ6ίου
853 1160 954 1215 μέρος
969 1159 1182 1214 ἀθρήσαντες

422 1221 618 1274 ὠκύμοροι,
637 1225 785 1260 καπνοῖο
808 1219 908 1267 δίκην
929 1219 1087 1272 ἀρθέντες
1102 1217 1278 1267 ἀπέπταν,

424 1280 506 1320 αὐτὸ
521 1279 623 1332 μόνον
644 1278 857 1327 πεισθέντες,
869 1277 937 1330 ὅτῳ
948 1277 1182 1331 προσέκυρσεν
1201 1278 1360 1328 ἕκαστος,

422 1339 566 1379 πάντοσ’
585 1338 818 1390 ἐλαυνόμενοι·
829 1338 904 1378 τὸδ’
919 1337 998 1377 ὅλον
1012 1343 1080 1383 πᾶς
1093 1337 1233 1391 εὔχεται
1250 1339 1360 1392 εὑρεῖν

1193 1391 1361 1444 [κουστά,

420 1451 551 1495 αὔτως·
582 1450 655 1490 οὔτ’
678 1449 865 1504 ἐπιδερκτὰ
891 1449 968 1489 τάδ’
992 1450 1156 1504 ἀνδράσιν
1178 1450 1249 1489 οὔτ’
1273 1452 1361 1489 ε’πα·

420 1511 496 1551 οὔτε
517 1511 583 1565 νόῳ
600 1510 814 1565 περιληπτά.
831 1509 882 1550 Σὺ
898 1510 928 1548 δ’
937 1503 1008 1557 οὖν,
1021 1509 1096 1548 ἐπεὶ
1110 1504 1356 1560 ὧδ’ἐλιάσθης,

421 1570 566 1610 πεύσεαι
584 1571 621 1608 οὐ
640 1569 745 1608 πλέον
760 1569 800 1617 ἠὲ
826 1569 964 1622 βροτείη
986 1571 1090 1619 μῆτις
1109 1572 1246 1622 ὁρᾶται.

579 1668 596 1685 ί
873 1670 888 1686 t
1158 1669 1174 1683 ¹

424 1737 527 1778 Ἀλλὰ
545 1738 613 1778 θεοὶ
631 1740 698 1776 τῶν
720 1737 782 1789 μὲν
799 1738 925 1790 μανίην
941 1739 1161 1792 ἀποτρέψατε
1179 1739 1361 1791 γλώσσης,

423 1799 461 1837 ἐκ
478 1799 505 1836 δ’
521 1797 623 1837 ὁσίων
633 1797 817 1848 στομάτων
829 1798 985 1849 καθαρὴν
1000 1796 1209 1851 ὀχετεύσατε
1224 1799 1359 1852 πηγήν.

424 1857 496 1896 Καί
516 1872 569 1906 σε,
588 1856 818 1916 πολυμνήστη
839 1856 1030 1896 λευκώλενε
1049 1857 1200 1910 παρθένε
1220 1860 1361 1909 Μοῦσα,

422 1914 594 1967 ἄντομαι,
611 1917 659 1954 ὡν
680 1914 891 1965 θέμις.ἐστὶν
913 1915 1153 1970 ἐφημερίοισιν
1173 1917 1334 1967 ἀκούειν,

419 1973 538 2025 πέμπε
565 1976 648 2028 παρ’
668 1974 842 2023 Εὗσεὸίης
854 1975 992 2015 ἐλάουσ’
1010 1975 1146 2023 εὐήνιον
1167 1975 1279 2030 ἅρμα.

420 2032 508 2086 μηδὲ
529 2033 574 2085 μέ
591 2036 626 2086 γ’
646 2033 799 2079 εὖδόξοιο
816 2034 978 2087 βιήσεται
999 2034 1104 2074 ἄνθεα
1124 2039 1229 2087 τιμῆς

420 2093 504 2145 πρὸς
514 2094 649 2140 θνητῶν
665 2093 863 2142 ἀνελέσθαι,
877 2094 928 2148 ἐφ’
941 2088 1002 2147 ᾧθ’
1010 2095 1107 2142 ὁσίης
1120 2094 1225 2134 πλέον
1240 2097 1361 2137 εἰπεῖν.

419 2152 554 2205 Θάρσει
567 2151 627 2190 καὶ
647 2151 724 2191 τότε
738 2153 779 2201 δὴ
797 2152 919 2207 σοφίης
933 2154 990 2191 ἐπ’
1010 2153 1146 2207 ἄκροισι
1167 2153 1280 2200 θόαζε.

421 2210 512 2250 Ἀλλ’
525 2211 580 2263 ἄγ’
602 2211 699 2264 ἄθρει
715 2211 813 2266 πάσῃ
828 2212 995 2266 παλάμῃ,
1009 2216 1059 2268 πῇ
1078 2214 1182 2262 δῆλον
1198 2212 1360 2264 ἕκαστον,

421 2270 511 2321 μηδέ
524 2271 588 2310 τιν’
599 2270 677 2325 ὄψιν
697 2269 789 2324 ἔχων
806 2275 931 2311 πιστοῦ
948 2273 1055 2311 πλέον
1079 2271 1102 2320 ἢ
1123 2273 1214 2312 κατὰ
1234 2273 1362 2328 κούρας

419 2329 440 2378 ἢ
457 2329 565 2378 ἀκοὴν
587 2331 768 2383 ε’ρίδουπον
786 2329 874 2383 ὑπὲρ
893 2331 1109 2385 τρανώματα
1131 2333 1307 2383 γλώσσης,

421 2388 509 2439 μηδέ
527 2391 644 2427 τιτῶν
666 2388 803 2436 ἄλλων,
825 2388 922 2438 ὅππη
943 2389 1050 2442 πόρος
1069 2391 1143 2431 ἐστὶ
1163 2393 1308 2438 νοῆσαι·

421 2448 524 2499 γυίων
545 2447 661 2488 πίστιν
675 2448 794 2501 ἔρυκε,
809 2449 879 2487 νόει
898 2450 928 2488 δ’
945 2445 970 2502 ἦ
990 2451 1094 2498 δῆλον
1112 2450 1276 2490 ἕκαστον.

582 2554 599 2570 ³*
866 2555 882 2571 ff
1154 2556 1171 2571 Ι

427 2623 626 2675 Παυσανία,
641 2623 681 2662 σὺ
698 2623 734 2663 δὲ
752 2625 866 2674 κλῦθι,
885 2621 1064 2681 δαΐφρονος
1081 2627 1245 2681 Ἀγχίτου
1263 2629 1331 2670 uie'!

583 2733 599 2750 ἡ
867 2734 883 2752 4
1158 2737 1175 2753 t

426 2803 593 2857 Τέσσαρα
616 2806 685 2843 τῶν
704 2804 844 2843 πάντων
868 2804 1048 2859 ῥιζώματα
1068 2810 1207 2860 πρῶτον
1235 2809 1360 2859 ἄκουε,

423 2867 494 2917 πῦρ
513 2863 572 2903 καὶ
585 2863 676 2916 ὕδωρ
688 2863 747 2902 καὶ
763 2869 867 2915 γαῖαν
888 2865 1071 2919 ἷδάἷθέρος
1092 2868 1240 2908 ἄπλετον
1257 2868 1354 2924 ὕψος·

427 2923 466 2961 ἐκ
485 2921 553 2976 γὰρ
568 2924 636 2961 τῶν
654 2922 719 2962 ὅσα
735 2923 765 2962 τ’
779 2917 821 2971 ἧν
834 2923 899 2962 ὅσα
917 2925 946 2962 τ’
961 2923 1098 2964 ἔσσεται
1113 2925 1200 2966 ὅσσα
1212 2927 1241 2966 τ’
1251 2928 1361 2969 ἔασιν.

419 3035 483 3074 ΕΚ
513 3035 614 3074 ΤΟΥ
642 3035 848 3075 ΠΡΩΤΟΥ
874 3037 976 3077 ΤΩΝ
1006 3038 1254 3082 ΦΥΣΙΚΩΝ.

425 3144 529 3184 Δίπλ’
543 3145 646 3197 ἐρέω·
667 3143 743 3185 τοτὲ
761 3145 824 3197 μὲν
838 3145 907 3201 γὰρ
921 3146 957 3186 ἓν
972 3147 1103 3198 ηὐξήθη
1122 3149 1224 3201 μόνον
1241 3146 1329 3192 εἶναι

427 3205 467 3241 ἐκ
478 3203 650 3253 πλεόνων,
666 3204 743 3243 τοτὲ
759 3204 790 3243 δ’
811 3199 854 3244 αἰῖ
869 3206 966 3259 διέφυ
983 3208 1099 3248 πλέον’
1118 3208 1151 3254 ἐξ
1169 3210 1240 3255 ἑνὸς
1258 3205 1360 3254 εἶναι.

425 3262 510 3310 Aoni,
528 3261 563 3301 δὲ
580 3266 711 3311 θνητῶν
730 3263 876 3315 γένεσις,
895 3264 970 3312 δοιὴ
987 3267 1017 3305 δ’
1036 3268 1229 3322 ἀπόλειψις·

427 3319 488 3367 τὴν
504 3319 568 3372 μὲν
588 3321 655 3374 γὰρ
681 3322 822 3363 πάντων
839 3323 978 3371 σύνοδος
991 3325 1102 3366 τίκτει
1129 3327 1160 3366 τ’
1174 3327 1287 3367 ὀλέκει
1306 3344 1362 3379 τε,

426 3381 448 3426 ἡ
469 3378 506 3418 δὲ
532 3380 638 3418 πάλιν
657 3381 898 3434 διαφυομένων
921 3385 1105 3439 θρεφθεῗσα
1136 3385 1282 3434 διέπτη·

426 3438 485 3477 καὶ
505 3439 601 3478 ταῦτ’
613 3440 834 3480 ἀλλάσσοντα
850 3443 1037 3497 διαμπερὲς
1058 3444 1195 3497 οὐδαμὰ
1214 3446 1332 3497 λήγει,

1423 302 1634 337 Pervenimus
1648 301 1679 334 in
1698 301 1759 334 hoc
1772 304 1902 336 antrum
1917 302 2105 339 obscurum.

1651 399 1670 417 a
1942 399 1962 418 t
2235 398 2250 419 Δ

1425 472 1485 502 Pro
1507 469 1570 503 diil
1592 478 1611 502 o
1628 469 1783 502 miserum
1805 469 1941 503 mortale
1959 479 2081 512 genus,
2098 479 2118 503 o
2134 470 2394 506 infortunatum!

1421 530 1553 572 quantis
1574 539 1591 563 e
1606 530 1717 563 litibus
1739 531 1773 563 et
1792 531 1941 572 suspiriis
1961 531 2023 564 orti
2046 531 2136 565 estis.

1650 625 1669 643 t
1942 626 1960 645 ί
2232 626 2251 644 ἡ

1422 699 1570 738 Namque
1585 705 1640 729 eos
1658 695 1799 729 aetlierea
1817 695 1865 729 vis
1881 696 1912 729 in
1931 705 2019 730 mare
2035 697 2204 739 propellit,

1423 765 1512 789 mare
1526 756 1558 789 in
1575 758 1668 788 terrae
1687 755 1794 788 solum
1814 756 1963 798 exspuit,
1985 757 2071 789 terra
2094 756 2126 789 in
2145 756 2293 790 flammas

1422 816 1499 848 solis
1518 815 1688 857 indefessi,
1702 814 1753 848 hic
1768 814 1900 848 aetheris
1910 814 2012 855 injicit
2033 814 2210 848 vorticibus
2217 826 2229 857 ς

1422 876 1506 908 alius
1524 885 1564 908 ex
1592 875 1655 908 alio
1675 874 1815 917 excipit,
1836 875 1969 908 horrent
1989 883 2065 908 vero
2080 883 2206 908 omnes,

1651 971 1669 990 ί
1941 971 1959 989 ἡ
2232 969 2251 988 ἡ

1424 1052 1563 1090 Angusta
1579 1049 1664 1082 enim
1682 1048 1878 1091 intelligendi
1895 1048 2029 1082 facultas
2047 1057 2102 1091 per
2119 1048 2209 1081 artus
2234 1047 2305 1081 fusa
2327 1048 2396 1090 est,
2439 1047 2442 1050 ’

1425 1109 1594 1151 multaque
1607 1109 1760 1151 ingruunt
1780 1108 1888 1150 mala,
1907 1107 2023 1142 mentis
2053 1107 2238 1141 nebetanria
2260 1116 2373 1140 curam
2386 1131 2396 1148 ,

1424 1168 1523 1202 breve
1537 1170 1648 1202 autem
1662 1169 1738 1202 vitae
1752 1177 1818 1201 non
1832 1168 1939 1201 vitalis
1949 1167 2088 1210 spatium
2104 1167 2226 1200 emensi
2239 1166 2484 1209 conspicatique

1423 1227 1487 1261 cita
1504 1228 1610 1260 morte
1632 1226 1711 1260 sumi
1732 1226 1830 1260 instar
1844 1225 1987 1259 absumli
2006 1225 2157 1266 avolant,

1421 1287 1454 1321 id
1462 1289 1586 1321 tantum
1598 1289 1801 1329 perspectum
1813 1286 1968 1320 habentes
1978 1311 1988 1327 ‚
1999 1285 2086 1328 quod
2099 1285 2217 1327 cuique
2227 1283 2356 1327 assequi
2371 1283 2481 1326 licuit,

1422 1354 1674 1390 quoquoversus
1688 1345 1799 1387 agitati
1813 1358 1822 1387 ;
1836 1346 2024 1379 universum
2041 1353 2118 1378 vero
2139 1345 2248 1378 mente
2267 1351 2303 1377 se
2333 1352 2484 1385 compre·

2311 1395 2485 1441 [hendisse

1423 1459 1539 1493 frustra
1547 1468 1659 1492 omnes
1667 1459 1861 1500 gloriantur:
1872 1466 1932 1491 nec
1942 1457 2012 1490 visu
2020 1456 2099 1490 illud
2107 1456 2292 1491 hominibus
2298 1463 2360 1489 nec
2367 1455 2484 1488 auditu

1424 1528 1483 1552 nec
1495 1519 1659 1552 intellectu
1673 1518 1925 1560 percipiendum.
1938 1519 1987 1551 Tu
2002 1527 2078 1551 vero
2089 1516 2220 1559 quando
2230 1516 2296 1550 huc
2305 1515 2482 1555 secessisti,

1425 1588 1488 1612 non
1505 1579 1577 1621 plus
1600 1586 1796 1619 cognosces,
1812 1585 1910 1619 quam
1928 1578 2087 1618 quantum
2105 1565 2250 1608 humana
2272 1572 2484 1614 intelligentia

2361 1631 2482 1676 [videt.

1654 1680 1672 1697 t
1947 1677 1962 1696 ί
2235 1674 2255 1693 ἡ

1423 1755 1485 1788 Sed
1506 1754 1555 1787 Dii
1583 1755 1719 1787 istorum
1741 1752 1883 1785 furorem
1903 1760 1922 1784 a
1940 1750 2048 1793 lingua
2067 1749 2204 1783 avertite
2223 1757 2296 1782 mea

1425 1817 1603 1858 sanctoque
1623 1824 1664 1848 ex
1677 1823 1732 1847 ore
1751 1822 1869 1856 purum
1889 1812 2016 1846 educite
2035 1811 2168 1845 flumen.

1425 1879 1538 1918 Teque
1548 1900 1558 1918 ,
1573 1878 1664 1909 Musa
1684 1882 1822 1915 memor,
1837 1872 1984 1906 candidis
2000 1872 2086 1905 ulnis
2097 1871 2213 1904 ornata
2234 1870 2342 1912 virgo,

1425 1944 1549 1977 precor,
1564 1934 1714 1978 (dicturo
1738 1934 1836 1978 milii)
1848 1935 2009 1976 quantum
2025 1931 2217 1966 mortalibus
2233 1929 2348 1964 audire
2365 1929 2414 1963 fas
2426 1929 2482 1971 sit,

1424 2005 1443 2028 a
1466 1995 1592 2028 Pietate
1611 1994 1754 2038 profecta
1771 1994 1888 2036 agilem
1909 1993 2002 2026 mitte
2021 2000 2166 2025 currum.

1424 2058 1536 2098 Neque
1549 2064 1601 2089 me
1621 2054 1765 2097 impellet
1785 2053 1948 2095 cupiditas
1965 2051 2074 2086 eximii
2092 2041 2337 2084 flores'honoris

1424 2125 1442 2149 a
1458 2115 1651 2148 mortalibus
1665 2113 1869 2156 reportandi,
1887 2114 1925 2145 ut
1945 2112 2038 2154 plura
2055 2120 2154 2154 quam
2178 2111 2224 2145 sas
2244 2111 2288 2144 sit
2303 2110 2482 2144 enuntiem.

1423 2174 1515 2208 Aude
1536 2177 1568 2208 et
1587 2174 1634 2207 sic
1650 2175 1681 2206 in
1702 2173 1867 2215 sapientiae
1886 2172 2047 2214 fastigium
2067 2170 2211 2205 evadito.

1423 2235 1485 2268 Sed
1499 2243 1558 2276 age
1567 2259 1576 2274 ,
1585 2237 1742 2276 quantum
1757 2234 1848 2275 potes
1861 2241 1968 2272 cerne,
1978 2240 2042 2274 qua
2054 2230 2199 2273 quidque
2212 2229 2420 2263 manifestum
2427 2229 2482 2270 sit,

1423 2302 1506 2327 neve
1520 2292 1598 2325 visis
1612 2292 1711 2333 magis
1730 2290 1825 2324 crede
1842 2299 1940 2332 quam
1960 2292 2119 2332 quantum
2135 2288 2265 2330 pupillae
2277 2287 2418 2329 docent,

1423 2362 1504 2387 neve
1511 2352 1635 2385 auditui
1644 2352 1763 2384 obtuso
1771 2350 1870 2391 magis
1877 2358 1975 2392 quam
1986 2353 2144 2391 quantum
2155 2351 2186 2382 te
2193 2348 2278 2393 clara
2287 2347 2405 2390 linguae
2413 2356 2484 2390 pro·

1424 2421 1506 2446 neve
1523 2412 1579 2445 ulli
1591 2411 1789 2453 reliquarum
1803 2408 2015 2451 cognoscendi
2030 2408 2155 2440 viarum
2166 2419 2173 2439 :
2185 2406 2362 2450 [nuntiatio
2370 2405 2481 2447 docet,

1424 2480 1577 2506 sensuum
1593 2471 1688 2504 tidem
1705 2470 1849 2510 declina,
1871 2471 1984 2510 reputa
2004 2476 2081 2500 vero
2097 2466 2194 2509 quale
2211 2465 2356 2508 quidque
2371 2473 2430 2507 per
2447 2473 2485 2497 se

2299 2523 2481 2569 [appareat
2540 2519 2544 2523 ’

1651 2571 1671 2590 <k
1941 2569 1960 2587 ’ἡ
2231 2567 2251 2585 ⁴*

1426 2638 1583 2672 Pausania
1597 2662 1606 2679 ,
1624 2638 1660 2670 lu
1677 2637 1748 2669 liaec
1770 2635 1866 2676 audi,
1881 2633 2036 2676 sapientis
2055 2631 2184 2667 Anchili
2201 2632 2257 2664 lili.

1653 2740 1671 2757 ’ἡ
1945 2737 1964 2754 ἑ
2158 2747 2162 2750 »
2235 2733 2253 2751 i

1427 2815 1594 2854 Quattuor
1611 2819 1721 2844 rerum
1744 2809 1889 2842 omnium
1911 2807 2034 2840 radices
2050 2805 2193 2848 primum
2209 2804 2284 2837 audi
2304 2814 2313 2837 ι

1426 2871 1534 2912 ignem
1546 2872 1579 2902 et
1592 2876 1713 2909 aquam
1734 2868 1918 2906 terramque
1934 2865 1966 2897 et
1981 2863 2113 2896 aetheris
2135 2862 2386 2895 immensitatem
2407 2871 2416 2894 ε

1424 2940 1465 2963 ex
1475 2929 1526 2963 his
1535 2928 1621 2962 enim
1635 2928 1706 2960 orta
1717 2932 1920 2968 quaecunque
1936 2923 2066 2957 fuerunt
2074 2924 2236 2963 eruntque
2247 2923 2280 2955 et
2296 2929 2384 2959 nunc
2393 2923 2480 2955 sunt.

1715 3043 1738 3075 E
1757 3041 1888 3074 PRIMO
1906 3039 2195 3073 PHYSICORUM.

1426 3155 1551 3197 Duplex
1568 3154 1769 3198 praeceptum
1787 3153 1871 3186 dabo
1886 3162 1894 3185 ι
1913 3151 2010 3185 modo
2029 3152 2113 3185 enim
2129 3160 2231 3184 unum
2246 3152 2361 3183 crescit
2373 3150 2480 3184 solum

1423 3226 1441 3250 e
1461 3216 1608 3259 pluribus
1620 3240 1630 3257 ,
1645 3214 1742 3248 modo
1759 3223 1871 3247 rursus
1885 3214 1977 3256 plura
1993 3222 2036 3246 ex
2051 3222 2116 3245 uno
2135 3213 2259 3246 secreta
2275 3210 2438 3245 oriuntur.

1425 3276 1548 3318 Duplex
1561 3277 1610 3308 est
1631 3274 1818 3307 mortalium
1837 3274 1928 3306 ortus
1940 3297 1950 3314 ,
1967 3273 2085 3314 duplex
2104 3272 2181 3305 item
2198 3271 2346 3305 interitus
2365 3281 2375 3304 ε

1424 3335 1515 3368 illum
1535 3336 1621 3368 enim
1638 3337 1742 3368 coitus
1753 3334 1900 3367 omnium
1916 3334 2016 3375 gignit
2032 3337 2062 3366 el
2082 3334 2206 3374 perdit,

1425 3395 1476 3427 liic
1495 3403 1607 3427 rursus
1625 3395 1739 3428 auctus
1756 3393 1902 3426 diremlis
1925 3393 2037 3425 iisdem
2058 3393 2222 3435 rumpitur
2243 3400 2282 3425 ac
2299 3391 2417 3425 dissilit
2424 3400 2436 3432 ς

1426 3456 1522 3496 alque
1539 3454 1608 3487 haec
1626 3455 1780 3496 perpetuo
1797 3453 1913 3486 variari
1933 3462 2137 3495 nequaquam
2158 3452 2331 3492 desinunt,
