2612 3814
306 334 385 368 454

302 414 543 468 φαυλοτέρως
558 416 627 454 τῶν
658 416 838 467 ἐνεργειῶν
870 415 906 453 αἱ
940 413 1077 468 χείρους
1114 416 1183 452 τῶν
1222 415 1352 460 ἡδονῶν

302 474 462 522 ἕπονται,
501 479 578 519 ταῖς
621 473 657 513 δὲ
695 474 872 526 ἀμείνοσιν
916 473 1037 521 ἡδοναὶ
1071 473 1354 527 συνεισέρχονται

302 535 507 572 σπουδαῖαι·
523 532 614 572 ὥστε
627 532 675 584 μὴ
695 533 789 586 μόνῳ
802 535 852 586 τῷ
866 535 964 585 καλῷ
982 535 1151 585 περιεῖναι
1165 532 1222 570 τὸν
1240 547 1355 570 σπου-

303 594 398 632 δαῖον
419 596 480 632 τοῦ
501 593 655 647 φαύλου,
677 591 768 631 ἀλλὰ
788 592 848 631 καὶ
870 593 956 644 αὐτῇ
978 595 1022 644 τῇ
1042 593 1149 644 ἡδονῇ
1166 597 1286 641 νικᾶν,
1308 591 1351 628 δι’

302 653 345 701 ἣν
366 653 474 704 μόνην
496 653 591 690 δοκεῖ
619 653 666 695 εἷς
684 651 812 691 κακίαν
831 653 849 689 6
869 652 998 703 φαῦλος
1015 651 1223 702 ὑπάγεσθαι.
1282 649 1354 689 Καὶ

303 711 371 785 γὰρ
390 712 498 765 ὅσῳ*
482 728 503 759 η
529 711 678 754 διάθεσις
700 713 761 757 τῆς
791 710 978 754 διαθέσεως
999 710 1170 761 ἀμείνων,
1198 708 1354 783 τοσούτῳ

303 787 363 810 και
398 774 420 819 ἡ
449 771 556 818 ἡδονὴ
578 773 639 817 τῆς
670 771 796 816 ἡδονῆς
828 768 993 822 αἱρετωτέ
978 785 1055 822 -ρα.
1115 768 1219 808 Ἐπεὶ
1246 761 1304 807 ουν
1336 748 1354 806 6

303 830 381 868 κατ’
403 830 527 882 ἀρετὴν
546 829 663 882 βίος,
684 831 747 875 τῆς
769 827 860 871 θείας
878 828 1077 880 ὁμοιώσεως
1103 830 1352 880 ἀντεχόμενος,

303 890 354 941 τῷ
379 888 453 927 ὄντι
475 888 562 932 θεῖός
597 888 711 934 ἐστιν,
745 889 763 925 6
795 886 830 925 δὲ
866 888 900 924 ἐν
930 886 1063 939 κακία,
1097 886 1267 938 θηριώδης
1295 886 1354 926 καὶ

305 947 401 991 ἄθεος
414 963 421 971 ·
441 948 543 994 δῆλον
561 949 607 990 ὡς
628 949 649 993 ἡ
672 945 735 995 μὲν
760 948 820 984 τοῦ
839 945 1027 983 σπουδαίου
1056 945 1163 993 ἡδονὴ
1180 946 1243 992 τὴν
1261 943 1354 983 θείαν

305 1006 515 1060 εὐφροσύνην
541 1007 702 1056 μιμεῖται
723 1006 773 1058 νῷ
802 1003 862 1043 καὶ
896 1007 962 1057 θεῷ
998 1004 1238 1055 συνεπομένη,
1264 1008 1286 1052 ἡ
1319 1002 1355 1042 δὲ

304 1068 363 1103 τοῦ
393 1063 525 1118 φαυλου
558 1062 664 1111 ἡδονὴ
692 1062 864 1114 λεγομένη
888 1062 1064 1116 (δεδόσθω
1084 1062 1151 1117 γὰρ
1182 1062 1296 1102 κοινὸν
1316 1077 1356 1101 το

303 1124 412 1175 ὄνομα
430 1126 439 1175 )
457 1123 542 1175 πρὸς
573 1122 636 1171 τὴν
670 1122 823 1174 θηριώδη
855 1139 915 1161 και
942 1123 1144 1173 ἔμπληκτον
1175 1125 1356 1182 ὁμοιοῦται

303 1182 452 1230 κίνησιν.
510 1181 656 1221 Ηδοναι
683 1181 751 1234 γὰρ
783 1181 843 1220 καὶ
862 1182 970 1220 λῦπαι
1001 1184 1224 1232 μεθιστᾶσιν·
1259 1183 1306 1219 ὡν
1336 1183 1354 1219 6

303 1241 366 1293 μὲν
390 1241 596 1294 ἀρυόμενος,
618 1240 695 1279 ὅθεν
726 1256 764 1279 τε
785 1242 858 1290 δεῖ,
878 1257 938 1279 και
959 1239 1088 1287 ὁπότε,
1118 1240 1177 1279 καὶ
1196 1239 1348 1286 ὁπόσον,

303 1302 518 1351 εὐδαιμονεῖ·
542 1303 559 1339 6
581 1299 618 1340 δὲ
645 1299 689 1339 τὰ
708 1300 819 1353 μέτρα
849 1300 979 1339 τούτων
1002 1298 1196 1352 ἀγνοήσας,
1221 1299 1351 1343 ἄθλιος.

305 1359 429 1403 Οὕτως
446 1353 503 1399 οῦν
523 1362 541 1398 6
562 1358 625 1410 μὲν
642 1358 786 1406 οἰήσεως
800 1358 1004 1411 καθαρεύων
1024 1357 1095 1411 βίος
1112 1357 1354 1411 ἀναμάρτητός

303 1419 377 1457 ἐστι
398 1417 499 1470 μόνος
513 1434 520 1443 ·
542 1421 561 1457 6
580 1417 616 1457 δὲ
636 1417 695 1458 καὶ
716 1417 912 1469 ἐπιστήμης
927 1418 1145 1471 πληρωθείς,
1166 1420 1354 1470 κατωρθω·

303 1476 404 1528 μένος
431 1477 491 1517 καὶ
511 1477 662 1522 τέλειος·
685 1480 703 1516 6
724 1477 753 1516 δ’
773 1478 877 1522 αὐτὸς
897 1477 1084 1525 ἥδιστός
1105 1492 1151 1515 τε
1173 1477 1266 1529 ἅμα
1295 1475 1355 1515 καὶ

303 1536 457 1588 ἄριστος.
517 1538 654 1576 Οὐκοῦν
675 1536 697 1575 ἃ
715 1536 777 1587 μὲν
798 1534 855 1587 μὴ
870 1535 998 1587 ἴσμεν
1018 1535 1241 1575 οὐδέποτε
1255 1535 1356 1588 πρά-

303 1595 383 1646 ξομ
397 1611 458 1634 εν·
479 1594 502 1633 ἃ
519 1596 554 1634 δὲ
571 1594 672 1646 ἴσμεν
685 1626 695 1644 ,
715 1595 771 1635 ὅτε
791 1596 854 1634 δεῖ.
913 1594 958 1635 ‘H
981 1594 1043 1646 μὲν
1064 1595 1131 1647 γὰρ
1151 1595 1274 1646 ἄγνοια
1291 1594 1355 1642 τὴν

305 1654 432 1693 κακίαν
452 1656 664 1706 εἰσηγεῖται,
684 1657 707 1702 ἡ
740 1653 775 1693 δὲ
795 1657 920 1705 γνῶσις
944 1653 1007 1701 τὴν
1033 1653 1212 1705 εὐκαιρίαν
1244 1655 1355 1700 ζητεῖ.

307 1713 428 1753 Πολλὰ
452 1712 519 1765 γὰρ
553 1712 635 1751 ὄντα
661 1713 833 1752 σπουδαῖα
859 1716 903 1765 τῇ
933 1714 1116 1763 μεταθέσει
1141 1717 1201 1752 τοῦ
1232 1717 1355 1765 καιροῦ

301 1771 434 1823 γίνεται
454 1772 585 1826 φαῦλα.
643 1771 708 1812 Ἐν
727 1771 821 1817 τάξει
836 1765 895 1811 οῧν
913 1771 1116 1824 ἀκούσωμεν
1138 1776 1197 1811 τοῦ
1218 1787 1356 1825 παραγ-

303 1830 500 1883 γέλματος,
525 1832 565 1870 ἐκ
586 1829 648 1882 μὲν
676 1834 740 1879 τῆς
763 1832 895 1885 ἐποχῆς
922 1835 989 1871 τῶν
1011 1831 1171 1884 πράξεων
1202 1831 1241 1871 τὸ
1263 1834 1357 1870 ἀνα-

304 1967 429 1997 ratum
450 1967 523 2005 est,
544 1967 588 1996 ut
608 1961 731 1996 omnis
748 1961 923 2010 voluptas
946 1960 1104 2009 alicujus
1133 1962 1293 1998 actionis
1311 1963 1358 1998 sit

305 2019 510 2069 appendix.
535 2019 623 2057 Non
656 2019 756 2056 enim
782 2020 847 2056 illa
873 2032 944 2069 per
970 2032 1009 2056 se
1037 2027 1174 2066 exstat,
1196 2021 1262 2057 sed
1290 2033 1360 2057 nos

304 2078 384 2114 haec
400 2078 461 2114 vel
480 2078 542 2113 illa
563 2085 715 2127 agentes
734 2079 949 2117 comitatur.
970 2078 1083 2116 Unde
1101 2078 1144 2115 fit
1170 2086 1212 2116 ut
1239 2081 1357 2116 actio-

305 2148 371 2172 nes
389 2135 537 2185 pejores
554 2137 833 2186 subsequantur
854 2138 1067 2187 voluptates
1084 2138 1258 2184 viliores,
1280 2151 1358 2175 me-

305 2195 442 2231 liorum
465 2202 590 2232 autem
610 2197 766 2233 comites
787 2197 860 2233 sint
880 2197 1094 2246 voluptates
1113 2197 1243 2244 bonae,
1262 2197 1358 2234 adeo

306 2261 347 2290 ut
366 2254 425 2290 vir
441 2253 566 2290 bonus
582 2267 660 2290 non
679 2255 803 2292 solum
818 2255 1014 2292 honestate
1030 2256 1172 2292 malum
1193 2265 1358 2305 superet,

305 2313 372 2350 sed
390 2313 472 2362 ipsa
492 2314 606 2349 etiam
626 2315 822 2363 voluptate
841 2315 967 2350 vincat
981 2343 990 2361 ,
1014 2315 1064 2350 ob
1097 2327 1210 2363 quam
1241 2316 1360 2352 solam

305 2373 425 2409 malus
446 2372 494 2408 ad
514 2373 648 2409 vitium
667 2374 796 2423 pellici
813 2374 979 2412 videtur.
999 2375 1150 2422 Quanto
1171 2375 1272 2410 enim
1305 2374 1361 2410 af·-

306 2431 420 2467 fectio
441 2431 642 2468 affectione
659 2433 906 2469 excellentior
925 2440 979 2470 est
993 2461 1001 2481 ‚
1015 2440 1121 2469 tanto
1138 2440 1174 2469 et
1187 2434 1363 2482 voluptas

308 2491 494 2539 voluptati
526 2491 775 2540 praeferenda.
799 2492 1120 2541 Quandoquidem
1150 2485 1266 2542 igitur
1285 2494 1363 2529 vita

310 2562 397 2586 cum
416 2551 555 2587 virtute
574 2558 656 2589 acta
670 2578 680 2597 ‚
701 2550 751 2588 ad
771 2551 939 2588 divinam
958 2552 1242 2589 similitudinem
1261 2554 1362 2602 aspi-

309 2620 415 2658 rans,
439 2621 574 2645 revera
598 2617 651 2646 est
673 2609 799 2647 divina
814 2639 825 2659 ,
843 2612 941 2647 vitiis
971 2619 1097 2647 autem
1129 2611 1258 2648 dedita
1281 2611 1362 2648 bel-

311 2664 546 2715 luina'atque
563 2679 585 2703 a
598 2670 680 2704 Deo
698 2669 821 2705 aliena
842 2682 850 2705 z
870 2670 1109 2707 manifestum
1127 2678 1181 2707 est
1201 2672 1364 2708 hominis

311 2726 450 2761 virtute
462 2726 614 2774 praediti
624 2727 872 2776 voluptatem,
888 2742 971 2777 quae
987 2736 1149 2766 mentem
1165 2732 1364 2779 Deumque

309 2791 502 2835 sequatur,
525 2784 688 2821 divinam
718 2786 884 2823 laetitiam
904 2788 1062 2835 imitari;
1081 2789 1207 2825 vitiosi
1238 2797 1361 2826 autem

313 2856 396 2891 quae
425 2842 568 2879 dicitur
596 2844 833 2893 voluptatem
871 2845 996 2896 (detur
1030 2848 1129 2884 enim
1163 2860 1364 2897 commune

314 2901 466 2950 nomen)
491 2901 539 2937 ad
560 2903 827 2940 commotionis
846 2904 1022 2942 belluinae
1053 2913 1090 2942 et
1121 2907 1296 2944 vecordis
1313 2909 1365 2944 si-

315 2960 564 2997 militudinem
583 2961 776 3000 accedere.
798 2954 1017 3012 Voluptates
1033 2965 1132 3000 enim
1152 2973 1266 3015 atque
1290 2966 1362 3003 do·

315 3020 414 3056 lores
429 3019 631 3055 mutationi
646 3019 811 3057 obnoxia
824 3029 928 3068 sunt;
941 3035 960 3059 e
974 3023 1112 3071 quibus
1128 3025 1157 3060 is
1170 3026 1235 3073 qui
1252 3026 1365 3062 sumit

317 3078 416 3114 unde
436 3085 473 3114 et
491 3078 645 3126 quando
666 3085 701 3115 et
721 3086 904 3127 quantum
923 3093 993 3129 par
1011 3088 1086 3129 est,
1107 3082 1197 3119 felix
1212 3091 1285 3130 est3
1301 3085 1365 3122 ille

315 3144 464 3182 autem,
490 3138 557 3187 qui
582 3138 722 3174 horum
755 3138 913 3174 modum
940 3140 1113 3189 ignorat,
1131 3142 1275 3180 infelix.
1306 3145 1365 3181 Sic

317 3196 431 3245 igitur
450 3207 472 3232 a
490 3197 656 3244 peccatis
670 3197 732 3232 illa
753 3203 899 3233 tantum
914 3199 991 3235 vita
1010 3198 1186 3237 immunis
1198 3209 1266 3249 est,
1283 3215 1366 3251 quae

316 3255 540 3304 arrogantiae
559 3266 694 3304 expers
713 3256 784 3301 sit,
806 3267 848 3292 ea
868 3264 992 3293 autem
1016 3266 1118 3295 recta
1143 3267 1180 3296 et
1203 3261 1366 3309 perfecta

317 3325 400 3362 quae
423 3314 618 3350 scientiam
644 3326 798 3363 quoque
817 3315 954 3365 adepta
984 3317 1049 3362 sit,
1071 3318 1279 3368 eademque
1305 3320 1366 3368 ju-

317 3373 544 3409 cundissima
567 3374 677 3410 simul
697 3380 734 3411 et
760 3375 902 3425 optima
923 3383 989 3412 est.
1014 3377 1147 3425 Itaque
1171 3390 1366 3427 nunquam

318 3432 497 3469 faciemus
517 3445 599 3481 quae
618 3433 849 3483 ignoramus,
866 3447 949 3482 quae
970 3447 1064 3472 veno
1080 3437 1231 3484 scimus,
1250 3450 1365 3486 quum

320 3498 488 3539 oportet.
504 3492 655 3529 Inscitia
671 3493 772 3529 enim
786 3494 919 3530 vitium
936 3494 1089 3544 suadet,
1107 3496 1260 3533 scientia
1277 3510 1367 3534 vero

320 3557 467 3600 tempus
490 3552 622 3599 quaerit
654 3560 929 3602 opportunum.
952 3555 1102 3604 Quippe
1121 3556 1263 3606 multa,
1287 3570 1368 3606 quae

1411 529 1562 582 ,ἀρίστας
1577 529 1718 582 πράξεις
1731 533 1825 581 ἡμας
1838 532 2081 584 ἔπανάγοντος.

1019 326 1298 366 nfflnocms
1334 307 1756 364 c‘OMMENTAmus

1417 412 1595 464 μάρτητον
1627 412 1711 463 ἡμῖν
1747 413 2019 465 εἰσηγουμένου,
2055 416 2093 454 ἐκ
2116 414 2152 454 δὲ
2182 418 2243 462 τῆς
2271 421 2475 476 προτροπῆς

1416 474 1478 509 τοῦ
1520 471 1706 522 μανθάνειν
1736 486 1776 510 ου
1802 472 1940 524 πάντα,
1976 474 2055 512 ἀλλ’
2086 474 2152 513 ὅσα
2186 476 2263 527 δεῖ,
2297 477 2383 530 πρὸς
2408 478 2474 523 τὰς

2140 535 2195 573 Οὐ
2214 533 2281 588 γὰρ
2298 536 2334 574 ἐν
2350 538 2401 589 τῷ
2420 536 2471 588 μὴ

1418 588 1633 641 ἁμαρτάνειν
1657 588 1731 627 ἐστὶ
1752 589 1792 628 τὸ
1811 595 2024 644 κατορθοῦν,
2051 592 2130 631 ἀλλ’
2151 596 2186 632 ἐν
2208 596 2258 633 τῶ
2278 593 2322 632 τὰ
2351 576 2472 635 δέοντα

1418 647 1562 686 εἰδέναι·
1583 647 1643 686 καὶ
1670 647 1711 686 τὸ
1732 647 1794 699 μὲν
1815 652 1837 697 ἡ
1869 649 2038 703 κάθαρσις
2053 654 2116 698 τῆς
2146 651 2315 701 οἰήσεως,
2338 650 2376 691 τὸ
2396 652 2431 691 δὲ
2447 655 2473 699 ἠ

1416 710 1478 753 τῆς
1503 706 1767 758 ἐπιστήμης
1790 707 1967 760 παρουσία
1989 709 2186 762 ἐργάζεται.
2209 710 2271 750 Ἐν
2295 710 2332 749 δὲ
2351 713 2402 764 τῷ
2420 711 2475 761 μὴ

1418 766 1658 820 ἁμαρτάνειν,
1674 766 1736 804 καὶ
1756 767 1791 804 ἐν
1808 768 1860 805 τῶ
1885 771 2096 820 κατορθοῦν,
2117 769 2182 822 ὅρα
2199 769 2231 808 τί
2247 769 2472 821 συμὸήσιταί

1419 842 1491 866 σοι·
1523 825 1832 878 τερπνότατον
1865 826 1963 878 βίον
1993 821 2076 866 ωδε
2105 828 2290 873 διάξεις.
2346 828 2412 874 'lic
2435 829 2475 868 δὲ

1418 879 1512 929 οὗτοι,
1512 915 1535 964 ἶ,
1557 887 1587 924 εἷ
1604 884 1654 936 μὴ
1678 884 1779 936 μόνος
1802 887 1819 924 6
1842 886 1912 924 ἀπὸ
1930 889 1991 934 τῆς
2012 889 2136 940 ἀρετῆς
2150 888 2189 927 τὸ
2208 888 2274 935 ἡδὺ
2293 888 2474 940 κεκτημέ-

1419 962 1491 994 νος,
1507 939 1536 1000 ῳ
1553 946 1837 999 συνδεδράμηκεν
1860 945 1935 997 ἅμα
1954 946 1994 985 τὸ
2011 948 2162 1000 ἀγαθόν,
2183 948 2245 987 καὶ
2260 949 2301 988 τὸ
2318 949 2407 996 ἡδύ·
2397 978 2408 997 ,
2428 950 2473 989 Ei

1418 1022 1476 1045 ουν
1498 1009 1671 1079 ποθοῦμεν
1691 1005 1731 1044 τὸ
1750 1004 1879 1054 καλόν,
1901 1009 2075 1057 ποθοῦμεν
2091 1006 2126 1045 δὲ
2149 1023 2208 1047 και
2224 1008 2264 1048 τὸ
2281 1008 2369 1055 ἡδύ’
2390 1022 2476 1047 συν·

1418 1063 1561 1103 ελθόντα
1582 1063 1615 1102 τί
1638 1064 1679 1102 ἂν
1701 1063 1779 1112 εἴης
1800 1070 1922 1112 τοῦτο,
1943 1064 1964 1103 6'
1981 1081 2108 1119 φησιν,
2131 1068 2149 1104 6
2172 1065 2266 1119 βίος
2284 1066 2475 1119 τερπνό-

1418 1139 1529 1162 τατο
1544 1140 1571 1167 ς.
1630 1123 1671 1163 ‘0
1692 1124 1759 1177 γὰρ
1780 1124 1820 1162 τὸ
1840 1123 1905 1172 ἡδὺ
1928 1125 2018 1176 μετὰ
2036 1130 2095 1164 τοῦ
2123 1127 2270 1178 αἰσχροῦ
2287 1125 2473 1176 ἑλόμενος,

1420 1184 1450 1221 εἴ
1473 1183 1533 1221 καὶ
1554 1182 1640 1234 πρὸς
1667 1183 1782 1235 ὀλίγον
1804 1184 2004 1231 δελεασθείη
2022 1186 2072 1237 τῷ
2092 1185 2230 1233 ἥδοντι,
2249 1184 2306 1224 διὰ
2325 1187 2408 1236 γοῦν
2435 1184 2480 1224 τὸ
2507 1199 2510 1202 ’

1420 1242 1565 1294 αἰσχρὸν
1585 1244 1633 1286 εἷς
1652 1242 1889 1293 μεταμέλειαν
1911 1242 2086 1282 ἐπώδυνον
2107 1243 2263 1297 ἔρχεται.
2320 1242 2366 1284 ‘O
2382 1242 2419 1283 δὲ
2435 1244 2479 1284 τὸ

1420 1300 1527 1339 καλὸν
1549 1300 1637 1350 μετὰ
1669 1300 1776 1339 πόνου
1807 1302 2058 1353 προτιμήσας,
2093 1301 2158 1341 κᾶν
2192 1302 2395 1354 παραυτίκα
2424 1304 2475 1356 τῷ

1422 1359 1521 1407 ἀήθει
1552 1358 1770 1412 βαρύνηται,
1792 1360 1870 1399 ἀλλ’
1903 1363 1926 1407 ἡ
1948 1363 2007 1398 τοῦ
2037 1362 2145 1399 καλοῦ
2167 1360 2318 1407 σύζευξις
2337 1362 2477 1400 ἐπελα-

1422 1418 1541 1471 φρύνει
1560 1418 1618 1457 τὸν
1637 1419 1764 1467 πόνον,
1789 1419 1850 1457 καὶ
1877 1420 1975 1464 τέλος
2003 1419 2090 1472 πρὸς
2110 1422 2153 1472 τῇ
2183 1422 2290 1473 ἀρετῇ
2310 1421 2372 1460 καὶ
2391 1422 2476 1468 ἡδο·

1422 1480 1483 1525 νὴν
1513 1477 1670 1530 καθαρὰν
1690 1482 1902 1531 καρποῦται.
1962 1480 2004 1518 Εἰ
2038 1478 2101 1527 μὲν
2133 1478 2200 1532 γὰρ
2227 1479 2418 1532 πράττοιτό
2442 1495 2480 1518 τι

1424 1536 1499 1588 μεθ’
1529 1537 1656 1583 ἡδονῆς
1690 1537 1858 1589 αἰσχρόν,
1878 1539 1900 1584 ἡ
1938 1535 2000 1587 μὲν
2022 1537 2129 1584 ἡδονὴ
2164 1540 2341 1590 παρῆλθε,
2371 1538 2412 1576 τὸ
2441 1538 2478 1577 δὲ

1423 1595 1568 1649 αισχρὸν
1589 1594 1707 1645 μένει·
1732 1597 1762 1634 εἰ
1782 1595 1818 1634 δὲ
1839 1594 2028 1647 πράττοιτό
2053 1611 2087 1634 τι
2108 1595 2199 1668 μετὰ
2219 1596 2326 1635 πόνου
2342 1596 2449 1637 καλόν
2466 1626 2481 1645 ,

1423 1659 1441 1695 6
1463 1656 1524 1707 μὲν
1545 1655 1647 1699 πόνος
1666 1656 1843 1726 παρῆλθε,
1858 1654 1899 1694 τὸ
1919 1653 1955 1693 δὲ
1973 1653 2081 1693 καλὸν
2102 1654 2213 1705 μένει.
2269 1654 2334 1701 Ἐξ
2349 1649 2397 1694 ὧν
2417 1656 2479 1695 λυ-

1423 1715 1621 1767 πηρότατον
1638 1713 1775 1767 ἀνάγκη
1797 1728 1885 1752 ειναι
1898 1714 1957 1752 τὸν
1976 1712 2141 1752 κάκιστον
2158 1713 2273 1766 βίον·
2291 1729 2427 1766 τερπν
2439 1714 2478 1753 ό-

1423 1789 1558 1812 τατον
1589 1772 1649 1822 δέ,
1675 1773 1734 1811 τὸν
1765 1772 1922 1824 ἄριστον.
1982 1771 2054 1812 Και
2073 1775 2188 1812 ταῦτα
2208 1772 2272 1824 μὲν
2299 1772 2381 1826 περι
2398 1772 2483 1812 τού·

1423 1849 1507 1872 των.
1567 1831 1671 1871 Ἐπεὶ
1689 1831 1725 1870 δὲ
1752 1832 1812 1870 καὶ
1831 1834 1853 1879 ἡ
1882 1834 1943 1870 τοῦ
1963 1830 2128 1882 σωματος
2148 1833 2374 1884 παιδαγωγία
2394 1831 2483 1887 πρὸς

1420 1962 1522 1997 bona
1542 1968 1647 2008 sunt,
1669 1961 1905 2016 temporibus
1925 1963 2078 1999 mutatis
2090 1963 2188 1999 mala
2205 1961 2316 2001 fiunt.
2336 1963 2485 2000 Ordine

1422 2021 1538 2070 igitur
1570 2021 1660 2057 huic
1681 2028 1872 2072 praecepto
1905 2022 2178 2066 auscultemus,
2203 2023 2344 2072 quippe
2371 2022 2478 2071 quod

1423 2079 1593 2116 inhibitis
1612 2081 1826 2117 actionibus
1846 2093 1916 2117 nos
1941 2093 1963 2118 a
1993 2089 2152 2130 peccato
2182 2089 2327 2128 arceat,
2349 2082 2481 2119 addita

1423 2150 1513 2174 vero
1545 2139 1783 2186 hortatione,
1814 2147 1858 2176 ut
1887 2139 2092 2188 discamus,
2122 2152 2203 2176 non
2231 2141 2358 2178 omnia
2369 2163 2389 2186 ,»
2411 2140 2480 2178 sed

1424 2210 1660 2246 quaecunque
1681 2206 1853 2248 oportet,
1873 2199 1921 2235 ad
1941 2200 2086 2248 optima
2102 2198 2246 2248 agenda
2265 2212 2336 2236 nos
2362 2199 2479 2237 redu-

1424 2263 1496 2293 cat.
1518 2257 1604 2292 Non
1623 2257 1780 2293 enimin
1795 2270 1874 2293 non
1898 2258 2093 2307 peccando
2113 2258 2279 2306 positum
2299 2265 2355 2295 est
2375 2266 2483 2296 recte

1424 2316 1588 2362 factum,
1609 2316 1675 2353 sed
1694 2318 1733 2352 in
1756 2330 1891 2353 eorum
1911 2317 2130 2367 cognitione
2158 2329 2242 2365 quae
2271 2317 2431 2354 deceant
2466 2331 2476 2355 ι

1422 2387 1509 2411 nam
1537 2375 1585 2411 ad
1605 2375 1701 2411 illud
1721 2375 1875 2423 quidem
1898 2376 2123 2424 arrogantiae
2143 2376 2288 2412 amotio
2315 2374 2478 2422 sufficit,

1422 2433 1499 2470 hoc
1535 2441 1662 2469 autem
1693 2434 1864 2470 adhibita
1895 2436 2052 2472 scientia
2084 2433 2214 2474 efficit.
2244 2435 2290 2471 In
2322 2435 2482 2472 vitando
2535 2451 2537 2453 ¹

1424 2500 1550 2529 autem
1584 2500 1744 2543 peccato
1776 2500 1812 2530 et
1846 2501 1950 2530 recte
1982 2494 2131 2543 agendo
2164 2493 2253 2530 vide
2284 2493 2379 2543 quid
2409 2494 2482 2531 tibi

1424 2559 1646 2588 eventurum
1660 2553 1706 2588 sit
1720 2564 1729 2591 ε
1749 2553 1799 2589 ita
1814 2556 1935 2590 vitam
1953 2556 2138 2601 transiges
2145 2553 2480 2600 jucundissimam.

1424 2611 1514 2658 Quae
1542 2624 1634 2648 vero
1657 2619 1710 2648 est
1729 2611 1830 2658 haec,
1852 2613 1922 2649 nisi
1950 2625 1995 2649 ea
2022 2613 2122 2658 sola,
2148 2625 2232 2661 quae
2262 2624 2309 2648 ex
2338 2612 2484 2650 virtute

1424 2671 1660 2720 voluptatem
1679 2670 1817 2720 adepta
1837 2679 1891 2708 est
1903 2701 1913 2720 ,
1933 2673 1994 2708 cui
2013 2673 2124 2710 simul
2140 2673 2294 2709 bonitas
2314 2679 2352 2708 et
2370 2673 2482 2709 volu-

1424 2736 1506 2777 ptas
1527 2731 1684 2766 comites
1702 2729 1838 2766 additae
1863 2737 1974 2768 sunt?
1994 2732 2031 2767 Si
2050 2732 2170 2780 igitur
2184 2731 2387 2768 honestum
2411 2743 2479 2780 ap·

1423 2789 1607 2836 petimus,
1628 2795 1666 2825 et
1685 2789 1898 2837 appetimus
1917 2790 2027 2825 simul
2046 2789 2262 2837 jucundum
2276 2817 2287 2836 ,
2306 2802 2353 2827 ex
2381 2802 2480 2826 con-

1422 2846 1562 2894 junctis
1597 2847 1690 2895 quid
1719 2847 1888 2883 orietur?
1908 2848 2011 2897 Hoc,
2045 2847 2151 2896 quod
2182 2859 2335 2884 cannen
2359 2847 2478 2893 dicit,

1425 2909 1506 2942 vita
1527 2905 1815 2955 jucundissima.
1840 2909 1874 2942 Is
1910 2908 2007 2943 enim
2044 2908 2110 2955 qui
2140 2905 2357 2953 jucundum
2391 2919 2481 2943 cum

1425 2966 1526 3014 turpi
1544 2966 1648 3014 eligit
1661 2993 1671 3012 ,
1694 2966 1863 3014 quamvis
1881 2967 2072 3015 paulisper
2083 2965 2257 3013 jucundo
2277 2965 2477 3011 alliciatur,
2521 2961 2525 2964 ⁴

1425 3024 1475 3060 ob
1506 3024 1780 3074 turpitudinem
1816 3033 1917 3062 certe
1954 3025 2000 3061 ad
2033 3038 2185 3074 gravem
2217 3025 2480 3074 poenitentiam

1426 3084 1674 3121 convertitur.
1696 3083 1771 3132 Qui
1787 3096 1879 3120 vero
1897 3084 2098 3119 honestum
2115 3096 2201 3120 cum
2218 3083 2348 3120 labore
2360 3083 2484 3133 pluris

1425 3144 1604 3192 aestimat,
1622 3143 1690 3180 etsi
1710 3144 1876 3192 primum
1895 3144 1950 3179 rei
1970 3143 2163 3179 insolentia
2188 3150 2383 3192 gravatur,
2405 3143 2480 3180 ho-

1422 3204 1521 3241 hesti
1555 3212 1680 3242 tamen
1711 3204 1931 3252 conjunctio
1965 3206 2136 3242 laborem
2169 3206 2203 3242 ei
2235 3206 2371 3242 allevat
2403 3218 2478 3254 pu-

1426 3277 1585 3314 ramque
1595 3272 1788 3314 postremo
1803 3277 1888 3300 cum
1904 3265 2041 3301 virtute
2051 3266 2285 3314 voluptatem
2299 3265 2480 3314 percipit.

1426 3321 1576 3360 Etenim
1592 3324 1621 3359 si
1639 3336 1725 3360 cum
1753 3323 1948 3372 voluptate
1979 3331 2086 3372 turpe
2107 3324 2199 3372 quid
2220 3323 2286 3360 fiat
2301 3352 2312 3373 ,
2345 3324 2480 3360 transit

1425 3382 1623 3431 voluptas,
1635 3389 1764 3419 manet
1780 3394 1871 3418 vero
1889 3383 2109 3431 turpitudo;
2125 3384 2181 3419 sin
2197 3390 2323 3420 autem
2339 3394 2479 3432 magno

1427 3442 1558 3478 labore
1571 3441 1716 3492 aliquid
1732 3441 1881 3477 honesti
1894 3439 1973 3490 fiat,
1993 3442 2124 3478 transit
2140 3442 2265 3492 labor,
2278 3441 2480 3477 honestum

1427 3513 1520 3537 vero
1541 3508 1752 3549 permanet.
1786 3500 1898 3537 Unde
1926 3501 2224 3538 molestissimam
2251 3512 2398 3537 necesse
2427 3506 2481 3536 est

1429 3571 1507 3596 esse
1538 3559 1814 3596 vitiosissimam
1844 3560 1982 3607 vitam,
2013 3560 2325 3608 jucundissimam
2354 3565 2480 3596 autem

2593 650 2607 680 Ab,
2600 638 2607 643 ς
2596 570 2609 628 ηις-ι
2597 546 2605 563 κ
2590 306 2609 540 ιουῐψώαὲιιύε-μκ
