2612 3814
698 286 750 325 ΙΝ
783 283 1114 325 EMPEDOCLIS
1145 283 1436 323 CARMINUM
1470 284 1768 332 RELlQUIAS.
2275 292 2323 326 τι

147 370 384 420 ιηιίω5ἰνε
404 378 503 415 aeris
530 383 656 423 tactu,
684 375 827 427 partim
850 374 957 413 auris
984 373 1111 426 ipsius
1141 385 1227 411 1-8--

149 437 353 484 sonantia,
388 449 474 487 quae
503 434 620 474 ambo
654 435 758 473 inter
789 447 829 473 se
863 446 1036 484 congrua
1064 445 1149 471 esse
1170 441 1209 470 et

150 498 313 536 alterum
349 496 461 535 alteri
491 495 744 548 respondere.
781 494 912 547 Ipsam
943 507 1039 533 vero
1073 506 1206 532 aurem

148 556 369 595 nominavit
397 555 560 610 σάρκινον
582 554 674 603 ὄζον,
707 569 883 593 carneum
914 556 1067 592 nodum.
1095 553 1207 591 Haud

147 614 278 654 minus
307 613 444 661 audaci
478 614 736 653 translatione
773 612 938 652 brachia
969 613 1118 656 κλάδους
1147 625 1206 650 vs.

149 675 225 725 393
245 682 375 712 vocat.
401 673 459 712 De
487 675 692 725 utriusque
719 673 832 712 vocis
859 672 1089 712 discrimine
1117 671 1209 709 vide

147 744 242 784 quae
255 732 471 784 disputavit
490 732 708 786 Stephanus
725 733 766 771 in
786 733 906 771 Thes.
922 733 1018 782 ling.
1036 745 1152 781 graec.

198 791 263 832 Vs.
287 793 374 841 371.
393 792 458 843 μία
473 791 631 845 γίγνεται
649 791 742 848 κτλ]
758 793 851 832 citat
864 792 1006 831 Strabo
1024 790 1096 829 lib.
1115 790 1205 828 Vlll

146 864 236 903 pag.
262 852 336 895 364
361 851 424 890 ed.
446 851 534 891 Cas.
557 860 595 890 et
623 852 769 890 omisso
792 859 916 903 poetae
937 850 1098 888 nomine
1121 849 1209 886 Ari-

147 910 303 950 stoteles
323 911 430 950 Poet.
450 925 533 963 cap.
555 925 623 963 21,
654 925 743 964 pag.
782 911 882 956 1458
912 923 934 949 a
961 909 1023 948 ed.
1046 909 1207 947 Bekker.

147 979 313 1022 uterque
336 979 530 1022 tamquam
566 984 760 1023 apocopes
792 969 1026 1021 exemplum.
1055 967 1208 1006 Etenim

147 1028 195 1082 ὄψ
215 1029 292 1068 ἀντὶ
312 1033 372 1068 τοῦ
402 1029 478 1082 ὄψις
498 1030 578 1069 dici
600 1030 751 1068 volunt.
776 1029 831 1067 Ex
861 1027 1098 1080 Empedocle
1125 1027 1209 1065 sine

147 1088 271 1128 dubio
297 1089 429 1128 hausit
450 1089 665 1141 Hesychius
686 1089 755 1140 qui
781 1087 827 1142 ὄψ
849 1088 1012 1140 exponit
1031 1086 1130 1141 ὄψίς,
1166 1087 1211 1124 ὄ-

148 1148 320 1202 φθαλμός,
343 1148 366 1196 ἢ
384 1148 501 1203 φωνή,
520 1162 755 1201 quamquam
772 1148 950 1188 eumdem
965 1162 1078 1186 usum
1100 1147 1207 1185 Anti·

148 1209 307 1248 machus
337 1210 454 1247 etiam
483 1209 674 1260 agnoscit.
698 1208 758 1249 Cf.
793 1209 931 1259 fragm.
963 1207 1026 1246 LV
1046 1220 1136 1259 pag.
1158 1214 1207 1258 94

147 1269 212 1307 ed.
232 1268 454 1309 Schellenb.
845 1285 849 1292 ·

199 1326 283 1367 Vss.
300 1328 498 1376 372-374.
518 1324 859 1382 αἵματος-νόημα]
871 1325 1001 1365 laudat
1013 1326 1209 1378 Porphyr.

148 1386 252 1438 apud
268 1386 463 1425 Stobaeum
486 1386 618 1437 Eclog.
633 1386 754 1438 Phys.
776 1386 848 1426 lib.
873 1386 890 1424 1
911 1400 952 1438 p.
981 1388 1080 1425 1026
1104 1388 1206 1438 (pag.

148 1447 226 1495 439
247 1445 309 1484 ed.
326 1445 485 1495 Gaisf.).
501 1445 619 1485 Vetus
642 1446 780 1498 opinio
794 1459 917 1497 eaque
934 1445 1014 1497 jam
1039 1446 1209 1484 Homero

146 1504 316 1552 tributa,
338 1505 406 1543 sed
442 1505 639 1557 imprimis
671 1507 719 1544 ab
752 1505 988 1558 Empedocle
1017 1504 1211 1543 celebrata

148 1564 290 1614 mentis
310 1564 440 1603 sedem
462 1565 525 1602 vel
546 1565 671 1616 ipsam
694 1574 862 1603 mentem
887 1578 972 1604 esse
991 1564 1103 1603 cordi
1128 1565 1208 1603 suf-

147 1623 274 1661 fusum
293 1623 538 1673 sanguinem.
561 1623 691 1662 Testis
709 1623 888 1663 Stobaeus
905 1625 934 1662 l.
958 1638 993 1664 c.
1017 1624 1210 1675 multique

147 1682 398 1733 antiquorum
425 1696 594 1734 quorum
614 1684 724 1722 locos
745 1684 989 1735 collegerunt
1007 1684 1210 1734 Menagius

147 1744 189 1780 in
203 1742 322 1792 Diog.
337 1743 463 1783 Laert.
478 1743 567 1789 Vll,
591 1743 679 1794 159,
695 1744 973 1783 Wakefieldius
993 1745 1036 1782 in
1053 1744 1207 1782 Lucret.

147 1801 204 1840 lll
241 1816 301 1840 vs.
339 1803 407 1849 103,
440 1803 617 1842 Sturzius
654 1804 815 1856 Emped.
850 1818 939 1856 pag.
976 1806 1054 1855 439
1097 1817 1207 1856 seqq.

147 1860 280 1899 Lectio
309 1862 552 1900 multimodis
584 1863 723 1901 vitiata
752 1873 824 1903 est.
857 1864 1047 1902 canterus
1079 1863 1211 1914 inepte

146 1917 295 1970 αἵματος
334 1921 368 1959 ἐν
402 1921 594 1972 πελάγεσσι
627 1922 871 1975 τετραμμένου
911 1923 1143 1975 ἀντιθρῶντος
1174 1933 1211 1961 et

149 1993 223 2030 pro
243 1978 474 2018 κυκλίσκεται
506 1980 751 2027 κικλήσκεται.
772 1982 946 2033 Scaliger
970 1981 1120 2032 αἵματος
1148 1985 1211 2021 ἀν-

149 2037 320 2091 θρώποισι
340 2040 569 2092 τεθραμμένη
600 2039 690 2095 [pro
719 2042 825 2092 vulg.
848 2042 1092 2095 τετραμμένα]
1111 2045 1208 2081 ἀντι-

147 2097 326 2151 θορόντος,
349 2099 442 2137 item
471 2099 723 2147 κικλήσκεται.
753 2101 947 2153 Pleraque
965 2101 1048 2139 haec
1070 2101 1208 2140 menda

145 2157 225 2209 jam
259 2158 478 2198 Heerenius
508 2161 666 2199 sustulit
697 2161 766 2211 qui
804 2161 1032 2214 τεθραμμένη
1068 2161 1206 2212 (intell.

148 2211 252 2265 φρήν)
278 2225 299 2250 e
319 2212 451 2251 Grotii
476 2214 750 2253 emendatione
777 2215 947 2266 recepit,
979 2215 1209 2253 κυκλίσκεται

148 2283 170 2309 e
205 2272 459 2311 membranis.
499 2273 579 2311 Pro
623 2273 852 2325 ἀντιθρῶντος
884 2274 989 2312 idem
1023 2287 1044 2313 e
1076 2275 1211 2313 codice

148 2331 315 2383 protulit
345 2331 616 2385 ἀντιθροῶντος,
638 2333 745 2384 quod
778 2333 1009 2373 Karstenius
1044 2335 1210 2373 mutavit

146 2390 188 2427 in
219 2391 494 2443 ἀμφιθροῶντος.
524 2391 713 2441 Bergkius
739 2391 787 2430 de
818 2393 961 2445 reliqq.
991 2408 1093 2435 com.
1129 2396 1207 2434 Att.

146 2461 184 2499 p.
221 2450 291 2497 167
323 2448 445 2488 scribi
484 2450 643 2489 volebat
669 2450 910 2504 τεθραμμένον
943 2452 1204 2505 ἀντιθορόντος,

148 2507 471 2548 Panzerbieterus
511 2509 715 2563 κεκραμένα
751 2509 1030 2563 ἀνθρώσκοντος,
1078 2516 1121 2567 τῇ
1170 2514 1206 2552 δὲ

146 2567 275 2619 νόημα.
287 2567 363 2606 Sed
374 2569 593 2619 requiritur
605 2571 878 2622 ἀντιθροοῧντος.
891 2569 1063 2611 Ultimus
1074 2586 1209 2612 versus

147 2637 330 2680 corrupte
350 2638 530 2668 exaratus
546 2639 604 2668 est
621 2630 662 2668 in
680 2629 809 2682 Etym.
828 2630 883 2672 M.
903 2646 912 2670 z
946 2626 1036 2684 αἷμα
1057 2631 1124 2685 γὰρ
1146 2635 1210 2672 ἀν-

146 2686 319 2741 Ορώποισι
340 2688 564 2742 περικάρδιον
583 2689 700 2742 νόημα
715 2691 884 2739 ,omisso
906 2691 1004 2739 ἔστί;
1025 2694 1210 2732 similiter

146 2747 188 2785 in
201 2746 340 2787 Orion.
362 2747 488 2800 Etym.
506 2758 679 2802 excerpt.
701 2764 742 2801 p.
766 2750 839 2788 185
856 2749 1025 2803 (Sturz.).
1042 2752 1090 2790 At
1110 2753 1208 2791 nihil

147 2806 333 2846 vitiosius
348 2820 394 2846 ea
413 2808 609 2860 scriptura
626 2822 741 2860 quam
760 2808 878 2848 habet
894 2809 1021 2861 Etym.
1040 2810 1143 2851 Gu'l.
1168 2825 1205 2849 v.

148 2858 260 2917 αἷμα·
282 2866 342 2906 καὶ
371 2870 390 2907 ὁ
419 2867 689 2918 Ἰἰμπαιδοκλῆς
713 2869 810 2921 (sic)·
834 2862 926 2920 αἷμα
947 2869 1015 2922 γὰρ
1037 2871 1210 2925 ἀνθρώπῳ

147 2926 287 2973 ποιήσει
314 2928 540 2981 περικᾶρδιον
569 2929 687 2980 νόημα
717 2933 778 2968 τοῦ
810 2929 1007 2983 ἀνθρώπου.
1045 2931 1210 2971 Fallitur

149 2985 392 3039 Philoponus
423 2988 472 3027 de
506 2988 581 3027 An.
605 3003 691 3042 cap.
723 2991 746 3028 8
771 2990 877 3029 hunc
900 3004 1055 3030 versum
1077 2991 1209 3031 Critiae

147 3047 364 3096 assignans.
383 3048 444 3088 Cf.
467 3047 620 3089 Fabric.
646 3049 747 3089 Bibl.
765 3049 890 3091 Graec.
909 3051 990 3089 vol.
1014 3050 1043 3089 X
1067 3066 1107 3103 p.
1130 3053 1208 3104 659

146 3105 208 3146 ed.
229 3107 338 3148 Harl.
367 3107 505 3148 Latine
534 3122 624 3147 eum
646 3118 852 3148 verterunt
870 3109 1139 3149 Tertullianus
1159 3111 1208 3150 de

149 3165 223 3205 An.
247 3182 281 3206 c.
308 3168 353 3206 15
378 3182 420 3220 p.
443 3168 519 3218 576
539 3178 577 3208 et
597 3169 824 3209 Chalcidius
843 3170 885 3208 in
905 3170 1003 3208 Plat.
1027 3169 1132 3207 Tim.
1164 3184 1205 3222 p.

150 3224 241 3266 305.
264 3226 454 3267 Caeterum
488 3228 585 3268 falso
614 3230 786 3268 Steinius
812 3229 1040 3281 τεθραμμένη
1055 3230 1114 3277 ,ita
1146 3231 1205 3268 in-

147 3292 337 3335 pretatur,
372 3296 416 3326 ut
447 3288 575 3339 κραδίη
614 3289 808 3339 intelligat
837 3289 966 3327 allatis
998 3288 1208 3328 Censorini

149 3342 284 3384 verbis
300 3357 321 3384 e
338 3359 424 3398 cap.
445 3346 495 3386 Vl
517 3346 662 3399 quibus
681 3348 779 3386 nihil
802 3347 1003 3400 probatur.

199 3401 285 3442 Vss.
323 3405 518 3455 375—377.
540 3406 767 3446 Aristoteles
795 3408 842 3446 de
871 3408 944 3447 An.
973 3407 1048 3454 ΙΙΙ,
1073 3407 1093 3445 3
1114 3414 1203 3459 pag.

149 3465 224 3511 427
237 3462 297 3503 ed.
314 3465 495 3504 Bekker.:
518 3467 565 3504 Οἱ
585 3467 727 3519 ἀρχαῖοι
744 3466 783 3505 τὸ
800 3474 936 3520 φρονεῖν
956 3466 1065 3505 καὶτὸ
1086 3468 1207 3506 αἰσθά-

147 3522 266 3558 νεσθαι
298 3522 423 3562 ταῦτὸν
448 3517 538 3563 εἷναί
571 3540 689 3578 φασιν,
722 3524 844 3580 ὥσπερ
872 3527 932 3565 καὶ
961 3525 1207 3572 Ἐμπεδοκλῆς

1272 370 1406 423 εἴρηκε·
1423 388 1438 407 α
1454 371 1541 426 πρὸς
1555 372 1685 425 παρεὸν
1703 372 1772 425 γὰρ
1789 376 1891 422 μῆτις
1904 373 2041 419 ἀέξεται
2053 373 2300 428 ἀνθρώποισιν,
2316 393 2331 410 n

1270 431 1331 469 καὶ
1347 432 1381 469 ἐν
1396 429 1531 480 ἄλλοις,
1551 449 1566 467 α
1579 431 1657 470 ὅθεν
1678 432 1794 485 σφίσιν
1814 432 1882 471 αἷεὶ
1902 433 1962 471 καὶ
1981 432 2021 471 τὸ
2048 439 2183 486 φρονεῖν
2206 435 2330 473 ἀλλοῖα

1269 489 1501 543 παρίσταται.
1540 508 1556 527 ιι
1592 491 1761 543 llepetiit
1795 491 1868 530 hos
1907 505 2045 530 versus
2084 493 2333 546 Philoponus

1271 549 1489 591 Comment.
1517 551 1566 589 de
1597 551 1673 588 An.
1711 550 1789 598 ΙΙΙ,
1811 551 1873 590 lit.
1911 550 1955 591 P.
1999 552 2174 590 Primum
2215 553 2334 591 refert

1270 610 1386 648 etiam
1409 610 1652 649 'l‘hemisti'us
1684 610 1732 648 ad
1761 611 1923 650 Aristot.
1945 609 1994 648 de
2024 611 2097 649 An.
2127 611 2159 658 Ι,
2184 612 2210 650 f.
2241 626 2290 660 7²
2312 626 2334 650 a

1275 670 1370 721 (85.
1392 669 1451 722 b).
1484 670 1714 709 Aristoteles
1746 670 1918 722 Metaph.
1952 670 2026 717 lll,
2057 670 2080 708 5
2113 685 2155 723 p.
2190 671 2334 722 10091)

1271 730 1332 769 ed.
1354 730 1517 768 Bekker.
1544 744 1552 768 ε
1578 729 1650 769 Καὶ
1676 729 1743 783 γὰρ
1763 729 2013 780 Ἐμπεδοκλῆς
2043 729 2334 780 μεταὸάλλοντας

1271 788 1333 835 τὴν
1354 788 1423 834 ἕξιν
1444 788 1679 840 μεταὸἄλλειν
1701 789 1787 841 φησὶ
1816 788 1881 836 τὴν
1908 788 2087 842 φρόνησιν·
2110 807 2126 823 n
2154 789 2241 842 πρὸς
2263 805 2334 829 πα-

1273 847 1348 899 ρεὸν
1368 847 1436 901 γὰρ
1459 852 1563 898 μῆτις
1582 847 1760 894 ἐναύξεται
1782 848 2027 901 ἀνθρώποισιν.
2045 868 2061 883 ν
2080 847 2141 887 καὶ
2156 850 2191 887 ἐν
2207 849 2334 903 ἑτέροις

1272 907 1308 947 δὲ
1329 908 1423 960 λέγει
1443 907 1496 948 ὅτι
1517 927 1533 943 «
1555 908 1658 948 ὅσσον
1678 910 1814 948 ἀλλοῖοι
1837 908 2005 962 μετέφυν,
2028 909 2130 948 τόσον
2149 908 2193 963 ἄρ
2218 925 2335 962 σφισιν

1273 967 1340 1006 αἷεὶ
1357 967 1418 1006 καὶ
1440 968 1480 1007 τὸ
1500 974 1636 1023 φρονεῖν
1658 969 1783 1008 ἀλλοῖα
1814 968 2027 1023 παρίστατο.
2050 986 2065 1002 ι»
2096 969 2176 1007 Pro
2198 968 2336 1014 ἀέξεται

1272 1028 1340 1065 alii
1374 1027 1569 1073 ἐναύξεται.
1594 1028 1824 1067 Aristoteles
1855 1041 1877 1066 e
1898 1028 2034 1067 verbis
2063 1027 2335 1080 Empedocleis

1273 1088 1444 1138 colligit,
1470 1089 1772 1138 Agrigentinum
1793 1096 1918 1126 vatem
1953 1097 1995 1126 ut
2024 1088 2238 1139 plerosque
2269 1101 2336 1126 ve-

1273 1156 1372 1186 teres
1404 1148 1445 1187 τὸ
1482 1153 1621 1201 φρονεῖν
1651 1156 1690 1186 et
1720 1148 1759 1186 τὸ
1789 1147 2016 1187 αἰσθάνεσθαι
2038 1147 2140 1186 idem
2162 1155 2333 1198 putasse.

1274 1206 1462 1257 lntelligit
1482 1216 1608 1245 autem
1628 1206 1667 1244 τὸ
1687 1206 1818 1259 παρεὸν
1838 1219 1899 1245 res
1916 1215 2128 1259 praesentes
2145 1219 2232 1259 quae
2249 1219 2336 1244 sen-

1272 1266 1381 1305 sibus
1402 1267 1699 1318 percipiuntur‚
1722 1266 1836 1317 quasi
1857 1266 1961 1304 dicat
1983 1265 2023 1305 τὸ
2045 1265 2232 1313 αἰσθητῶς
2253 1264 2335 1316 jam

1272 1325 1379 1375 quod
1400 1327 1450 1376 τῷ
1475 1326 1632 1376 αἰσθητῷ
1654 1325 1825 1363 afficitur
1843 1324 2004 1371 αἴσθησις
2020 1332 2077 1362 est
2097 1338 2105 1362 τ
2127 1337 2220 1375 ergo
2235 1326 2338 1372 μῆτις

1272 1385 1357 1422 sive
1393 1383 1560 1437 φρόνησις
1596 1384 1699 1423 idem
1734 1393 1853 1436 atque
1888 1383 2062 1431 αἴσθησις.
2095 1383 2182 1430 Qua
2213 1383 2261 1422 de
2297 1397 2339 1422 re

1272 1442 1471 1482 uberrime
1500 1443 1661 1482 disserit
1692 1444 1943 1495 Philoponus
1966 1444 1993 1483 l.
2018 1443 2047 1483 l.
2070 1443 2131 1483 lit.
2157 1444 2202 1483 P.
2230 1454 2271 1496 p.
2297 1444 2334 1481 3.

1279 1502 1510 1540 Aristoteles
1523 1502 1571 1540 de
1582 1502 1711 1540 Anim.
1725 1502 1750 1540 l.
1764 1515 1798 1539 c.
1813 1515 1900 1539 cum
1919 1502 2164 1554 Empedoclis
2181 1503 2336 1541 decreto

1279 1562 1481 1611 componit
1500 1562 1752 1600 Homericum
1775 1561 1874 1599 illud
1894 1561 2031 1613 Odyss.
2053 1562 2178 1600 XVlll
2193 1592 2203 1611 ‚
2231 1563 2303 1601 135
2325 1578 2332 1600 ε

1324 1659 1425 1700 Toto:
1439 1657 1508 1708 γὰρ
1529 1656 1605 1700 νόος
1626 1656 1719 1695 ἐστὶν
1737 1656 1943 1710 ἐπιχθονίων
1966 1655 2176 1707 ἀνθρώπων,

1327 1710 1397 1756 οἷον
1419 1717 1473 1755 ἐπ’
1491 1711 1590 1770 ἦμαρ
1609 1715 1716 1770 ἄγῃσι
1738 1716 1857 1770 πατὴρ
1882 1717 2016 1769 ἀνδρῶν
2033 1732 2071 1754 τε
2091 1716 2176 1753 θεῶν
2195 1731 2247 1753 τε.

1272 1811 1385 1858 Quod
1411 1811 1603 1849 imitando
1621 1812 1815 1863 expressit
1834 1810 2095 1849 Archilochus
2118 1824 2181 1862 ap.
2206 1811 2334 1850 Laert.

1274 1870 1340 1918 IX,
1366 1885 1431 1918 71.
1456 1871 1661 1922 Discrepat
1690 1870 1740 1909 ab
1760 1870 1986 1909 Aristotelis
2013 1871 2337 1921 interpretatione

1273 1943 1318 1967 ea
1345 1943 1461 1980 quam
1495 1930 1686 1981 proponit
1705 1930 1935 1982 Simplicius
1965 1929 2013 1967 de
2040 1929 2114 1968 An.
2138 1929 2210 1979 ΙΙΙ,
2235 1930 2261 1967 f.
2287 1929 2335 1967 56

1273 1987 1321 2035 b,
1346 1988 1502 2034 dicens,
1526 2000 1643 2039 posse
1663 1988 1821 2039 quidem
1852 1987 1892 2026 τὸ
1912 1987 2043 2040 παρεὸν
2076 1988 2201 2039 accipi
2223 1989 2271 2026 de
2291 2001 2337 2026 eo

1273 2042 1380 2093 quod
1400 2050 1457 2080 est
1478 2040 1516 2079 τὸ
1538 2042 1718 2088 αἰσθητὸν,
1741 2056 1821 2079 non
1853 2050 1980 2079 tamen
2015 2041 2064 2079 ab
2100 2041 2336 2093 Empedocle

1274 2101 1327 2139 ita
1347 2110 1545 2153 acceptum
1568 2114 1652 2139 esse
1670 2116 1678 2138 z
1702 2099 1750 2140 ‘H
1772 2099 1840 2153 γὰρ
1862 2103 1964 2151 μῆτις
1983 2102 2022 2138 οὗ
2043 2107 2114 2144 τοῖς
2135 2101 2332 2148 αἰσθητοῖς,

1276 2159 1367 2198 ἀλλὰ
1388 2167 1458 2204 τοῖς
1485 2165 1622 2207 νοητοῖς
1651 2162 1739 2213 αὐτῇ
1771 2164 1942 2213 παροῦσιν
1974 2159 2028 2198 ἀεὶ
2057 2162 2103 2204 εἷς
2123 2159 2186 2207 τὴν
2207 2162 2335 2207 ἑαυτῆς

1274 2220 1456 2259 ἐπιδίδωσι
1479 2219 1644 2272 (ἀέξεται)
1664 2219 1889 2267 τελειότητα·
1910 2218 1971 2257 καὶ
1991 2219 2030 2258 τὸ
2051 2225 2187 2273 φρονεῖν
2210 2221 2245 2257 ἐν
2265 2225 2336 2263 τοῖς

1274 2279 1418 2333 ὀνείροις
1446 2280 1572 2318 ἀλλοῖα
1604 2286 1761 2333 παριστᾷ
1784 2277 2033 2332 (παρίστατο),
2056 2280 2095 2317 οὗ
2123 2278 2179 2316 διὰ
2199 2278 2243 2317 τὰ
2265 2279 2335 2318 ἀπὸ

1274 2342 1342 2378 τῶν
1361 2341 1551 2387 αἰσθητῶν.
1586 2369 1595 2378 .
1628 2369 1637 2378 .
1668 2366 1677 2376 .
1708 2339 2046 2390 ἐγκαταλείμματα·
2064 2339 2103 2376 οὖ
2118 2337 2185 2390 γὰρ
2200 2341 2335 2390 φρονεῖν

1274 2399 1314 2438 τὸ
1330 2399 1480 2438 τοιόνδε·
1501 2397 1579 2436 ἀλλ’
1599 2397 1655 2436 ὅτε
1674 2429 1685 2447 ,
1705 2402 1764 2436 τοῦ
1786 2398 1890 2448 λόγου
1913 2397 2156 2448 ἀπολυομένου
2175 2401 2236 2444 ’.ἧς
2251 2398 2337 2450 πρὸς

1272 2460 1312 2498 τὸ
1339 2462 1444 2511 σῶμα
1475 2458 1759 2506 καταστάσεως,’
1780 2458 1948 2510 κρείττων
1971 2474 2022 2503 τις
2054 2459 2089 2496 ἐν
2119 2459 2188 2502 τοῖς
2217 2458 2336 2503 ὕπνοις

1273 2521 1334 2565 τ’ἧς
1346 2519 1380 2557 ἐν
1392 2521 1441 2572 τῷ
1457 2517 1684 2571 ἐγρηγορέναι
1700 2521 1827 2569 γνῶσις
1840 2521 1899 2556 τοῦ
1917 2520 2048 2570 ἀγαθοῦ
2067 2516 2089 2564 ἢ
2106 2521 2168 2555 τοῦ
2187 2518 2335 2563 ἀληθοῦς

1273 2578 1420 2629 γίνεται.
1438 2578 1513 2616 Sed
1527 2591 1665 2616 verum
1683 2578 1784 2617 vidit
1799 2576 2152 2617 Aristoteles.Male
2162 2576 2335 2626 Scaliger

1273 2651 1331 2677 vs.
1365 2638 1439 2686 376
1467 2638 1664 2689 superiori
1686 2637 1867 2689 adjunxit
1900 2637 2034 2687 legens
2054 2635 2114 2674 καὶ
2134 2634 2213 2674 ὅσον
2236 2637 2331 2683 ἀλλ.,

1274 2698 1417 2736 rectius
1434 2697 1612 2736 Sturzius
1641 2706 1679 2735 et
1697 2697 1929 2736 Karstenius
1959 2695 2064 2734 ὅσσον
2089 2697 2122 2747 γ’
2143 2696 2238 2744 ἀλλ,
2261 2709 2333 2746 ego

1273 2756 1375 2795 δ’σσον
1394 2755 1425 2795 τ’
1446 2757 1527 2796 ἀλλ.
1548 2770 1634 2795 cum
1653 2756 1805 2795 Steinio
1825 2757 1954 2809 posui.
1975 2756 2078 2794 Olim
2100 2755 2335 2805 vulgabatur

1274 2815 1423 2858 ἀλλοίοις
1446 2814 1612 2869 μετέφην,
1633 2829 1839 2868 perperam
1863 2830 1884 2855 a
1904 2816 2057 2856 Sturzio
2078 2823 2266 2853 mutatum
2293 2817 2333 2853 in

1273 2874 1414 2925 μετέην.
1437 2875 1595 2927 Optime
1612 2876 1806 2915 Bekkerus
1826 2890 1847 2914 e
1868 2875 2107 2915 membranis
2130 2875 2299 2927 protulit
2322 2890 2330 2912 :

1272 2934 1406 2973 ἀλλοῖοι
1427 2935 1577 2987 μετέφυν
1599 2936 1626 2974 i.
1651 2948 1687 2976 e.
1713 2936 1850 2974 ἀλλοῖοι
1883 2935 2195 2986 μετεπλάσθησαν,
2225 2934 2331 2984 quod

1272 2994 1587 3046 metaphysicoru
1594 3009 1628 3032 m
1642 2995 1836 3047 interpres
1846 2995 2051 3034 Bessarion
2062 2992 2332 3046 proculdubio

1272 3054 1313 3091 in
1332 3053 1465 3092 codice
1482 3067 1553 3092 suo
1569 3054 1756 3106 scriptum
1774 3055 1962 3106 repperit.
1978 3054 2057 3092 Pro
2071 3053 2129 3092 καὶ
2143 3052 2181 3091 τὸ
2196 3053 2333 3105 φρονεῖν

1273 3112 1502 3151 Karstenius
1519 3112 1689 3151 malebat
1705 3112 1765 3151 καὶ
1783 3112 1951 3165 φρονέειν.
1969 3112 2081 3159 Quod
2100 3126 2120 3150 e
2137 3111 2331 3162 Simplicii

1270 3172 1404 3212 verbis
1423 3174 1540 3212 modo
1557 3174 1684 3212 allatis
1704 3174 1882 3225 sequitur
1905 3173 2179 3224 Empedoclem
2200 3170 2266 3210 hic
2283 3172 2330 3210 de

1271 3233 1436 3272 somniis
1457 3246 1593 3283 agere,
1611 3233 1652 3272 id
1672 3234 1790 3272 etiam
1811 3245 1833 3271 a
1854 3232 2075 3283 Philopono
2101 3231 2143 3269 in
2165 3230 2326 3269 Aristot.

1271 3290 1318 3329 de
1333 3291 1499 3330 Aninul.
1517 3292 1545 3332 l.
1565 3292 1726 3331 docetur
1744 3291 1812 3330 :‘O
1824 3290 1892 3343 γὰρ
1909 3289 2158 3341 Ἰἰμπεδοκλῆς
2176 3289 2237 3333 τὰς
2252 3290 2327 3327 δια·

1271 3349 1378 3403 φορὰς
1407 3354 1476 3389 τῶν
1508 3349 1697 3405 ὀνειράτων
1728 3350 1855 3402 λέγων,
1875 3349 1980 3403 φησὶν
2013 3348 2067 3387 ὅτι
2097 3350 2134 3387 ἐκ
2157 3350 2225 3387 τῶν
2253 3348 2328 3398 μεθ’

1269 3409 1408 3463 ἡμέραν
1422 3411 1670 3462 ἐνεργημάτων
1689 3412 1726 3449 αἱ
1743 3409 1940 3463 νυκτεριναὶ
1955 3408 2111 3461 γίνονται
2126 3406 2327 3461 φαντασίαι·

1271 3468 1401 3517 ταύτην
1423 3468 1459 3508 δὲ
1478 3469 1543 3517 τὴν
1560 3468 1757 3523 φαντασίαν
1779 3469 1943 3522 φρόνησιν
1965 3468 2066 3505 καλεῖ
2088 3467 2122 3504 ἐν
2139 3459 2188 3510 οἶς
2205 3480 2327 3518 φησιν·

1274 3546 1287 3563 n
1315 3527 1391 3567 ὅθεν
1425 3527 1541 3582 σφίσιν
1571 3528 1633 3567 καὶ
1663 3528 1703 3567 τὸ
1733 3534 1869 3581 φρονεῖν
1900 3527 2024 3566 ἀλλοῖα
2058 3524 2288 3578 παρίσταται.
2312 3543 2326 3558 υ
