2612 3814
565 501 1066 580 PRAEFATIO
1106 504 1226 579 DE
1290 499 1871 579 EPICHARMO.

1028 693 1417 716 —Qssffi

401 785 420 805 Ι

182 815 454 865 Epicharmus,
479 815 606 864 patria
635 815 736 853 Cous
760 813 836 867 (ι),
874 815 941 853 sed
968 828 990 853 a
1011 815 1192 866 plurimis
1222 834 1226 856 ι
1250 814 1476 853 nominatus
1499 822 1569 852 est.
1603 817 1689 852 Huc
1711 814 1864 852 accedit
1886 814 1995 864 quod
2013 821 2155 864 praeter
2178 821 2315 852 caetera

125 875 277 912 Siculus
306 874 356 926 (2)
376 874 530 911 habitus
544 903 554 921 ,
579 875 686 924 quod
706 875 905 911 trimestris
925 876 1005 912 fere
1028 876 1068 915 in
1091 876 1190 912 Sici-

127 935 216 972 liam
237 934 384 971 delatus
404 935 608 971 maximam
627 935 714 971 vitae
732 942 881 984 partem
904 935 959 971 ibi
980 935 1191 985 transegis—

123 1001 184 1030 set
197 1021 208 1040 ,
252 1007 333 1031 non
390 993 511 1032 modo
550 995 651 1031 inter
698 994 974 1043 Pythagoricos
1015 995 1190 1044 philoso-

126 1053 227 1104 phos
251 1051 331 1105 (3),
360 1052 428 1090 scd
445 1053 561 1090 etiam
581 1054 682 1090 inter
703 1054 874 1090 comicos
892 1060 1026 1103 poetas
1047 1067 1190 1090 nomen

126 1126 240 1152 suum
268 1113 463 1163 professus
490 1120 558 1152 est.
595 1114 724 1160 Quum
757 1113 860 1149 enim
889 1113 1028 1149 Bacchi
1053 1113 1191 1150 festum

126 1181 205 1211 tam
224 1172 418 1223 tragoediae
436 1185 549 1222 quam
565 1172 763 1209 comoediae
782 1173 893 1222 origo
912 1171 1029 1209 fuerit
1042 1201 1053 1220 ,
1068 1185 1088 1210 e
1105 1186 1156 1222 qu
1178 1196 1192 1201 -

124 1233 198 1272 bus
211 1234 331 1271 altera
350 1244 373 1269 a
392 1232 727 1281 dithyramborum
740 1260 750 1279 ‚
771 1224 888 1269 altera
901 1244 925 1269 a
944 1232 1188 1270 fescennino-

125 1306 214 1330 rum
229 1305 409 1330 versuum
432 1290 638 1342 (φαλλικῶν
659 1289 856 1344 ᾀσμάτων)
880 1293 1102 1329 cantoribus
1126 1293 1188 1329 in-

124 1361 238 1391 venta
257 1353 389 1398 fertur,
418 1351 540 1390 donec
567 1353 873 1402 incompositum
888 1353 1017 1402 primo
1046 1355 1189 1390 carmi-

125 1427 219 1454 num
255 1426 374 1464 genus
399 1425 418 1450 a
446 1413 577 1450 multis
612 1420 816 1450 tractatum
849 1413 977 1462 poetis
1002 1414 1190 1463 paulatim

123 1473 340 1523 perfectum
371 1479 489 1521 atque
510 1471 560 1509 ad
580 1472 759 1509 altiorem
797 1472 996 1522 digniratis
1025 1473 1190 1523 gradum

123 1538 301 1569 evectum
328 1539 383 1568 est
403 1544 411 1567 :
430 1530 625 1581 poliendis
644 1531 807 1568 rudibus
840 1532 1040 1569 conioediae
1071 1533 1191 1570 initiis

124 1591 269 1640 prImus
287 1591 393 1640 apud
407 1591 558 1627 Siculos
573 1603 731 1628 manum
746 1591 920 1628 admovit
935 1592 1188 1629 Aristoxenus

123 1650 357 1687 Selinuntius
375 1648 426 1702 (4)
442 1680 451 1698 ,
467 1651 722 1700 Epicharmus
731 1663 824 1687 vero
844 1651 946 1688 circa
965 1652 1029 1690 0¹.
1046 1652 1188 1688 LXXV

125 1717 274 1747 tantum
297 1711 389 1746 artis
408 1710 605 1757 adhibuit,
622 1717 668 1747 ut
683 1711 763 1760 ipse
790 1711 991 1748 comoediae
1009 1712 1192 1748 inventor

120 1770 209 1818 jure
242 1771 462 1819 meritoque
492 1770 686 1807 diceretur
716 1768 786 1821 (5).
820 1771 981 1821 Sapiens
1008 1771 1192 1809 videlicet

127 1831 262 1867 talium
281 1843 411 1867 rerum
430 1830 574 1867 arbiter
602 1830 832 1868 comoediam
850 1830 957 1879 cujus
976 1831 1090 1868 etiam
1110 1838 1192 1868 tum

104 1932 107 1934 ¹
125 1890 217 1926 vilia
238 1897 348 1926 erant
367 1896 405 1926 et
425 1890 523 1927 levia
543 1897 768 1940 argumenta
781 1918 792 1938 ,
822 1903 910 1941 quae
932 1892 1039 1928 omni
1062 1903 1191 1942 gravi-

123 1955 202 1986 tate
231 1955 270 2000 et
315 1955 513 1986 venustate
545 1957 742 1996 carerent,
773 1950 827 1987 sic
861 1951 1078 1988 immutavit
1094 1978 1105 1997 ,
1146 1959 1191 1988 ut

124 2008 253 2057 poesis
282 2006 450 2045 formam
464 2035 475 2057 ,
498 2008 631 2057 quoad
646 2007 728 2056 ejus
744 2007 832 2045 fieri
849 2017 998 2059 posset,
1014 2010 1193 2048 omnibus

123 2067 295 2104 numeris
311 2067 526 2104 absolutam
547 2068 758 2105 exhiberet.
773 2070 1037 2117 Quamobrem
1056 2070 1190 2108 Gram-

124 2127 288 2166 maticus
313 2126 362 2164 de
383 2127 575 2164 comoedia
601 2128 706 2177 apud
724 2128 903 2167 Dindorf.
922 2142 962 2179 p.
1001 2130 1078 2169 ΧΠ
1108 2130 1190 2167 haec

42 2181 46 2191 ’
75 2198 82 2206 ⁴
122 2188 208 2225 ait:
231 2185 462 2241 Ἐπίχαρμος
492 2182 591 2231 οὗτος
614 2190 751 2241 πρῶτος
778 2187 843 2237 τὴν
866 2188 1061 2242 κωμῳδίαν
1091 2189 1192 2244 διεῤ-

127 2245 303 2299 ῥιμμένην
364 2246 605 2296 ἀνεκτήσατο,
645 2247 762 2287 πολλὰ
810 2248 1187 2302 προσφιλοτεχνήσας·

122 2299 264 2353 χρόνοις
297 2300 334 2339 δὲ
359 2300 482 2353 γέγονε
502 2301 596 2340 κατὰ
625 2301 689 2350 τὴν
718 2301 771 2354 ογ’
791 2301 1048 2355 Ὀλυμπιάδα,
1083 2306 1128 2356 τῇ
1151 2302 1189 2342 δὲ

128 2358 271 2407 ποιήσει
287 2359 466 2411 γνωμικὸς
488 2360 549 2399 καὶ
568 2361 744 2414 εὑρετικὸς
763 2360 832 2400 »καὶ
853 2361 1072 2415 φιλότεχνος.
1098 2363 1188 2414 Epi-

122 2420 304 2457 charmus
325 2422 444 2471 igitur
462 2434 583 2471 quum
603 2429 741 2472 suopte
758 2423 915 2472 ingenio
939 2429 976 2459 et
996 2423 1188 2460 inveniret

123 2487 166 2518 et
191 2482 349 2518 inventa
380 2481 429 2518 ad
452 2481 629 2519 eximiam
650 2482 858 2531 quamdam
886 2483 1189 2531 pulchritudinis

123 2548 166 2578 et
180 2542 272 2580 artis
291 2542 481 2591 speciem,
500 2555 584 2591 quae
602 2543 720 2592 ipsius
741 2544 869 2580 animo
888 2543 1183 2590 obversabatur,

123 2600 315 2647 referret,
344 2601 493 2650 primus
528 2601 743 2640 fabularum
781 2609 917 2639 auctor
951 2603 1000 2639 ab
1033 2604 1184 2640 Aristo—

124 2660 201 2697 tele
224 2659 295 2711 (6),
315 2660 513 2697 comoeffim
534 2669 663 2698 autem
681 2662 863 2711 princeps
893 2674 916 2699 a
936 2661 1100 2700 Platone
1135 2660 1188 2714 (7)

1095 2756 1159 2763 ——

170 2791 214 2832 (1)
227 2792 321 2832 Diog.
339 2794 446 2825 Laert.
464 2794 556 2835 vm,
569 2795 608 2826 78
628 2806 636 2826 ε
651 2793 847 2837 Ἐπίχαρμος
859 2795 1050 2833 Ἡλοθαλοῦς
1060 2819 1069 2836 ,
1084 2798 1190 2837 Κῷος,

124 2840 183 2872 ’καὶ
202 2840 294 2877 οὗτος
313 2841 434 2879 ἤκουσε
451 2841 652 2884 Πυθαγόρου.
673 2844 875 2885 Τριμηνιαῖος
891 2843 918 2875 δ’
939 2843 1092 2885 ὑπάρχων
1112 2844 1190 2883 ἀπη-

129 2888 224 2930 νέχθη
241 2892 296 2928 τῆς
319 2889 460 2927 Σικελίας
475 2891 518 2927 εἰς
540 2891 689 2932 Μέγαρα,
708 2891 847 2923 ἐντεῦθεν
867 2892 899 2924 δὲ
913 2893 956 2928 εἰς
973 2892 1189 2933 Συρακούσας,

122 2936 171 2973 ·ὥς
192 2947 267 2978 φησι
285 2938 338 2969 καὶ
358 2938 451 2974 αὐτὸς
468 2937 499 2969 ἐν
515 2941 580 2974 τοῖς
598 2938 835 2981 συγγράμμασι.

171 2984 217 3023 (2)
231 2985 345 3017 Cicero
358 2985 493 3018 Tuscul.
510 2986 540 3025 1,
561 2988 579 3018 8
596 2998 604 3018 :
620 2986 683 3019 Sed
699 2988 735 3019 tu
755 2987 835 3019 mihi
849 2986 971 3020 videris
989 2987 1189 3028 Epicharmi,

127 3032 230 3072 acuti,
248 3041 309 3065 nec
326 3032 438 3064 insulsi
452 3032 607 3074 hominis,
629 3035 664 3066 ut
679 3034 792 3075 Siculi,
811 3035 1004 3068 sententiam
1020 3035 1122 3076 sequi.
1139 3036 1190 3068 Cf.

129 3079 262 3112 Aristot.
282 3079 323 3112 de
341 3079 471 3112 Poetica
496 3089 570 3121 cap.
593 3085 634 3121 33
654 3083 766 3114 Horat.
791 3082 896 3122 Epist.
923 3082 978 3115 lib.
1009 3084 1055 3122 ΙΙ,
1082 3085 1112 3122 1,
1137 3087 1189 3116 58.

129 3126 313 3166 Stephanus
326 3127 502 3168 Byzantius
518 3130 671 3161 crastum
688 3130 717 3162 ei
734 3130 872 3171 patriam
889 3130 986 3163 fuisse
1000 3130 1124 3163 scribit.
1140 3133 1192 3164 Ait

131 3173 216 3206 enim
230 3183 256 3207 s.
276 3182 308 3207 v.
329 3176 486 3217 Κραστός·
504 3176 593 3215 πόλις
608 3178 751 3216 Σικελίας
763 3182 825 3211 τῶν
837 3181 992 3212 Σικανῶν.
1005 3178 1061 3212 Ἐκ
1075 3180 1191 3219 ταύτης

128 3219 169 3260 ἢν
189 3220 386 3264 Ἐπίχαρμος
403 3224 420 3255 ὁ
440 3224 595 3265 κωμικός.

174 3268 219 3309 (3)
241 3269 398 3309 Diogenes
418 3272 564 3303 Laertius
577 3271 600 3305 1.
619 3281 648 3304 c.
667 3282 676 3304 τ
695 3273 796 3311 Οὗτος
814 3275 1028 3316 ὑπομνήματα
1051 3276 1189 3308 κατεγλέΨ

131 3314 257 3355 λοιπεν,
284 3316 315 3348 ἐν
351 3317 396 3354 οἷς
425 3319 622 3360 φυσιολογεῖ,
644 3322 857 3363 γνωμολογεῖ,
907 3323 1095 3363 ἰατρολογεῖ.
1137 3323 1188 3356 Cf.

133 3362 308 3395 meursium
326 3364 365 3396 ad
384 3366 566 3399 Helladium
584 3376 616 3409 p.
639 3373 693 3409 65,
713 3371 745 3401 et
766 3370 890 3402 Fabric.
912 3370 1065 3402 Biblioth.
1086 3372 1141 3403 Gr.
1157 3372 1191 3403 II

135 3417 166 3449 p.
183 3412 244 3442 302
263 3411 316 3443 ed.
336 3413 424 3445 Harl.
442 3413 505 3446 Sed
532 3414 603 3447 haec
617 3416 738 3457 scripta
757 3417 785 3449 ei
806 3417 975 3459 supposita
1000 3418 1097 3450 fuisse
1113 3427 1190 3451 con-

128 3455 260 3496 jicimus
283 3467 322 3490 ex
338 3459 453 3492 Athen.
473 3462 548 3494 xiv
569 3470 600 3502 p.
624 3465 697 3504 648,
714 3466 754 3496 D.
777 3465 850 3497 Vici.
867 3465 942 3497 adn.
963 3469 1010 3497 ¹0.

179 3500 224 3539 (4)
247 3501 452 3540 Hephaestion
471 3502 510 3535 de
527 3504 637 3537 Metris
661 3514 695 3546 p.
714 3508 754 3538 45
777 3506 827 3538 ed.
845 3508 936 3539 Pors.
958 3520 965 3539 :
987 3506 1191 3549 Ἀριστόξενος

1223 863 1227 913 i
1252 888 1338 924 quae
1358 875 1398 911 in
1411 875 1608 925 praestanti
1627 883 1744 925 poeta
1764 875 1887 912 inesse
1907 874 2051 911 debent
2069 886 2220 910 omnem
2235 874 2318 924 phi-

1222 919 1226 945 Ι
1252 935 1438 984 losophiae
1474 936 1553 972 vim
1581 942 1620 972 et
1649 935 1887 985 majestatem
1928 942 2057 972 mente
2097 935 2319 984 complexus

1254 1003 1353 1033 erat.
1376 995 1529 1032 Etenim
1560 1003 1769 1045 postquam
1803 995 1986 1033 diuturna
2014 1007 2146 1031 rerum
2165 994 2318 1032 divina·

1252 1068 1341 1091 rum
1383 1055 1722 1104 humanarumque
1766 1055 2094 1104 contemplatione
2132 1055 2320 1092 excitatus

1252 1115 1449 1164 ingenium
1470 1115 1520 1151 ad
1538 1115 1783 1152 altitudinem
1800 1116 1956 1161 extulit,
1985 1127 2007 1152 a
2025 1115 2227 1152 servilibus
2257 1115 2320 1152 di-

1253 1174 1380 1210 cteriis
1395 1181 1433 1210 et
1452 1175 1672 1224 vulgaribus
1690 1174 1855 1222 facetiis,
1874 1175 2015 1224 quibus
2028 1175 2089 1212 vel
2102 1174 2209 1224 apud
2219 1176 2320 1212 Atti-

1252 1245 1317 1269 cos
1338 1232 1516 1272 Cratinus
1531 1241 1569 1270 et
1587 1234 1874 1283 Aristophanes,
1886 1234 1950 1270 illa
1965 1235 2106 1271 veteris
2120 1233 2319 1270 comoediae

1253 1299 1493 1339 ornamenta,
1507 1292 1880 1341 delectabantur,huj
1887 1306 1931 1330 us
1945 1293 2093 1329 animus
2109 1292 2317 1331 abhorrere

1252 1352 1368 1401 coepit
1403 1343 1604 1389 Statuebat
1627 1353 1802 1390 omnium
1825 1352 2118 1403 disciplinarum
2145 1352 2319 1401 reginam

1251 1411 1543 1460 philosophiam
1565 1412 1686 1448 solam
1710 1413 1797 1449 vitae
1817 1413 2039 1462 magistram
2054 1412 2320 1462 vitiorumque

1252 1470 1506 1520 expultricem
1527 1483 1623 1518 esse,
1650 1471 1717 1508 sed
1746 1471 1929 1509 Hieronis
1954 1471 2157 1522 tyrannide
2184 1483 2207 1507 a
2232 1484 2319 1522 pro-

1250 1527 1403 1566 fitendis
1449 1530 1608 1579 publice
1649 1531 1842 1581 sapientiae
1879 1533 2082 1582 praeceptis
2116 1531 2321 1569 deterritus

1251 1589 1515 1638 Pythagoricae
1549 1589 1710 1627 rationis
1748 1591 2006 1641 granditatem
2041 1603 2129 1626 cum
2164 1591 2320 1639 poetica

1252 1647 1433 1685 facultate
1459 1649 1682 1700 copulavit,
1711 1663 1790 1700 quo
1811 1651 1962 1687 facilius
1990 1662 2111 1687 scenae
2140 1650 2319 1699 praesidio

1253 1707 1301 1743 ab
1322 1707 1550 1744 adversariis
1565 1715 1670 1745 tutus
1691 1710 1917 1760 Pythagorae
1934 1709 2115 1759 dogmata
2135 1710 2176 1744 in
2189 1709 2316 1746 lucem

1254 1774 1371 1816 atque
1400 1767 1442 1803 in
1464 1767 1669 1804 hominum
1690 1769 1952 1806 celebritatem
1984 1768 2190 1818 proferret.
2212 1770 2319 1816 Quo-

1256 1827 1362 1864 circa
1394 1827 1594 1864 comoediae
1616 1828 1671 1865 ita
1703 1827 1798 1876 jecit
1826 1829 2095 1875 fundamenta,
2130 1835 2174 1864 ut
2201 1829 2244 1864 in
2272 1830 2317 1866 iis

1255 1899 1350 1936 quas
1373 1886 1510 1924 docuit
1526 1886 1667 1925 fabulis
1695 1888 1793 1925 boni
1813 1890 1983 1938 malique
2000 1900 2131 1925 causas
2148 1889 2318 1937 aperiret

1253 1947 1445 1996 simulque
1483 1947 1687 1984 hominum
1723 1961 1852 1986 mores
1865 1979 1874 1996 ,
1909 1949 2064 1999 ingenia
2104 1961 2319 1999 eorumque

1253 2008 1409 2044 abditos
1429 2019 1598 2045 recessus
1613 2007 1852 2057 paiefaceret
1872 2016 1910 2046 et
1932 2009 2116 2045 mortales
2134 2008 2319 2046 doctrinae

1254 2067 1482 2104 excellentia
1512 2066 1870 2117 sententiarumque
1902 2069 2089 2119 gravitate
2128 2069 2316 2108 alliceret.

1223 2101 1230 2164 i
1254 2126 1366 2164 Adde
1399 2126 1508 2175 quod
1538 2127 1728 2164 virtutum
1760 2128 2025 2177 vitiorumque
2071 2129 2248 2178 exempla
2273 2141 2319 2166 ex

1252 2187 1336 2236 ipsa
1354 2193 1492 2223 natura
1515 2199 1697 2236 expressa
1717 2188 1894 2225 exhibuit
1910 2195 1948 2225 et
1967 2189 2210 2226 audientium
2227 2190 2319 2226 ani-

1254 2258 1339 2282 mos
1355 2253 1432 2283 tam
1450 2247 1638 2284 suavitate
1659 2248 1875 2295 delectare,
1898 2261 2014 2298 quam
2034 2250 2249 2286 rationibus
2268 2249 2316 2286 ad

1252 2306 1405 2342 virtutis
1433 2306 1602 2343 studium
1619 2314 1843 2346 convertere
1860 2314 2020 2345 conatus
2036 2316 2105 2346 est.
2123 2309 2198 2345 Sed
2221 2322 2318 2358 quo·

1252 2366 1357 2403 niam
1376 2364 1475 2402 nihil
1500 2365 1552 2402 ad
1573 2367 1691 2403 vitam
1711 2366 1921 2403 humanam
1951 2367 2162 2418 regendam
2191 2369 2317 2418 aptius

1254 2432 1293 2461 et
1321 2424 1372 2461 ad
1393 2425 1564 2462 civitates
1593 2426 1771 2475 quolibet
1788 2426 1984 2464 bonorum
2012 2420 2151 2478 genere
2180 2441 2317 2465 cumu-

1255 2484 1389 2521 landas
1406 2480 1739 2523 accommodatius
1764 2493 1838 2534 est,
1860 2500 1976 2536 quam
1995 2495 2123 2524 rectus
2152 2487 2317 2525 deorum

1255 2545 1379 2581 cultus
1403 2556 1413 2583 :
1435 2557 1569 2594 pravas
1589 2558 1673 2594 quae
1705 2553 1786 2582 tum
1805 2546 2031 2584 ferebantur
2062 2548 2110 2585 de
2131 2547 2204 2584 diis
2226 2550 2314 2598 opi-

1250 2603 1388 2641 niones
1405 2617 1451 2641 ex
1470 2605 1673 2642 hominum
1693 2606 1887 2643 mentibus
1905 2608 2068 2644 evellere
2094 2616 2319 2657 poetarum-

1252 2676 1327 2712 que
1347 2672 1563 2702 commenta
1581 2666 1791 2703 verborum
1813 2664 2007 2704 suav1i⁷aie
2025 2667 2220 2706 infirmare
2241 2677 2319 2706 ten-

1252 2795 1278 2828 o’
1288 2796 1305 2828 ὁ
1322 2796 1530 2834 Σελινούντιος
1540 2796 1740 2840 Ἐπιχάρμου
1755 2799 1962 2841 πρεσδύτερος
1977 2800 2100 2841 ἐγένετο
2114 2802 2263 2843 ποιητής,
2280 2802 2318 2835 οὗ

1251 2845 1304 2876 καὶ
1327 2844 1420 2881 αὐτὸς
1433 2844 1628 2887 Ἐπίχαρμος
1651 2846 1836 2887 μνημονεύει
1853 2846 1868 2889 [
1882 2846 1957 2880 vide
1978 2856 2045 2880 vss.
2064 2849 2225 2892 126-127]
2238 2875 2247 2890 ‚
2262 2852 2316 2882 καὶ

1251 2890 1364 2922 τούτου
1381 2889 1487 2923 τοίνυν
1504 2895 1561 2923 τοῦ
1573 2892 1792 2940 1Ἀριστοξένου
1811 2894 2040 2936 μνημονεύεταί
2057 2906 2127 2927 τινα
2145 2896 2248 2938 τούτῳ
2270 2900 2317 2938 τῷ

1255 2938 1357 2978 μέτρῳ
1369 2939 1653 2980 γεγραμμένα·“τίς
1675 2940 1841 2979 ἀλαζονίαν
1859 2942 2010 2974 πλείσταν
2031 2943 2160 2984 παρέχει
2176 2947 2240 2976 τῶν
2261 2945 2315 2976 ἀν-

1253 2985 1404 3026 θρώπω··;
1424 2986 1471 3018 τοὶ
1500 2985 1634 3027 μάντεις,
2014 3029 2017 3030 ⁷

1295 3033 1340 3073 (5)
1374 3033 1555 3066 xristoteles
1573 3034 1614 3067 de
1634 3035 1764 3068 Poetica
1783 3044 1854 3077 cap.
1871 3041 1888 3069 3
1910 3045 1918 3065 ε
1939 3038 2003 3075 Τῆς
2021 3037 2076 3078 μὲν
2093 3038 2263 3080 κωμῳδίας
2286 3042 2315 3072 οἱ

1252 3082 1405 3123 Μεγαρεῖς
1425 3082 1704 3124 (ἀντιποιοῦνται)
1724 3084 1755 3117 οἵ
1772 3096 1806 3117 τε
1821 3085 1956 3117 ἐνταῦθα
1969 3087 2011 3122 ὡς
2031 3086 2081 3117 ἐπὶ
2098 3089 2152 3125 τῆς
2169 3086 2243 3128 παρ’
2264 3088 2318 3119 αὐ-

1252 3133 1316 3166 τοῖς
1335 3130 1548 3171 δημοκρατίας
1586 3132 1754 3174 γενομένης
1766 3133 1821 3165 καὶ
1842 3135 1871 3165 οἱ
1889 3133 1925 3165 ἐκ
1947 3133 2106 3172 Σικελίας,
2124 3134 2239 3167 ἐκεῖθεν
2257 3135 2316 3177 γὰρ

1251 3175 1290 3216 ἦν
1313 3176 1510 3223 Ἐπίχαρμος
1526 3179 1544 3211 ὁ
1559 3180 1711 3220 ποιητής,
1726 3181 1835 3223 πολλῷ
1855 3180 2001 3223 πρότερος
2020 3181 2064 3213 ὢν
2081 3182 2238 3215 Χιωνίδου
2260 3183 2312 3214 καὶ

1252 3223 1431 3264 Μάγνητος.

1295 3271 1339 3312 (6)
1365 3272 1555 3306 Aristoteles
1570 3274 1611 3307 de
1632 3274 1762 3307 poetica
1787 3284 1859 3316 cap.
1886 3280 1904 3308 5
1923 3284 1931 3307 τ
1953 3277 2018 3307 Τοῦ
2035 3276 2067 3307 δὲ
2086 3275 2200 3316 μύθους
2215 3280 2313 3310 ποιεῖν

1251 3317 1446 3363 Ἐπίχαρμος
1460 3323 1515 3354 καὶ
1529 3322 1650 3365 Φόρμις
1664 3323 1769 3365 ἦρξαν.
1794 3324 1838 3357 Τὸ
1862 3324 1917 3366 μὲν
1938 3322 1992 3355 οὖν
2010 3324 2040 3361 ἐξ
2058 3324 2155 3366 ἀρχῆς
2173 3326 2208 3356 ἐκ
2223 3326 2309 3357 Σικε-

1251 3366 1318 3404 λίας
1335 3367 1420 3407 ἦλθέ.
1507 3395 1509 3397 .

1295 3415 1341 3456 (7)
1370 3416 1460 3450 Plato
1484 3417 1643 3451 Theaetet.
1678 3427 1750 3459 pag.
1774 3422 1842 3452 152.
1863 3421 1900 3451 E.
1930 3428 1937 3450 τ
1959 3419 2021 3451 Καὶ
2043 3423 2105 3452 τῶν
2123 3422 2263 3456 ποιητῶν
2284 3421 2311 3452 οἱ

1253 3462 1343 3503 ἄκροι
1367 3468 1421 3503 τῆς
1454 3466 1612 3504 ποιήσεως
1630 3467 1800 3509 ἑκατέρας,
1830 3467 2000 3508 κωμῳδίας
2025 3468 2079 3508 μὲν
2099 3466 2312 3508 Ἐπίχαρμος,

1252 3511 1428 3553 τραγῳδίας
1449 3513 1482 3545 δὲ
1498 3514 1653 3555 ”Ομηρος.

2142 3574 2168 3600 9.
