2612 3814
934 239 1001 277 DE
1008 239 1221 278 xtocRITl
1251 238 1572 278 FRAGMENTA
1581 267 1591 275 .

310 329 446 385 (Stob.
466 329 566 367 Flor.
586 327 720 374 XLVI,
741 329 805 371 43.
822 330 832 374 )

175 402 243 429 20⁸.
267 388 338 428 Καὶ
360 386 393 426 οἳ
413 402 522 441 φυγης
551 385 631 431 ἄξια
653 384 810 439 ἔρδουσι,
838 383 860 431 ἢ
892 382 1073 434 δεσμῶνῆ
1099 388 1222 431 ποινῆς

254 447 361 497 ἄξιοι,
381 442 663 498 καταψηφιστέον
689 459 748 482 και
777 443 827 494 μὴ
849 443 1028 482 ἀπολύειν·
1060 442 1095 486 ὃς
1130 442 1160 481 δ’
1180 442 1221 481 ἂν

253 504 351 557 παρὰ
366 504 469 554 νόμον
488 502 643 554 ἀπολύῃ,
670 501 786 555 κέρδεϊ
803 502 927 554 ὁρίζων
953 502 976 549 ἢ
995 502 1122 554 ἡδονῇ,
1144 503 1220 540 ἄδι·
1239 547 1243 552 1

252 562 337 602 κέει·
354 561 416 601 καί
441 563 472 600 οἳ
491 564 593 599 τοῦτο
614 560 830 612 ἐγκάρδιον’
811 560 947 612 ανάγκη
968 554 1069 600 εἶναι.

306 620 443 675 (Stob.
465 619 570 658 Flor.
593 618 727 667 XLVI,
747 620 841 670 44.)

173 695 238 721 ποι.
256 683 337 720 Τῶν
371 677 633 732 ἡμαρτημένων
660 677 836 730 ἄνθρωποι
866 677 1063 729 μεμνέαται
1084 678 1218 728 μᾶλλον

177 751 179 754 ⁴
251 739 274 786 ἢ
291 741 359 777 τῶν
380 732 417 777 εῧ
449 736 712 787 πεποιημένων.
741 736 815 776 Καὶ
839 737 909 790 γὰρ
935 737 1066 776 δίκαιον
1094 735 1216 780 οὕτως·

249 797 368 850 ὥσπερ
399 797 462 841 τὰς
492 795 794 850 παρακαταθήκας
825 795 1034 835 ἀποδιδόντα
1073 795 1111 832 οὔ
1149 793 1219 846 χρὴ

250 855 489 903 ἐπαινέεσθαι,
513 855 570 894 τὸν
589 853 624 893 δὲ
645 853 694 905 μὴ
715 853 922 893 ἀποδιδόντα
943 856 1060 896 κακῶς
1081 852 1218 891 ἀκούειν

248 915 308 955 καὶ
327 914 494 967 πάσχειν,
522 914 613 952 οὕτω
632 914 692 953 καὶ
708 913 765 951 τὸν
793 913 961 966 ἄρχοντα.
1005 914 1059 952 Οὐ
1075 911 1142 963 γὰρ
1161 912 1218 950 ἐπὶ

247 973 378 1027 τουτέῳ
396 974 504 1027 ᾑρέθη
524 977 570 1017 ὡς
589 975 706 1016 κακῶς
726 971 903 1019 ποιήσων,
924 973 1006 1010 ’ἀλλ’
1028 974 1075 1016 ὡς
1103 964 1152 1010 εῧ.

301 1035 314 1084 (
329 1033 438 1072 Stob.
465 1032 566 1071 Flor.
582 1030 717 1081 XLVI,
737 1037 801 1079 47.
816 1034 826 1081 )

168 1108 236 1134 205.
257 1092 417 1142 Οὗδεμίη
444 1091 587 1145 μηχανὴ
608 1092 658 1144 τῷ
698 1093 758 1127 νῦν
787 1090 999 1128 κατεστεῶτι
1021 1089 1144 1142 ῥυσμῷ
1166 1087 1215 1138 μὴ

249 1158 311 1197 οὔκ
330 1156 479 1196 ἀδικέειν
500 1155 577 1200 τοὺς
598 1155 792 1207 ἄρχοντας,
822 1153 864 1200 ἢν
894 1153 953 1192 καὶ
982 1152 1073 1192 πάνυ
1094 1151 1216 1202 ἀγαθοὶ

251 1216 344 1255 ἔωσι·
366 1215 477 1255 οὐδενὶ
496 1214 564 1267 γὰρ
597 1214 694 1266 ἄλλῳ
726 1212 816 1251 ἔοικε
835 1212 999 1266 ἢεωυτῷ
1024 1210 1083 1250 τὸν
1115 1210 1214 1250 αὐτὸν

242 1275 297 1314 ἐπ’
313 1274 462 1327 ἑτέροισι
480 1273 650 1326 γίνεσθαι.
667 1271 805 1315 Δέειδέ
825 1286 894 1315 κως
915 1270 1011 1309 οὕτω·
1027 1270 1085 1308 καὶ
1103 1273 1215 1308 ταῦτα

247 1337 489 1386 κοσμηθῆναι,
506 1332 597 1376 ὅκως
616 1333 634 1370 ὁ
655 1330 764 1381 μηδὲν
786 1330 934 1370 ἀδικέων
946 1359 957 1378 ,
978 1328 1020 1376 ἢν
1039 1329 1100 1368 καὶ
1125 1328 1215 1367 πάνυ

246 1395 350 1442 ἐτάζη
367 1392 446 1438 τοὺς
465 1391 686 1442 ἀδικέοντας,
707 1389 757 1439 μὴ
780 1391 840 1428 ὑπ’
856 1389 1018 1428 ἐκείνοισι
1037 1387 1212 1437 γενέσθαι,

247 1438 340 1492 ἄλλοί
354 1468 406 1497 τις
421 1450 444 1499 ἢ
462 1450 586 1506 θεσμὸς
605 1449 629 1497 ἤ
645 1465 677 1488 τι
697 1447 784 1488 ἄλλο
801 1448 944 1499 ἀμυνέει
966 1452 1015 1502 τῷ
1032 1447 1075 1486 τὰ
1097 1448 1213 1486 δίκαια

245 1527 416 1552 ποιευντι.

303 1573 315 1619 (
330 1570 438 1610 Stob.
460 1570 563 1611 Flor.
582 1569 715 1618 XLVI,
734 1567 828 1621 48.)

251 1628 353 1669 Κατὰ
377 1629 413 1668 δὲ
434 1629 531 1675 ζώων
559 1628 634 1668 ἔστι
654 1623 701 1668 ὧν
724 1627 825 1682 φόνον
854 1643 914 1666 και
941 1626 991 1677 μὴ
1014 1624 1115 1679 φόνον
1144 1619 1211 1664 ωδε

245 1689 328 1762 ἔχει·
350 1688 394 1728 τὰ
414 1688 595 1728 ἀδικέοντα
623 1690 684 1728 καὶ
710 1688 854 1727 θέλοντα
884 1685 1033 1725 ἀδικέειν
1061 1686 1171 1738 ἀθῷος
1193 1685 1211 1722 δ

244 1746 409 1796 κτείνων,
427 1747 486 1786 καὶ
500 1748 584 1801 πρὸς
598 1749 758 1787 εὖεστοῧν
779 1750 880 1785 τοῦτο
907 1745 1016 1798 ἔρδειν
1038 1724 1209 1795 μᾶλλονῆ

247 1805 309 1857 μή

296 1864 434 1916 (Stob.
455 1864 560 1905 flor.
577 1863 712 1912 XLIV,
740 1865 802 1905 16.
818 1864 830 1916 )

163 1938 230 1965 207.
256 1924 413 1965 Κτείνειν
433 1924 505 1977 χρὴ
527 1923 572 1962 τὰ
591 1924 814 1976 πημαίνοντα
843 1920 941 1975 παρὰ
970 1920 1068 1969 δίκην
1094 1918 1210 1960 πάντα

165 1644 229 1670 20⁰.

206 2126 279 2157 203.
316 2123 495 2156 Damnandi
529 2132 634 2164 neque
658 2123 842 2156 absolvendi
877 2126 975 2165 sunt,
1009 2125 1065 2166 qui
1094 2125 1214 2166 aliquid

163 2183 294 2224 dignum
317 2183 429 2215 exsilio
452 2182 677 2223 committunt,
695 2184 751 2215 aut
770 2183 825 2224 qui
849 2183 985 2215 vinculis
1006 2184 1109 2217 aliave
1123 2193 1215 2225 poena

166 2241 252 2283 digni
271 2242 357 2274 sunt.
392 2241 454 2279 Qui
476 2250 553 2274 vero
572 2240 679 2283 legum
706 2241 898 2273 auctoritate
926 2242 1087 2274 contemta
1110 2243 1214 2283 (ejus-

164 2300 253 2334 modi
268 2300 435 2341 homines)
450 2299 599 2341 absolvit,
617 2299 696 2332 lucri
720 2301 776 2333 aut
794 2300 971 2341 voluptatis
984 2301 1086 2342 gratia
1099 2289 1216 2334 dener-¹

166 2367 256 2400 nens,
271 2359 389 2401 injuste
403 2361 479 2402 agit,
500 2361 596 2402 atque
609 2360 692 2393 hanc
703 2360 816 2402 agendi
831 2360 986 2394 rationem
1003 2361 1031 2394 ei
1049 2361 1137 2393 cordi
1148 2370 1216 2394 esse

165 2427 295 2452 necesse
310 2420 371 2452 est.

206 2480 279 2511 204.
301 2477 456 2511 Homines
476 2477 519 2518 (i.
537 2486 568 2511 e.
592 2477 701 2519 cives)
726 2478 810 2511 male
835 2487 933 2520 quam
954 2479 1035 2512 bene
1053 2479 1212 2512 factorum

166 2536 267 2578 magis
284 2537 360 2569 sunt
383 2544 562 2576 memores,
581 2538 678 2577 atque
701 2535 745 2568 ita
766 2535 832 2568 fieri
853 2544 910 2577 par
933 2539 992 2568 est.
1024 2538 1067 2568 Ut
1084 2537 1140 2578 qui
1157 2537 1216 2568 de-

166 2597 309 2639 positum
331 2596 459 2637 reddit,
484 2596 607 2629 laudari
622 2605 688 2628 non
707 2595 824 2636 debet,
839 2598 873 2629 at
899 2596 1089 2637 reprebendi
1105 2598 1138 2629 et
1158 2606 1216 2638 pu·

167 2657 226 2689 niri
242 2656 298 2699 qui
320 2665 385 2689 non
408 2655 512 2689 reddit
533 2665 542 2687 t
571 2655 616 2688 ita
645 2655 685 2688 de
711 2655 902 2696 magistratu
922 2664 1052 2697 quoque
1069 2655 1215 2696 J'udican-

167 2715 246 2748 dum
260 2717 320 2749 est.
356 2716 466 2757 Neque
479 2713 564 2748 enim
577 2723 614 2747 ea
631 2714 698 2755 lege
718 2716 754 2747 ut
773 2713 855 2746 mate
878 2714 971 2747 {aciat
983 2739 992 2755 ,
1008 2714 1063 2747 sed
1084 2718 1120 2747 ut
1137 2715 1219 2748 bene

168 2774 263 2808 saciat
273 2774 412 2815 eiigitur.

208 2837 281 2867 205.
300 2835 338 2866 In
362 2832 510 2875 praesenti
528 2841 636 2865 rerum
650 2832 737 2865 statu
754 2831 820 2864 fieri
833 2841 897 2864 non
911 2833 1028 2874 potest,
1051 2833 1130 2874 quin
1146 2842 1215 2865 ma·

167 2893 318 2934 gistratus
329 2891 426 2925 etiam
439 2891 533 2924 valde
550 2891 623 2924 boni
639 2890 840 2932 (interdurn)
855 2891 965 2932 inique
978 2895 1095 2932 agant;
1112 2901 1215 2933 neque

167 2951 251 2983 enim
274 2950 331 2983 uili
354 2950 405 2982 aiii
421 2949 482 2982 nisi
499 2949 561 2981 sibi
584 2949 643 2990 ipsi
663 2949 775 2982 similis
791 2953 841 2982 est
856 2949 926 2982 haec
942 2958 1051 2982 rerum
1070 2950 1168 2983 facies
1187 2954 1218 2982 et

168 3009 329 3049 conditio,
345 3018 409 3050 qua
434 3009 530 3042 iidem
549 3007 723 3050 (homines
745 3008 923 3050 perpetuo)
943 3008 1016 3041 aliis
1029 3010 1130 3050 atque
1149 3009 1219 3042 aliis

169 3069 449 3111 (magistratibus)
467 3071 589 3109 parent.
605 3069 764 3101 Convenit
784 3068 883 3101 etiam
905 3069 950 3101 ita
974 3070 1039 3102 sere
1067 3070 1137 3102 baec
1155 3069 1220 3111 (de

170 3127 288 3169 quibus
313 3127 449 3168 loquor)
469 3126 611 3167 institui,
636 3128 672 3160 ut
697 3127 752 3168 qui
778 3127 866 3160 nulla
889 3127 922 3160 in
951 3137 986 3160 re
1010 3128 1166 3169 injustum
1185 3137 1219 3161 se

169 3184 290 3226 praebet
301 3208 311 3225 ‚
324 3185 447 3218 etiamsi
465 3193 575 3217 severe
592 3184 632 3217 de
655 3185 843 3226 injuriarum
869 3177 1196 3227 auctoribus'quaerat
1209 3211 1218 3227 ‚

169 3241 232 3273 ints
246 3249 287 3273 ne
303 3241 410 3281 pareat
430 3241 593 3282 (postea),
608 3241 663 3273 sed
674 3242 711 3274 ut
727 3242 777 3274 vel
790 3242 837 3274 lex
856 3243 906 3275 vel
929 3242 1015 3275 aliud
1032 3243 1108 3283 quid
1124 3244 1220 3284 magi·

170 3299 308 3332 stratum
324 3296 449 3338 justitia
470 3298 624 3339 insignem
646 3299 687 3330 ab
700 3298 831 3331 iliorum
847 3299 964 3340 injuria
985 3299 1152 3332 dermdat.

213 3361 290 3390 206.
317 3358 364 3390 De
379 3357 566 3390 animalium
583 3357 787 3399 quorundam
810 3358 899 3391 caede
916 3359 1070 3399 permissa
1095 3368 1133 3391 ac
1156 3369 1219 3392 non

174 3416 328 3459 permissa
352 3416 397 3449 sic
420 3425 454 3448 se
474 3425 523 3448 res
545 3416 652 3449 habet.
675 3418 720 3449 Ea
746 3426 821 3458 quae
846 3417 995 3467 injuriam
1021 3418 1140 3451 faciunt
1164 3420 1221 3452 aut

175 3478 277 3510 facere
288 3475 414 3514 volunt,
428 3475 576 3516 quisquis
585 3475 749 3517 occiderit,
763 3475 914 3510 innocens
923 3477 996 3518 erit,
1011 3476 1109 3510 immo
1123 3487 1161 3511 ne
1172 3487 1220 3511 sa·

325 3539 442 3564 varnos.
462 3539 560 3564 onze.

2254 248 2327 281 353

1362 325 1442 377 περὶ
1460 325 1604 369 παντός·
1623 325 1684 363 καὶ
1702 329 1812 364 ταῦτα
1833 328 1850 363 ὃ
1870 326 1994 365 ποιέων
2014 327 2179 378 εὐθυμίης
2199 328 2259 367 καὶ
2277 329 2329 367 δί-

1362 401 1428 432 κης
1458 384 1519 423 καὶ
1560 385 1705 437 θάρσεος
1741 386 1801 423 καὶ
1834 385 1974 431 κτήσιος
2002 388 2036 425 ἐν
2065 388 2170 426 παντὶ
2204 388 2326 440 κόσμῳ

1360 444 1455 495 μέζω
1474 445 1600 496 μοῖραν
1622 442 1776 493 μετέξει.

1415 501 1545 554 (Stob.
1571 501 1672 540 Flor.
1688 501 1822 551 XLIV,
1845 504 1922 553 17.)

1366 560 1561 614 “Οκωσπερ
1575 561 1659 612 περὶ
1678 561 1847 600 κιναδέων
1863 578 1898 600 τε
1920 578 1980 600 και
1998 563 2173 615 ἑρπετέων
2199 565 2326 618 γεγρά-

1360 636 1469 672 φαται
1486 622 1555 658 τῶν
1579 620 1779 671 πολεμίων,
1814 620 1905 660 οὕτω
1933 636 1993 660 και
2013 622 2104 661 κατὰ
2134 624 2327 676 ἀνθρωπων

1360 678 1471 718 δοκέει
1491 694 1551 729 μοι
1580 678 1695 751 χρεὼν
1716 683 1803 718 εἶναι
1829 694 1906 718 ποιε
1899 679 1970 718 ”ειν
1996 681 2088 718 κατὰ
2107 681 2232 731 νόμους
2249 682 2328 727 τους

1357 737 1523 790 πατρίους
1541 738 1685 776 κτείνειν
1706 738 1910 790 πολέμιον’
1896 755 1930 776 εν
1951 739 2056 778 παντὶ
2077 740 2222 816 κόσμω,
2244 744 2277 780 ἐν
2299 745 2327 794 ᾡ

1360 799 1409 847 μὴ
1430 796 1533 847 νόμος
1554 797 1724 850 ἀπείργνι
1745 796 1849 849 νόμος
1881 797 1916 836 δὲ
1940 799 2113 851 ἀπείργει,
2141 800 2218 852 ἱερὰ
2242 801 2325 839 ἑκοί·

1360 871 1471 896 στοισι
1489 856 1661 909 ἔπιχωρια
1676 857 1735 895 καὶ
1752 858 1900 896 σπονδαὶ
1920 858 1981 896 καὶ
1998 857 2105 912 ὅρκοι.

1415 915 1548 966 (Stob.
1574 916 1676 954 Flor.
1696 916 1831 964 XLIV,
1858 916 1943 970 18.)

1364 973 1543 1023 Κιξοίλλην
1557 974 1618 1014 καὶ
1637 976 1786 1024 ληϊστὴν
1802 976 1916 1016 πάντα
1936 977 2078 1016 κτείνων
2093 995 2142 1022 τις
2159 981 2269 1032 ἀθῷος
2286 979 2325 1018 ἂν

1357 1032 1430 1082 εἴη,
1447 1034 1508 1072 καὶ
1529 1035 1731 1088 αὐτοχειρίῃ
1753 1035 1813 1074 καὶ
1830 1036 1980 1075 κελεύων
2000 1037 2059 1075 καὶ
2075 1038 2196 1091 ψήφῳ,

1414 1092 1548 1143 (Stob.
1572 1093 1674 1132 Flor.
1693 1093 1825 1142 XLIV,
1848 1109 1908 1145 ¹9
1929 1094 1938 1146 )

1361 1150 1587 1204 Οἷκέτῃο-ι,ε
1569 1167 1614 1195 ως
1634 1152 1756 1204 μέρεσι
1778 1157 1837 1193 τοῦ
1856 1154 1999 1200 σκήνεος
1985 1181 2020 1202 ,
2041 1156 2117 1206 χρῶ
2130 1154 2252 1207 ἄλλῳ
2242 1153 2327 1207 πρὸς

1355 1210 1455 1249 ἄλλο.

1415 1270 1546 1320 (Stob.
1565 1269 1656 1308 Flos
1661 1300 1670 1309 .
1690 1269 1812 1317 XLss,
1834 1270 1924 1320 45.)

1367 1327 1411 1367 ‘H
1428 1330 1462 1366 ἐν
1486 1328 1706 1381 δημοκρατίῃ
1722 1328 1826 1376 πενίη
1847 1331 1908 1374 τῆς
1928 1328 2024 1380 παρὰ
2045 1331 2134 1367 τοῖσι
2153 1332 2327 1369 δυνατοῒσι

1355 1387 1572 1439 καλεομένης
1585 1388 1804 1439 εὐδαιμονίης
1820 1388 1985 1427 τοσοῦτόν
2006 1392 2079 1428 ἐστι
2097 1391 2325 1444 αἱρετωτέρη,

1355 1445 1477 1486 ὁκόσον
1498 1446 1673 1500 ἐλευθερίη
1694 1448 1865 1495 δουλείης.

1379 1506 1926 1558 (Stob.F101-.XL11{,42.
1936 1509 1948 1559 )

1360 1564 1418 1606 Τὰ
1451 1565 1542 1605 κατὰ
1570 1565 1633 1613 τὴν
1664 1565 1766 1604 πόλιν
1793 1566 1907 1620 χρεὼν
1929 1568 1998 1605 τῶν
2023 1568 2154 1606 λοιπῶν
2179 1566 2327 1620 μέγιστα

1353 1625 1529 1677 ἡγέεσθαι,
1565 1625 1654 1669 ὅκως
1680 1625 1800 1670 ἄξεται
1836 1630 1872 1665 εὖ
1888 1657 1898 1675 ,
1932 1625 2023 1676 μήτε
2059 1627 2319 1679 φιλονεικέοντα

1356 1684 1455 1737 παρὰ
1470 1684 1510 1723 τὸ
1526 1684 1690 1732 ἐπιεικές,
1708 1684 1798 1736 μήτε
1816 1684 1916 1737 ἰσχὺν
1933 1686 2052 1738 ἑωυτῷ
2069 1685 2326 1738 περιτιθέμενον

1356 1742 1453 1796 παρὰ
1472 1743 1512 1782 τὸ
1530 1744 1682 1797 χρηστὸν
1700 1744 1739 1782 τὸ
1755 1746 1814 1782 τοῦ
1831 1743 1945 1789 ξυνοῧ.
1970 1745 2079 1788 Πόλις
2097 1745 2166 1797 γὰρ
2187 1739 2224 1783 εῧ
2245 1747 2327 1797 ἀγο-

1278 574 1345 600 208.

1277 988 1344 1014 209.

1276 1165 1343 1191 210.

1277 1342 1343 1368 2¹¹.

1275 1579 1342 1605 212.

1357 1800 1446 1851 μένη
1467 1802 1617 1854 μεγίστη
1642 1802 1790 1856 ὄρθωσίς
1811 1804 1897 1841 ἐστι·
1922 1802 1984 1841 καὶ
2004 1804 2046 1849 Ιἐν
2067 1803 2182 1855 τούτῳ
2210 1804 2328 1842 πάντα

1356 1859 1428 1910 ἔνι,
1453 1861 1512 1900 καὶ
1536 1861 1660 1901 τούτου
1687 1861 1886 1913 σωζομένου
1923 1861 2039 1900 πάντα
2071 1860 2246 1913 σώζεται,
2266 1862 2327 1901 καὶ

1352 1919 1474 1959 τούτου
1489 1920 1712 1974 φθειρομένου
1731 1920 1775 1959 τὰ
1792 1921 1911 1960 πάντα
1932 1918 2185 1973 διαφθείρεται.

1275 2126 1325 2158 lus
1336 2128 1445 2158 nostra
1458 2124 1782 2166 periclitetur,occidi
1797 2133 1833 2156 ea
1856 2125 2007 2165 praestat,
2024 2132 2122 2166 quam
2141 2132 2204 2156 non
2215 2124 2328 2157 occidi.

1318 2187 1390 2217 207.
1404 2183 1626 2218 Interticienda
1633 2186 1709 2216 sunt
1721 2184 1807 2216 omni
1821 2184 1861 2216 de
1875 2192 1985 2225 causa,
1996 2191 2200 2225 quaecunque
2211 2185 2329 2224 praeter

1278 2242 1324 2275 sas
1344 2242 1499 2275 damnum
1521 2244 1714 2283 apportant;
1736 2241 1824 2283 quod
1840 2242 1898 2284 qui
1919 2242 2008 2282 facit,
2025 2241 2053 2274 is
2066 2242 2098 2274 et
2112 2241 2329 2282 tranquillita-

1277 2301 1317 2333 tis
1336 2302 1368 2334 et
1382 2301 1462 2342 juris
1483 2304 1516 2334 et
1545 2300 1644 2333 animi
1667 2300 1816 2342 intrepidi
1837 2303 1870 2334 et
1899 2301 1933 2333 in
1953 2300 2105 2333 omnibus
2129 2301 2330 2333 ornamentis

1277 2363 1348 2404 plus
1367 2362 1606 2404 possessionum
1626 2361 1767 2395 habebit.

1319 2425 1391 2455 208.
1416 2423 1460 2455 Ut
1479 2421 1518 2453 de
1536 2421 1609 2454 seris
1626 2423 1658 2453 et
1678 2420 1883 2462 serpentibus
1902 2420 1995 2452 nobis
2008 2419 2148 2454 inimicis
2171 2420 2330 2461 scriptum

1281 2484 1349 2521 est,
1376 2480 1422 2513 sic
1439 2480 1535 2513 etiam
1546 2480 1702 2512 adversus
1716 2480 1862 2512 homines
1878 2479 2058 2512 faciendum
2077 2479 2157 2511 mihi
2180 2479 2329 2512 videtur:

1279 2539 1316 2570 ut
1336 2538 1437 2570 hostis
1462 2537 1568 2570 ubivis
1589 2537 1734 2579 gentium
1754 2536 1933 2571 secundum
1953 2537 2075 2579 patrias
2097 2537 2182 2578 leges
2205 2536 2331 2569 occida-

1278 2598 1345 2637 tur,
1365 2597 1522 2637 quatenus
1533 2596 1620 2628 nulia
1639 2596 1692 2629 lex
1705 2596 1822 2629 obstet.
1846 2595 2028 2637 Aliquando
2053 2595 2139 2628 enim
2153 2595 2202 2628 Iex
2222 2595 2331 2637 prohi-

1278 2655 1332 2688 bet
1356 2655 1388 2688 et
1406 2663 1465 2688 sua
1491 2655 1647 2696 cuiusque
1673 2654 1812 2696 regionis
1838 2663 1931 2688 sacra
1954 2654 2134 2696 (templa),
2161 2653 2279 2687 foedera
2299 2656 2331 2686 et

1277 2714 1489 2746 sacramenta.

1323 2774 1393 2805 209.
1417 2774 1534 2804 Furem
1554 2772 1586 2803 et
1615 2770 1772 2804 latronem
1791 2771 1939 2812 quemvis
1958 2770 2108 2804 occidens
2133 2770 2249 2812 aliquis
2267 2771 2323 2802 aut

1280 2839 1377 2863 manu
1409 2839 1487 2870 sua,
1526 2832 1583 2862 aut
1607 2831 1702 2871 iussu
1731 2830 1941 2871 suffragiove,
1975 2831 2127 2862 innocens
2160 2829 2325 2861 habendus

1279 2891 1336 2922 est.
1402 2880 1404 2883 ”

1322 2952 1394 2981 210.
1419 2948 1545 2990 Servis,
1562 2950 1598 2982 ut
1620 2949 1766 2991 partibus
1781 2948 1943 2990 corporis,
1961 2949 2024 2980 alio
2045 2947 2085 2980 ad
2102 2947 2189 2980 aliud
2209 2951 2312 2980 utere.

1324 3010 1396 3039 211.
1421 3009 1595 3048 Paupertas
1614 3008 1646 3040 in
1666 3008 1808 3050 populari
1824 3007 1960 3049 imperio
1984 3009 2072 3039 tanto
2090 3007 2194 3047 potior
2216 3009 2264 3039 est
2286 3006 2330 3038 fe-

1280 3065 1412 3107 licitate,
1426 3075 1523 3107 quam
1535 3066 1617 3099 inter
1634 3068 1780 3107 potentes
1794 3066 1857 3099 hoc
1873 3066 2001 3098 nomine
2015 3065 2189 3107 appenant,
2210 3066 2331 3105 quanto

1280 3127 1420 3159 antestat
1441 3127 1588 3159 servituti
1607 3127 1749 3160 libertas.

1321 3189 1394 3218 212.
1416 3186 1548 3227 Negotia
1560 3186 1685 3228 publica
1699 3179 1842 3219 civitatis
1851 3185 1997 3218 omnium
2011 3184 2188 3217 existimari
2202 3185 2330 3225 oportet

1281 3245 1495 3285 maximam!
1511 3246 1578 3286 ipsa
1598 3245 1710 3278 civitas
1740 3245 1821 3278 bene
1840 3245 2050 3285 gubernetur,
2076 3252 2182 3284 neque
2212 3245 2329 3283 praeter

1280 3310 1409 3343 aequum
1426 3302 1595 3343 contendi,
1612 3312 1716 3345 neque
1730 3304 1888 3345 privatam
1907 3303 2080 3344 potentiam
2099 3301 2253 3334 adversus
2273 3311 2332 3341 pu·

1280 3360 1401 3393 blicum
1418 3361 1539 3394 bonum
1553 3363 1742 3404 comparari.
1761 3364 1841 3395 Nam
1861 3362 1942 3395 bene
1962 3362 2138 3403 temperata
2151 3360 2263 3392 civitas
2282 3359 2324 3391 se·

1281 3419 1436 3453 licissima
1454 3423 1504 3454 est
1525 3430 1632 3454 rerum
1649 3421 1848 3454 constitutio.
1862 3422 1900 3453 In
1928 3421 1989 3453 bac
2007 3421 2114 3452 insunt
2134 3418 2250 3453 omnia.
2273 3418 2332 3450 hac

1280 3479 1368 3512 saiva
1392 3482 1510 3514 cuncta
1538 3481 1726 3521 servantur,
1748 3481 1807 3513 bac
1824 3483 1976 3522 pereunte
1991 3479 2036 3511 nil
2056 3488 2119 3511 non
2144 3487 2271 3519 pessum
2296 3479 2327 3509 it.

2192 3538 2227 3562 27.
