2612 3814
1074 428 1195 503 DE
1258 422 1673 502 ORPHEO.

349 792 539 843 Orpheus,
560 791 589 827 si
608 789 743 828 fabulis
769 787 876 834 fides,
895 787 1084 837 Apollinis
1108 793 1146 822 et
1162 785 1355 833 Calliopes

296 852 411 888 Musae
430 850 529 888 filius
548 849 614 900 (ι),
648 856 793 886 tantum
810 847 930 883 valuit
953 845 1149 892 canendo,
1181 852 1226 881 ut
1246 857 1361 894 rupes

295 922 531 959 ncmoraque
561 916 734 946 moveret
760 907 979 955 fluviosque
998 907 1161 944 sisteret.
1189 904 1264 942 Sed
1282 905 1360 941 sive

297 983 397 1006 unus
418 970 499 1006 ‘fuit
525 968 637 1016 hujus
667 968 833 1004 nominis
866 973 1017 1012 cantor,
1036 966 1114 1002 sive
1141 965 1271 1013 plures
1287 962 1359 1014 (2),

297 1029 425 1066 omnia
440 1035 664 1065 caeterorum
677 1026 848 1063 facinora
863 1025 912 1062 ad
923 1025 1110 1061 Thracem
1122 1024 1247 1073 illum,
1264 1023 1357 1060 deo-

295 1101 380 1128 rum
409 1089 655 1136 interpretem
677 1093 715 1123 et
735 1086 962 1135 progeniem
985 1085 1221 1130 referuntur,
1245 1097 1359 1133 quem

295 1148 444 1184 Tzetzes
460 1144 510 1198 (3)
532 1146 708 1183 Herculis
730 1146 915 1195 aequalem
931 1145 1021 1181 facit
1052 1145 1241 1193 multique
1264 1157 1356 1181 cen-

296 1212 378 1242 tum
413 1205 492 1243 fere
524 1212 608 1243 ante
638 1206 782 1242 bellum
806 1204 1017 1253 Trojanum
1049 1205 1157 1242 annis
1188 1203 1360 1242 floruisse

295 1272 524 1304 statuerunt.
550 1267 661 1302 Hunc
676 1266 742 1315 qui
760 1274 848 1303 curn
865 1266 1022 1315 reliquis
1047 1265 1260 1315 disciplinis
1277 1272 1358 1301 turn

295 1332 484 1362 astrorum
517 1325 674 1362 scientia
701 1333 739 1362 et
770 1326 924 1374 poetica
944 1325 1125 1362 facultate
1162 1325 1360 1361 excelleret

296 1391 530 1434 caeterosque
547 1384 730 1421 mortales
748 1385 834 1421 vitae
851 1385 1049 1422 sanctitate
1071 1391 1268 1433 superaret
1285 1383 1356 1435 (4),

293 1443 478 1493 praeclare
512 1442 561 1480 de
602 1444 856 1494 popularibus
896 1445 973 1481 suis
1006 1444 1189 1493 omnique
1221 1457 1360 1494 genere

293 1504 462 1541 humano
482 1504 663 1540 meruisse
682 1511 828 1540 veteres
853 1504 1096 1541 rettulerunt.
1120 1505 1244 1551 Quare
1277 1506 1358 1541 Lu-

295 1564 428 1601 cianus
441 1571 647 1608 auctorest
666 1563 819 1601 Graecos
845 1564 941 1600 nihil
961 1564 1223 1612 antiquissima
1251 1571 1359 1601 aetate

294 1618 342 1654 ab
351 1618 595 1668 AEthiopibus
603 1618 663 1654 vel
676 1618 862 1667 AEgyptiis
871 1617 918 1654 de
929 1618 1138 1667 astrologia
1153 1617 1355 1664 audivisse,

292 1677 356 1714 sed
376 1677 455 1725 ejus
475 1677 680 1727 disciplinae
699 1678 805 1714 initia
828 1678 876 1714 ab
897 1678 1053 1727 Orpheo
1075 1690 1152 1715 esse
1171 1685 1353 1727 repeten-

336 1821 382 1864 (1)
403 1821 557 1856 Nonnulli
578 1820 679 1853 etiam
703 1820 813 1862 OEagri
828 1824 861 1854 et
881 1821 1061 1863 Polymniae
1086 1822 1138 1854 vel
1163 1823 1359 1864 Melanippes

294 1870 345 1902 vel
356 1868 562 1910 Thamyridis
575 1868 678 1900 fllium
696 1868 794 1901 fuisse
807 1869 1016 1910 scripserunt.
1027 1869 1214 1910 Apollodor.
1228 1872 1256 1910 1,
1271 1874 1302 1910 3,
1320 1875 1357 1903 2:

293 1917 434 1959 Ὀρφεύς,
461 1916 641 1955 Καλλιόπης
660 1917 791 1956 Μούσης
811 1918 865 1950 καὶ
888 1917 1027 1961 Οἰάγρου
1047 1917 1126 1960 υἱός,
1151 1919 1236 1961 ᾄδων
1265 1919 1358 1952 ἐκίνει

293 1965 394 2002 λίθους
410 1975 444 1997 τε
464 1965 517 1997 καὶ
537 1965 655 2007 δένδρα.
678 1966 912 1999 Hermesianax
935 1975 987 2008 ap.
1013 1966 1130 1999 Athen.
1148 1968 1226 1999 XIII
1246 1976 1278 2008 p.
1298 1970 1358 2001 597

293 2014 345 2045 Β·;
367 2012 448 2051 Οἵην
469 2012 525 2053 μὲν
542 2012 626 2054 φίλος
649 2014 714 2051 υἱὸς
730 2014 883 2056 ἀνήγαγεν
903 2014 1053 2057 Οἰάγροιο
1079 2015 1146 2048 κτλ.
1168 2015 1359 2056 Apollonius

294 2061 468 2100 Argonaut.
500 2059 552 2092 lib.
575 2062 590 2093 1
611 2074 618 2094 :
638 2062 757 2103 Πρῶτά
778 2074 830 2094 νυν
858 2062 991 2106 Ὀρφῆος
1022 2064 1227 2105 μνησώμεθα,
1245 2063 1299 2096 τόν
1321 2064 1359 2106 ῥά

292 2108 363 2139 ποτ’
379 2108 457 2147 αὐτὴ
473 2109 635 2148 Καλλιόπη
653 2110 764 2152 Θρήικι
781 2110 938 2151 φατίζεται
955 2112 1119 2150 εὐνηθεῖσα
1137 2112 1266 2155 Οἰάγρῳ
1283 2123 1358 2144 σκο-

293 2158 364 2194 πιῆς
379 2156 578 2198 Πιμπληΐδος
595 2157 670 2199 ἄγχι
690 2158 846 2191 τεκέσθαι.

335 2203 380 2244 (2)
405 2204 453 2236 De
473 2204 525 2237 liis
539 2204 717 2238 audiendus
730 2205 846 2238 Suidas
864 2218 872 2238 ι
888 2205 1016 2247 Ὀρφεὺς
1034 2209 1200 2245 Κικοναῖος
1217 2209 1236 2247 ἢ
1251 2208 1359 2250 Ἀρκὰς

292 2250 328 2281 ἐκ
346 2250 514 2288 Βισαλτίας
536 2255 590 2290 τῆς
605 2253 776 2294 Θρᾳκικῆς.
793 2253 904 2294 Γέγονε
919 2253 951 2286 δὲ
968 2254 1021 2286 καὶ
1038 2253 1128 2292 οὗτος
1140 2255 1200 2297 πρὸ
1218 2255 1359 2297 Ὁμήρου

291 2295 347 2328 δύο
363 2300 481 2338 γενεαῖς
498 2299 703 2341 πρεσὸύτερος
726 2303 789 2332 τῶν
804 2303 969 2342 Τρωῖκῶν·
983 2301 1099 2344 ἔγραψε
1109 2302 1142 2334 δὲ
1159 2302 1358 2344 μυθοποιίαν,

292 2344 528 2388 ἐπιγράμματα,
546 2347 672 2388 ὕμνους.
694 2346 824 2390 Ὀρφεὺς
842 2347 997 2390 Ὀδρύσης
1017 2349 1177 2387 ἐποποιός.
1196 2349 1359 2388 Διονύσιος

293 2393 325 2426 δὲ
343 2396 452 2426 τοῦτον
478 2394 548 2426 οὐδὲ
572 2396 733 2436 γεγονέναι
758 2397 857 2436 λέγει·
878 2396 963 2438 ὅμως
980 2396 1182 2440 ἀναφέρονται
1202 2399 1245 2435 εἷς
1264 2399 1359 2430 αὐτόν

292 2452 361 2473 τινα
373 2442 548 2483 ποιήματα.
562 2442 694 2484 Ὀρφεὺς
711 2443 929 2485 Κροτωνιάτης
943 2443 1104 2484 ἐποποιός,
1123 2445 1156 2478 ὃν
1171 2446 1358 2487 Πεισιστρά-

292 2501 337 2530 τῳ
354 2492 490 2522 συνεῖναι
504 2493 549 2531 τῷ
565 2490 704 2532 τυράννῳ
717 2490 945 2533 Ἀσκληπιάδης
967 2493 1061 2531 φησὶν
1078 2494 1110 2526 ἐν
1135 2496 1182 2536 τῷ
1204 2494 1287 2536 ἕκτῳ
1307 2495 1358 2536 βι-

295 2536 373 2577 Ελίῳ
390 2539 452 2569 τῶν
476 2538 718 2578 Γραμματικῶν·
744 2539 859 2581 ἔγραψε
882 2540 1107 2582 Δεκαετηρίαν,
1134 2542 1359 2584 Ἄργοναυτικὰ

293 2584 347 2615 καὶ
367 2583 446 2616 ἄλλα
469 2584 548 2616 τινά.
576 2583 704 2627 Ὀρφεὺς
729 2589 963 2629 Καμαριναῖος,
986 2587 1024 2620 οὗ
1044 2599 1137 2628 φασιν
1150 2589 1228 2622 εἶναι
1247 2590 1303 2628 τήν
1317 2591 1359 2628 εἰς

295 2631 372 2672 ᾅδου
388 2630 575 2664 κοιτάὸασιν.
597 2633 647 2665 Cf.
673 2633 781 2666 Scliol.
807 2635 912 2676 Apoll.
928 2637 956 2675 Ι,
978 2639 1039 2676 23;
1057 2637 1206 2669 Eustath.
1226 2646 1256 2679 p.
1278 2640 1358 2678 1593

295 2679 443 2711 liermias
463 2679 496 2710 in
515 2679 641 2712 Phaedr.
658 2690 690 2721 p.
709 2685 779 2714 109.

337 2725 383 2766 (3)
401 2726 532 2757 Tzetzes
546 2725 631 2758 Chil.
651 2728 723 2768 ΧΙΙ,
743 2730 817 2760 399.

337 2773 381 2815 (4)
408 2773 497 2806 Plato
511 2773 550 2805 de
564 2775 658 2815 Legg.
672 2776 759 2816 V1p.
774 2778 832 2808 782
849 2778 877 2809 D
894 2790 901 2809 :
918 2777 1008 2811 Ἀλλὰ
1022 2777 1163 2820 Ὀρφικοί
1176 2790 1254 2816 τινες
1267 2779 1358 2820 λεγό·

294 2831 380 2862 μενοι
399 2819 463 2862 βίοι
480 2821 622 2862 ἐγένοντο
641 2825 705 2859 τοῖς
725 2822 814 2862 τότε,
832 2823 964 2867 ἀψύχων
983 2826 1037 2867 μὲν
1056 2826 1199 2868 ἐχόμενοι
1218 2827 1358 2869 πάντων,

293 2868 446 2911 ἐμψύχων
464 2868 497 2901 δὲ
514 2868 639 2902 πάντων
653 2869 856 2912 ἀπεχόμενοι.

337 2915 383 2957 (5)
404 2915 566 2948 Lucianus
577 2915 616 2949 de
637 2918 809 2958 astrologia
821 2919 1061 2958 ἰηὶῐ.τ”Ελληνες
1078 2922 1110 2953 δὲ
1124 2922 1195 2954 οὔτε
1212 2923 1285 2966 παρ’
1301 2925 1358 2957 Αἰ-

294 2963 413 2996 θιόπων
431 2964 503 2996 οὔτε
516 2963 592 3006 ’παρ’
605 2965 784 3006 Αἰγυπτίων
797 2967 998 3009 ἀστρολογίης
1011 2969 1080 3009 πέρι
1095 2970 1183 3001 οὐδὲν
1204 2971 1358 3011 ἤκουσαν,

295 3011 372 3043 ἀλλά
395 3023 501 3053 σφισιν
520 3010 648 3054 Ὀρφεὺς
667 3014 684 3045 ὁ
710 3013 850 3055 Οἰάγρου
865 3015 919 3047 καὶ
943 3016 1121 3055 Καλλιόπης
1139 3021 1258 3060 πρῶτος
1284 3019 1359 3052 τάδε

294 3059 496 3100 ἀπηγήσατο.

336 3106 382 3147 (6)
402 3106 552 3139 Clemens
567 3106 802 3140 Alexandrinus
814 3110 932 3142 strom.
951 3112 968 3142 I
987 3119 1060 3152 pag.
1075 3113 1135 3145 332
1148 3115 1176 3145 D
1195 3122 1203 3145 ι
1221 3112 1359 3156 Ὀνομά-

296 3164 411 3194 κριτος,
429 3153 466 3186 οὗ
482 3154 522 3186 τὰ
549 3155 593 3192 εἰς
612 3154 729 3196 Ὀρφέα
759 3155 912 3197 φερόμενα
938 3157 1100 3199 ποιήματα
1122 3160 1243 3201 λέγεται
1261 3160 1358 3202 εἶναι,

293 3201 362 3242 περὶ
391 3201 447 3239 τήν
475 3203 690 3241 πεντηκοστὴν
719 3203 908 3245 ὀλυμπιάδα.
922 3203 1053 3246 Ὀρφεὺς
1072 3207 1104 3239 δὲ
1124 3208 1141 3239 ὁ
1157 3209 1360 3250 συμπλεύσας

293 3248 460 3290 Ἠρακλεῖ,
484 3249 652 3281 Μουσαίου
677 3251 826 3291 μαθητής.
854 3253 916 3284 Καὶ
942 3253 1013 3290 τοὺς
1043 3253 1097 3294 μὲν
1116 3255 1359 3298 ἀναφερομένους

294 3296 336 3331 εἰς
350 3296 516 3328 Μουσαῖον
533 3297 699 3338 Χρησμοὺς
713 3296 942 3341 Ὀνομακρίτου
961 3300 1039 3332 εἶναι
1054 3301 1193 3342 λέγουσι·
1207 3304 1261 3335 τὸν
1277 3306 1360 3346 Κρα-

294 3345 374 3383 τῆρα
399 3343 432 3375 δὲ
450 3343 503 3375 τὸν
525 3342 663 3386 Ὀρφέως
690 3346 842 3388 Ζωπύρου
864 3350 921 3378 τοῦ
936 3347 1172 3389 Ἡρακλεώτου·
1192 3351 1247 3389 τήν
1264 3351 1296 3383 δὲ
1318 3353 1360 3389 εἰς

295 3389 372 3430 ᾅδου
390 3390 574 3423 Κατάὸασιν
587 3392 747 3435 Προδίκου
761 3397 816 3426 τοῦ
832 3394 952 3436 Σαμίου
962 3419 970 3426 .
989 3395 1062 3428 Ἴων
1079 3397 1111 3428 δὲ
1125 3398 1142 3429 ὁ
1154 3399 1229 3435 Χῖος
1246 3398 1277 3431 ἐν
1295 3403 1359 3436 τοῖς

294 3437 464 3479 Τριαγμοῖς
476 3439 531 3471 καὶ
554 3439 740 3481 Πυθαγόραν
755 3442 796 3478 εἰς
818 3441 935 3484 Ὀρφέα
951 3442 1125 3482 ἀνενεγκεῖν
1143 3456 1212 3478 τινα
1231 3448 1358 3488 ἱστορεῖ.

299 3483 457 3526 Ἐπιγένης
473 3487 505 3519 δὲ
520 3487 551 3519 ἐν
567 3491 631 3525 τοῖς
655 3489 726 3531 περὶ
744 3492 797 3529 τῆς
821 3488 989 3532 εἰςὈρφέα
1012 3492 1168 3531 ποιήσεως
1189 3495 1360 3535 Κέρκωπος

1422 783 1471 820 da
1487 781 1549 832 (5).
1569 780 1697 830 Quid?
1714 780 1823 831 quod
1839 793 1946 818 sacra
1959 781 2007 818 ab
2028 793 2075 819 eo
2097 782 2139 819 in
2157 782 2343 821 Graeciam
2358 782 2486 821 intro-

1422 842 1537 879 ducta
1557 848 1594 879 et
1613 842 1793 891 mysterIa
1822 838 1989 878 instituta
2010 853 2088 878 esse
2103 841 2291 880 feruntur.
2309 842 2486 881 Eundem

1420 908 1638 938 memorant
1673 902 1860 938 scelerum
1899 901 2134 952 expiationes
2167 903 2414 954 excogitasse,
2447 912 2486 943 et

1422 964 1562 1012 quibus
1580 963 1717 1000 ritibus
1736 963 1923 1000 iratorum
1947 962 2110 1000 deorum
2120 971 2266 1001 mentes
2282 963 2486 1014 placaren-

1423 1030 1481 1059 tur
1489 1022 1678 1068 docuisse,
1693 1029 1730 1059 et
1737 1023 1858 1059 multa
1865 1023 2092 1060 morborum
2101 1022 2275 1061 remedia
2284 1024 2484 1064 invenisse.

1421 1082 1534 1120 Adde
1550 1083 1707 1132 longam
1722 1083 1954 1133 scriptorum
1969 1079 2021 1135 (6)
2042 1084 2178 1121 seriem
2199 1084 2486 1134 quamplurimi

1421 1134 1709 1192 Calliopes'filio
1735 1142 1910 1179 tribuunt
1929 1142 1990 1180 vel
2011 1143 2141 1193 potius
2160 1142 2360 1194 affingunt.

1474 1202 1591 1239 Fama
1605 1208 1660 1239 est
1674 1202 1873 1252 Orpheum
1893 1215 1970 1240 una
1987 1216 2076 1240 cum
2091 1205 2324 1254 Argonautis
2338 1205 2379 1242 in
2392 1205 2486 1243 Col-

1424 1260 1577 1298 chidem
1596 1262 1812 1312 navigasse,
1846 1276 1943 1312 quos
1971 1275 2019 1301 ne
2041 1263 2224 1301 mollibus
2256 1276 2301 1302 ac
2318 1264 2488 1303 delicatis

1420 1321 1593 1358 Sirenum
1610 1322 1771 1359 vocibus
1793 1323 1894 1373 capti
1915 1322 1967 1370 ad
1990 1323 2148 1360 exitium
2167 1324 2486 1376 perducerentur,

1420 1380 1509 1429 lyrae
1532 1394 1608 1418 suae
1630 1382 1816 1432 vocisque
1844 1389 1961 1420 cantu
1993 1384 2170 1420 servavit.
2201 1384 2329 1432 Quum
2357 1390 2487 1422 autem

1420 1439 1612 1490 ingentem
1633 1453 1678 1478 ex
1708 1440 1923 1491 Eurydices
1945 1440 1996 1492 (7)
2012 1443 2144 1479 uxoris
2163 1449 2290 1480 morte
2311 1442 2485 1481 dolorem

1421 1500 1598 1549 cepisset,
1612 1514 1696 1550 quae
1712 1501 1859 1538 Aristaei
1873 1503 1950 1539 vim
1968 1502 2114 1553 fugiens
2130 1514 2153 1539 a
2170 1510 2344 1552 serpente
2361 1504 2486 1542 occisa

1420 1566 1502 1595 erat
1517 1587 1528 1606 ‚
1551 1559 1601 1596 ad
1620 1559 1764 1598 inferos
1781 1561 2085 1610 descendit‚·11bi
2105 1561 2332 1599 dulcissimis
2350 1575 2488 1600 nervo·

1419 1631 1505 1655 rum
1526 1620 1815 1669 carminumque
1829 1621 1931 1657 sonis
1941 1619 2147 1658 Plutonem
2164 1629 2202 1659 et
2215 1623 2486 1673 Proserpinam

1420 1678 1524 1715 flexit
1541 1679 1787 1730 obtinuitque
1806 1694 1886 1717 non
1907 1681 2030 1718 solum
2046 1688 2091 1718 ut
2112 1682 2192 1731 ipse
2215 1682 2256 1718 in
2275 1682 2403 1733 lucem
2422 1696 2486 1722 re-

1419 1824 1497 1857 εἶναι
1513 1828 1570 1857 τοῦ
1584 1826 1802 1867 Πυθαγορείου
1818 1827 1874 1865 τὴν
1889 1827 1931 1863 εἰς
1955 1826 2032 1867 ᾅδου
2050 1826 2236 1861 Κατάόασιν
2248 1828 2303 1860 καὶ
2319 1828 2374 1861 τὸν
2391 1829 2486 1872 Ἱερὸν

1418 1871 1524 1914 λόγον,
1545 1873 1597 1905 τὸν
1615 1874 1647 1906 δὲ
1678 1875 1802 1906 Πέπλον
1832 1874 1887 1906 καὶ
1915 1874 1954 1906 τὰ
1980 1874 2109 1907 Φυσικὰ
2135 1875 2312 1917 Βροντίνου,
2340 1875 2483 1911 Suidas:

1418 1916 1545 1961 Ὀρφεὺς
1562 1921 1678 1962 ἔγραψε
1698 1922 1889 1964 Τριασμούς·
1903 1922 2046 1963 λέγονται
2067 1922 2101 1955 δὲ
2118 1922 2197 1955 εἶναι
2214 1923 2324 1962 Ἴωνος
2339 1927 2397 1957 τοῦ
2413 1935 2484 1967 τρα-

1418 1971 1519 2009 γικοῦ’
1540 1968 1571 2000 ἐν
1586 1969 1618 2000 δὲ
1638 1968 1757 2006 τούτοις
1775 1970 1816 2002 τὰ
1832 1970 2045 2012 Ἱεροστολικὰ
2069 1970 2263 2012 καλούμενα.
2284 1971 2410 2011 Κλίσεις
2431 1984 2485 2006 κο·

1419 2015 1586 2057 σμικαίνας
1600 2015 1674 2058 (eg.
1694 2017 1803 2055 Κτίσις
1826 2017 1976 2059 κόσμου).
2002 2017 2226 2052 Νεοτευκτικά.
2245 2018 2357 2062 Ἱεροὺς
2372 2019 2486 2062 λόγους

1419 2064 1450 2095 ἐν
1466 2064 1638 2106 ῥαψωδίαις
1656 2063 1718 2099 κδ’.
1737 2067 1879 2105 λέγονται
1896 2064 1922 2098 δ’
1936 2066 2015 2098 εἶναι
2033 2066 2212 2107 Θεογνήτου
2227 2070 2283 2099 τοῦ
2304 2069 2485 2110 Θεσσαλοῦ,

1419 2114 1448 2144 οἰ
1462 2112 1493 2144 δὲ
1514 2113 1684 2154 Κέρκωπος
1697 2117 1753 2147 τοῦ
1774 2113 2002 2155 Πυθαγορείου.
2023 2114 2204 2156 Χρησμοὺς,
2227 2115 2257 2147 οἳ
2281 2115 2485 2159 ἀναφέρονται

1420 2160 1464 2196 εἰς
1477 2158 1717 2202 Ὀνομάκριτον.
1738 2161 1888 2199 Τελετάς·
1910 2160 2027 2203 ὁμοίως
2047 2162 2082 2194 δέ
2097 2173 2173 2203 φασι
2194 2163 2247 2195 καὶ
2262 2162 2378 2202 ταύτας
2396 2163 2486 2198 Ὀνο-

1420 2207 1572 2248 μακρίτου
1584 2217 1592 2225 ·
1615 2209 1647 2241 ἐν
1659 2210 1779 2247 τούτοις
1792 2208 1818 2242 δ’
1834 2209 1900 2241 ἐστὶ
1914 2209 1982 2251 περὶ
2000 2208 2107 2242 Λίθων
2125 2210 2252 2251 γλυφῆς,
2268 2210 2335 2249 ἥτις
2347 2210 2485 2253 Ὀγδοη·

1419 2254 1597 2293 κοντάλιθος
1614 2255 1828 2298 ἐπιγράφεται.
1855 2256 2010 2298 Σωτήρια·
2028 2259 2128 2289 ταῦτα
2146 2259 2336 2299 Τιμοκλέους
2351 2262 2408 2292 τοῦ
2425 2261 2486 2293 Συ-

1418 2304 1590 2345 ρακουσίου
1600 2305 1721 2345 λέγεται
1730 2306 1782 2337 καὶ
1791 2305 1944 2346 Περγίνου
1954 2307 2009 2337 τοῦ
2020 2304 2190 2343 Μιλησίου.
2201 2307 2377 2347 Κρατῆρας·
2385 2311 2486 2341 ταῦτα

1419 2353 1571 2395 Ζωπύρου
1583 2353 1670 2394 φασί.
1686 2354 1879 2396 Θρονισμοὺς
1899 2353 2063 2395 μητρῴους
2076 2353 2129 2386 καὶ
2144 2354 2292 2395 Βακχικά
2301 2363 2310 2372 ·
2320 2359 2422 2388 ταῦτα
2434 2358 2487 2390 Νι·

1419 2400 1491 2432 κίου
1500 2403 1555 2433 τοῦ
1565 2400 1711 2434 Ἐλεάτου
1721 2402 1813 2442 φασὶν
1829 2401 1919 2432 εἶναι.
1933 2402 1984 2438 Εἰς
1997 2400 2073 2442 ᾅδου
2088 2400 2487 2446 Κατάὸασιν·ταῦταἯρο·

1419 2447 1507 2480 δίκου
1520 2451 1576 2480 τοῦ
1592 2448 1764 2491 Περινθίου·
1778 2449 1904 2482 Πέτιλον
1918 2450 1971 2480 καὶ
1988 2448 2132 2481 Δίκτυον·
2147 2449 2200 2481 καὶ
2215 2453 2315 2482 ταῦτα
2331 2452 2485 2495 Ζωπύρου

1424 2498 1480 2527 τοῦ
1505 2496 1738 2537 Ἡρακλεώτου,
1758 2498 1788 2529 οἱ
1811 2496 1845 2528 δὲ
1868 2496 2043 2538 Βροντίνου.
2076 2496 2318 2538 Ὀνομαστικῶν
2338 2498 2485 2543 ἔπη,ασ’.

1418 2535 1650 2586 Ἀστρονομίαν.
1682 2543 1873 2586 Ἀμοκοπίαν
1895 2544 1978 2584 (leg.
2002 2542 2249 2585 Ἂμμοκοπίαν).
2269 2546 2483 2584 Θυηπολικόν.

1418 2589 1589 2624 Ὼοθυτικὰ
1601 2593 1621 2632 ἢ
1634 2591 1835 2631 Ὠοσκοπικὰ
1844 2592 1958 2628 ἐπικῶς
1968 2591 2041 2633 (leg.
2057 2591 2116 2630 ἔπη
2125 2590 2200 2633 κα’).
2214 2594 2478 2631 Καταζωστικόν.

1419 2638 1566 2680 Ὓμνους.
1587 2640 1820 2682 Κορυὸαντικὸν
1840 2640 1894 2671 καὶ
1913 2639 2053 2679 Φυσικὰ,
2069 2639 2091 2671 ἃ
2104 2639 2269 2681 Βροντίνου
2293 2640 2401 2682 φασίν.
2425 2643 2484 2675 La-

1419 2685 1516 2718 scaris
1542 2687 1685 2727 Prolegg.
1702 2687 1735 2718 in
1755 2687 1857 2728 orph.
1873 2687 1904 2719 in
1921 2688 2035 2719 Marm.
2052 2688 2183 2718 Taurin.
2201 2696 2232 2728 p.
2248 2689 2289 2720 98
2307 2689 2486 2723 εΚατέλιπι

1420 2734 1452 2766 δὲ
1471 2734 1704 2776 συγγράμματα
1724 2735 1853 2777 μετρικὰ
1865 2735 1919 2767 καὶ
1934 2734 1995 2767 ὅσα
2021 2734 2075 2766 καὶ
2099 2734 2192 2771 αὐτὸς
2212 2736 2243 2768 ἐν
2268 2733 2486 2777 Ἀργοναύταις

1421 2781 1465 2822 (v.
1484 2781 1515 2823 7)
1539 2782 1608 2814 κατ’
1621 2778 1817 2825 ἐπανάληψιν
1831 2783 2049 2825 ἀριθμεῖ-καί
2071 2782 2140 2824 περὶ
2156 2783 2235 2814 θεῶν
2246 2784 2300 2816 καὶ
2320 2795 2480 2826 κοσμογε·

1419 2829 1514 2870 νείας,
1526 2830 1641 2871 ὕμνους
1657 2830 1819 2872 διαφόρους
1833 2831 1875 2867 εἰς
1893 2831 1990 2870 θεούς,
2013 2830 2191 2872 Γεωργικά,
2212 2830 2361 2870 Φυσικά,
2379 2829 2485 2874 Ἀργο-

1419 2876 1502 2915 λικά,
1521 2878 1685 2917 Μετέωρα,
1701 2877 1828 2919 Λιθικά,
1840 2878 1995 2920 μυστήρια
2006 2878 2038 2909 δὲ
2051 2877 2195 2917 διάφορα,
2210 2878 2279 2919 περὶ
2290 2881 2354 2911 τῶν
2367 2884 2483 2921 φυτῶν,

1422 2926 1575 2966 βοτανῶν,
1592 2924 1823 2966 χωρογραφίας,
1839 2927 1990 2966 ἰατρικῆς,
2005 2924 2123 2967 νόμων,
2146 2926 2311 2958 τελευταῖα
2326 2927 2366 2959 τὰ
2380 2929 2484 2968 Ἀργο-

1419 2972 1561 3004 ναυτικά.
1582 2972 1732 3013 Γεγόνασι
1750 2973 1783 3005 δὲ
1798 2971 1919 3014 Ὀρφεῖς
1940 2974 1970 3010 ἕξ
1981 2984 1988 2991 ·
2002 2976 2126 3014 πρῶτον
2144 2973 2234 3010 οὗτος
2251 2973 2381 3016 ἀρχαῖος
2395 2986 2486 3014 ποιη-

1419 3021 1473 3059 τὴς
1488 3020 1524 3052 ἐκ
1540 3020 1720 3062 Λειὸήθρων
1738 3024 1792 3059 τῆς
1812 3021 1949 3062 Θρᾴκης,
1975 3021 2113 3062 δεύτερος
2134 3022 2303 3059 Κικοναῖος
2323 3022 2359 3054 ἐκ
2371 3024 2484 3055 Βισαλ-

1419 3066 1486 3104 τίας
1500 3068 1620 3099 πενθῶν
1638 3066 1712 3109 (leg.
1730 3067 1789 3109 πρὸ
1807 3069 1882 3107 τῶν)
1901 3070 2052 3110 Τρωικῶν
2072 3069 2124 3100 καὶ
2140 3069 2244 3109 αὐτὸς,
2265 3069 2298 3106 ὃς
2310 3070 2486 3112 συνέγραψε

1421 3114 1620 3156 μυθοποιίαν,
1635 3115 1868 3158 ἐπιγράμματα,
1881 3116 2006 3157 ὕμνους.
2033 3115 2135 3158 τρίτος
2148 3115 2301 3159 Ὀδρύσης
2318 3117 2484 3151 ἐποποιίαν

1419 3163 1488 3194 τινὰ
1507 3163 1653 3202 ποιήσας.
1672 3164 1816 3205 τέταρτος
1831 3163 2050 3205 Κροτωνιάτης
2061 3188 2069 3203 ,
2085 3164 2117 3201 ὃς
2136 3169 2232 3203 συνῆν
2247 3165 2482 3208 Πεισιστράτῳ,

1420 3209 1594 3251 συνέγραψε
1611 3210 1644 3242 δὲ
1663 3211 1887 3252 Δεκαετηρίαν,
1901 3209 2125 3252 Ἀργοναυτικᾶι
2144 3213 2197 3243 καὶ
2213 3211 2305 3244 ἄλλα.
2337 3213 2484 3253 πέμπτοι,

1420 3259 1635 3300 Καμαριναῖος
1649 3258 1808 3294 ἐποποιὸς,
1826 3257 1864 3290 οὗ
1875 3269 1949 3299 φασι
1960 3259 2015 3296 τήν
2031 3260 2072 3295 εἰς
2085 3259 2162 3301 ᾅδου
2173 3259 2359 3292 κατάὸασιν.
2387 3260 2477 3298 ἕκτος

1421 3306 1567 3347 βασιλεὺς
1588 3307 1733 3348 Θρᾳκῶν,
1758 3305 1802 3348 ἐφ’
1834 3305 1871 3338 οὗ
1900 3305 2062 3347 Ἀμαζόνες
2095 3307 2237 3349 Φρυγίαν
2269 3307 2483 3349 ἐδασμολόγη-

1420 3364 1491 3386 σαν.

1465 3400 1511 3442 (7)
1532 3402 1622 3434 Hanc
1643 3401 1801 3444 Agr-iopen
1822 3402 1917 3434 vocat
1935 3401 2161 3433 Hermesianax
2185 3409 2237 3442 ap.
2266 3401 2386 3434 Athen.
2402 3403 2480 3436 xm

1422 3459 1453 3491 p.
1474 3452 1532 3482 597
1554 3452 1579 3483 Β
1595 3464 1601 3483 ;
1623 3451 1702 3489 Οἵην
1719 3450 1774 3492 μὲν
1788 3450 1871 3492 φίλος
1887 3450 1952 3486 υἱὸς
1973 3449 2128 3490 ἀνήγαγεν
2149 3449 2300 3491 Οἰάγροιο
2319 3448 2488 3491 Ἀγριόπην

1423 3500 1572 3539 Θρῇσσαν
1595 3499 1792 3540 στειλάμενος
1809 3499 1936 3540 κιθάρην
1950 3498 2058 3540 ᾁδόθεν
2075 3498 2142 3530 κτλ.

1371 3567 1443 3600 102
