<?xml version="1.0" encoding="UTF-8"?>
<!DOCTYPE html PUBLIC "-//W3C//DTD XHTML 1.0 Transitional//EN"
    "http://www.w3.org/TR/xhtml1/DTD/xhtml1-transitional.dtd">
<html xmlns="http://www.w3.org/1999/xhtml" xml:lang="en" lang="en">
 <head>
  <title>
</title>
<meta http-equiv="Content-Type" content="text/html;charset=utf-8" />
  <meta name='ocr-system' content='tesseract 3.04.00' />
  <meta name='ocr-capabilities' content='ocr_page ocr_carea ocr_par ocr_line ocrx_word'/>
</head>
<body>
  <div class='ocr_page' id='page_1' title='image "./fragmentaphiloso01mulluoft_0199.png"; bbox 0 0 2612 3814; ppageno 0'>
   <div class='ocr_carea' id='block_1_1' title="bbox 0 93 9 1069">
    <p class='ocr_par' dir='ltr' id='par_1_1' title="bbox 0 93 9 1069">
     <span class='ocr_line' id='line_1_1' title="bbox 0 93 9 1069; baseline 0 0"><span class='ocrx_word' id='word_1_1' title='bbox 0 93 9 1069; x_wconf 95' lang='lat' dir='ltr'> </span> 
     </span>
    </p>
   </div>
   <div class='ocr_carea' id='block_1_2' title="bbox 0 1065 70 3814">
    <p class='ocr_par' dir='ltr' id='par_1_2' title="bbox 0 1065 70 3814">
     <span class='ocr_line' id='line_1_2' title="bbox 0 1065 70 3814; baseline 0 0"><span class='ocrx_word' id='word_1_2' title='bbox 0 1065 70 3814; x_wconf 95' lang='lat' dir='ltr'> </span> 
     </span>
    </p>
   </div>
   <div class='ocr_carea' id='block_1_3' title="bbox 1067 254 1369 294">
    <p class='ocr_par' dir='ltr' id='par_1_3' title="bbox 1067 254 1369 294">
     <span class='ocr_line' id='line_1_3' title="bbox 1067 254 1369 294; baseline -0.007 0"><span class='ocrx_word' id='word_1_3' title='bbox 1067 254 1136 294; x_wconf 87' lang='lat' dir='ltr'>DE</span> <span class='ocrx_word' id='word_1_4' title='bbox 1167 255 1204 294; x_wconf 93' lang='lat' dir='ltr'><strong>M</strong></span> <span class='ocrx_word' id='word_1_5' title='bbox 1213 254 1369 294; x_wconf 86' lang='lat' dir='ltr'>USAEO.</span> 
     </span>
    </p>
   </div>
   <div class='ocr_carea' id='block_1_4' title="bbox 130 344 1197 1471">
    <p class='ocr_par' dir='ltr' id='par_1_4' title="bbox 130 344 1197 1471">
     <span class='ocr_line' id='line_1_4' title="bbox 132 344 1193 398; baseline -0.008 -8"><span class='ocrx_word' id='word_1_6' title='bbox 132 351 350 390; x_wconf 84' lang='lat' dir='ltr'><em>Morborum</em></span> <span class='ocrx_word' id='word_1_7' title='bbox 387 350 596 388; x_wconf 79' lang='lat' dir='ltr'><em>curationes</em></span> <span class='ocrx_word' id='word_1_8' title='bbox 629 347 787 384; x_wconf 83' lang='lat' dir='ltr'>laudant</span> <span class='ocrx_word' id='word_1_9' title='bbox 823 347 1098 396; x_wconf 81' lang='lat' dir='ltr'>Aristophanes</span> <span class='ocrx_word' id='word_1_10' title='bbox 1137 344 1193 398; x_wconf 87' lang='lat'>(7)</span> 
     </span>
     <span class='ocr_line' id='line_1_5' title="bbox 130 405 1191 450; baseline -0.008 -1"><span class='ocrx_word' id='word_1_11' title='bbox 130 413 232 450; x_wconf 88' lang='lat' dir='ltr'>Ran.</span> <span class='ocrx_word' id='word_1_12' title='bbox 253 423 310 449; x_wconf 78' lang='lat' dir='ltr'>vs,</span> <span class='ocrx_word' id='word_1_13' title='bbox 346 409 447 447; x_wconf 80' lang='lat'>1033</span> <span class='ocrx_word' id='word_1_14' title='bbox 471 415 509 446; x_wconf 87' lang='lat' dir='ltr'>et</span> <span class='ocrx_word' id='word_1_15' title='bbox 533 407 757 445; x_wconf 88' lang='lat' dir='ltr'>Eustathius</span> <span class='ocrx_word' id='word_1_16' title='bbox 788 405 986 443; x_wconf 88' lang='lat' dir='ltr'>Prooemio</span> <span class='ocrx_word' id='word_1_17' title='bbox 1013 407 1055 442; x_wconf 89' lang='lat' dir='ltr'>in</span> <span class='ocrx_word' id='word_1_18' title='bbox 1076 405 1191 442; x_wconf 87' lang='lat' dir='ltr'>Iliad.</span> 
     </span>
     <span class='ocr_line' id='line_1_6' title="bbox 131 465 1188 521; baseline -0.005 -15"><span class='ocrx_word' id='word_1_19' title='bbox 131 483 171 521; x_wconf 88' lang='lat' dir='ltr'>p.</span> <span class='ocrx_word' id='word_1_20' title='bbox 190 471 226 509; x_wconf 87' lang='lat'>3.</span> <span class='ocrx_word' id='word_1_21' title='bbox 256 472 303 507; x_wconf 89' lang='lat' dir='ltr'>In</span> <span class='ocrx_word' id='word_1_22' title='bbox 327 470 404 507; x_wconf 90' lang='lat' dir='ltr'>hoc</span> <span class='ocrx_word' id='word_1_23' title='bbox 424 468 525 505; x_wconf 85' lang='lat' dir='ltr'>libro</span> <span class='ocrx_word' id='word_1_24' title='bbox 544 466 726 515; x_wconf 87' lang='lat' dir='ltr'>conjicias</span> <span class='ocrx_word' id='word_1_25' title='bbox 743 478 831 503; x_wconf 91' lang='lat' dir='ltr'>eum</span> <span class='ocrx_word' id='word_1_26' title='bbox 853 466 993 503; x_wconf 82' lang='lat' dir='ltr'><strong>dixisse</strong></span> <span class='ocrx_word' id='word_1_27' title='bbox 1012 465 1060 503; x_wconf 91' lang='lat' dir='ltr'>de</span> <span class='ocrx_word' id='word_1_28' title='bbox 1079 465 1188 514; x_wconf 91' lang='lat' dir='ltr'>polio</span> 
     </span>
     <span class='ocr_line' id='line_1_7' title="bbox 132 524 1195 578; baseline -0.007 -11"><span class='ocrx_word' id='word_1_29' title='bbox 132 530 252 567; x_wconf 88' lang='lat' dir='ltr'>herba</span> <span class='ocrx_word' id='word_1_30' title='bbox 295 527 404 578; x_wconf 88' lang='lat' dir='ltr'>quod</span> <span class='ocrx_word' id='word_1_31' title='bbox 441 539 488 564; x_wconf 86' lang='lat' dir='ltr'>ex</span> <span class='ocrx_word' id='word_1_32' title='bbox 524 527 667 563; x_wconf 87' lang='lat' dir='ltr'>Musaeo</span> <span class='ocrx_word' id='word_1_33' title='bbox 712 525 864 575; x_wconf 86' lang='lat' dir='ltr'><strong>profert</strong></span> <span class='ocrx_word' id='word_1_34' title='bbox 910 524 1195 574; x_wconf 82' lang='lat' dir='ltr'>Theophrastus</span> 
     </span>
     <span class='ocr_line' id='line_1_8' title="bbox 133 583 1195 636; baseline -0.007 -10"><span class='ocrx_word' id='word_1_35' title='bbox 133 590 203 628; x_wconf 89' lang='lat' dir='ltr'>lib.</span> <span class='ocrx_word' id='word_1_36' title='bbox 231 589 290 626; x_wconf 87' lang='lat' dir='ltr'>IX</span> <span class='ocrx_word' id='word_1_37' title='bbox 310 588 455 625; x_wconf 89' lang='lat' dir='ltr'>Histor.</span> <span class='ocrx_word' id='word_1_38' title='bbox 475 586 594 636; x_wconf 85' lang='lat' dir='ltr'><strong>plant.</strong></span> <span class='ocrx_word' id='word_1_39' title='bbox 621 597 706 635; x_wconf 88' lang='lat' dir='ltr'>cap.</span> <span class='ocrx_word' id='word_1_40' title='bbox 731 598 777 622; x_wconf 82' lang='lat'>21</span> <span class='ocrx_word' id='word_1_41' title='bbox 802 586 852 636; x_wconf 85' lang='lat'>(8)</span> <span class='ocrx_word' id='word_1_42' title='bbox 868 585 1086 635; x_wconf 88' lang='lat' dir='ltr'>repetitque</span> <span class='ocrx_word' id='word_1_43' title='bbox 1116 583 1195 620; x_wconf 90' lang='lat' dir='ltr'>Pli-</span> 
     </span>
     <span class='ocr_line' id='line_1_9' title="bbox 131 644 1196 695; baseline -0.006 -10"><span class='ocrx_word' id='word_1_44' title='bbox 131 650 217 685; x_wconf 85' lang='lat' dir='ltr'>nius</span> <span class='ocrx_word' id='word_1_45' title='bbox 240 648 339 686; x_wconf 77' lang='lat' dir='ltr'>nist.</span> <span class='ocrx_word' id='word_1_46' title='bbox 379 652 459 684; x_wconf 88' lang='lat' dir='ltr'>nat.</span> <span class='ocrx_word' id='word_1_47' title='bbox 492 646 561 683; x_wconf 90' lang='lat' dir='ltr'>lib.</span> <span class='ocrx_word' id='word_1_48' title='bbox 599 646 701 683; x_wconf 89' lang='lat' dir='ltr'>XXI</span> <span class='ocrx_word' id='word_1_49' title='bbox 734 658 820 695; x_wconf 90' lang='lat' dir='ltr'>cap.</span> <span class='ocrx_word' id='word_1_50' title='bbox 856 659 877 693; x_wconf 97' lang='lat'><strong>7</strong></span> <span class='ocrx_word' id='word_1_51' title='bbox 913 652 952 682; x_wconf 92' lang='lat' dir='ltr'>et</span> <span class='ocrx_word' id='word_1_52' title='bbox 996 657 1070 691; x_wconf 79' lang='lat'>20,</span> <span class='ocrx_word' id='word_1_53' title='bbox 1102 644 1196 680; x_wconf 88' lang='lat' dir='ltr'>item</span> 
     </span>
     <span class='ocr_line' id='line_1_10' title="bbox 133 703 1194 756; baseline -0.006 -10"><span class='ocrx_word' id='word_1_54' title='bbox 133 709 203 746; x_wconf 90' lang='lat' dir='ltr'>lib.</span> <span class='ocrx_word' id='word_1_55' title='bbox 221 708 348 756; x_wconf 85' lang='lat' dir='ltr'>XXV,</span> <span class='ocrx_word' id='word_1_56' title='bbox 367 718 454 755; x_wconf 88' lang='lat' dir='ltr'>cap.</span> <span class='ocrx_word' id='word_1_57' title='bbox 476 718 515 753; x_wconf 84' lang='lat'>2,</span> <span class='ocrx_word' id='word_1_58' title='bbox 538 712 576 742; x_wconf 91' lang='lat' dir='ltr'>et</span> <span class='ocrx_word' id='word_1_59' title='bbox 596 705 703 754; x_wconf 91' lang='lat' dir='ltr'>quod</span> <span class='ocrx_word' id='word_1_60' title='bbox 725 705 774 742; x_wconf 89' lang='lat' dir='ltr'>de</span> <span class='ocrx_word' id='word_1_61' title='bbox 784 703 968 756; x_wconf 88' lang='lat' dir='ltr'>junipero</span> <span class='ocrx_word' id='word_1_62' title='bbox 988 717 1034 742; x_wconf 86' lang='lat' dir='ltr'>ex</span> <span class='ocrx_word' id='word_1_63' title='bbox 1053 716 1100 741; x_wconf 90' lang='lat' dir='ltr'>eo</span> <span class='ocrx_word' id='word_1_64' title='bbox 1121 704 1194 740; x_wconf 79' lang='lat' dir='ltr'>lia—</span> 
     </span>
     <span class='ocr_line' id='line_1_11' title="bbox 136 765 1197 815; baseline -0.007 -9"><span class='ocrx_word' id='word_1_65' title='bbox 136 769 204 806; x_wconf 82' lang='lat' dir='ltr'>bet</span> <span class='ocrx_word' id='word_1_66' title='bbox 234 767 460 805; x_wconf 87' lang='lat' dir='ltr'>Scholiastes</span> <span class='ocrx_word' id='word_1_67' title='bbox 488 765 687 815; x_wconf 89' lang='lat' dir='ltr'>Apollonii</span> <span class='ocrx_word' id='word_1_68' title='bbox 713 766 754 802; x_wconf 90' lang='lat' dir='ltr'>in</span> <span class='ocrx_word' id='word_1_69' title='bbox 782 766 925 801; x_wconf 89' lang='lat' dir='ltr'>librum</span> <span class='ocrx_word' id='word_1_70' title='bbox 950 766 1014 803; x_wconf 89' lang='lat' dir='ltr'>IV.</span> <span class='ocrx_word' id='word_1_71' title='bbox 1039 765 1197 801; x_wconf 88' lang='lat' dir='ltr'>Titano-</span> 
     </span>
     <span class='ocr_line' id='line_1_12' title="bbox 135 824 1195 879; baseline -0.005 -15"><span class='ocrx_word' id='word_1_72' title='bbox 135 828 336 879; x_wconf 84' lang='lat' dir='ltr'>graphiam</span> <span class='ocrx_word' id='word_1_73' title='bbox 361 825 465 874; x_wconf 85' lang='lat' dir='ltr'>ejus,</span> <span class='ocrx_word' id='word_1_74' title='bbox 493 824 603 873; x_wconf 90' lang='lat' dir='ltr'>cujus</span> <span class='ocrx_word' id='word_1_75' title='bbox 631 826 786 862; x_wconf 89' lang='lat' dir='ltr'>tertium</span> <span class='ocrx_word' id='word_1_76' title='bbox 803 825 946 862; x_wconf 80' lang='lat' dir='ltr'>librum</span> <span class='ocrx_word' id='word_1_77' title='bbox 964 825 1057 861; x_wconf 91' lang='lat' dir='ltr'>citat</span> <span class='ocrx_word' id='word_1_78' title='bbox 1077 824 1195 861; x_wconf 88' lang='lat' dir='ltr'>Scho-</span> 
     </span>
     <span class='ocr_line' id='line_1_13' title="bbox 134 883 1196 935; baseline -0.006 -10"><span class='ocrx_word' id='word_1_79' title='bbox 134 889 259 925; x_wconf 70' lang='lat' dir='ltr'>nastes</span> <span class='ocrx_word' id='word_1_80' title='bbox 275 887 474 935; x_wconf 84' lang='lat' dir='ltr'>Apollonii</span> <span class='ocrx_word' id='word_1_81' title='bbox 492 886 542 923; x_wconf 86' lang='lat' dir='ltr'>ad</span> <span class='ocrx_word' id='word_1_82' title='bbox 562 886 633 924; x_wconf 82' lang='lat' dir='ltr'>lib.</span> <span class='ocrx_word' id='word_1_83' title='bbox 651 887 724 932; x_wconf 83' lang='lat'>111,</span> <span class='ocrx_word' id='word_1_84' title='bbox 742 887 986 935; x_wconf 80' lang='lat' dir='ltr'>ignoramus,</span> <span class='ocrx_word' id='word_1_85' title='bbox 1000 884 1072 921; x_wconf 87' lang='lat' dir='ltr'>nisi</span> <span class='ocrx_word' id='word_1_86' title='bbox 1089 883 1196 932; x_wconf 85' lang='lat' dir='ltr'>quod</span> 
     </span>
     <span class='ocr_line' id='line_1_14' title="bbox 133 944 1195 995; baseline -0.005 -10"><span class='ocrx_word' id='word_1_87' title='bbox 133 947 309 985; x_wconf 85' lang='lat' dir='ltr'>Eudocia</span> <span class='ocrx_word' id='word_1_88' title='bbox 325 947 366 983; x_wconf 92' lang='lat' dir='ltr'>in</span> <span class='ocrx_word' id='word_1_89' title='bbox 385 946 557 985; x_wconf 87' lang='lat' dir='ltr'>Violario</span> <span class='ocrx_word' id='word_1_90' title='bbox 576 957 666 995; x_wconf 88' lang='lat' dir='ltr'>pag.</span> <span class='ocrx_word' id='word_1_91' title='bbox 703 944 781 989; x_wconf 80' lang='lat'>248</span> <span class='ocrx_word' id='word_1_92' title='bbox 805 946 991 981; x_wconf 78' lang='lat' dir='ltr'>Musaeum</span> <span class='ocrx_word' id='word_1_93' title='bbox 1007 944 1085 980; x_wconf 90' lang='lat' dir='ltr'>hoc</span> <span class='ocrx_word' id='word_1_94' title='bbox 1111 944 1195 992; x_wconf 90' lang='lat' dir='ltr'>ipso</span> 
     </span>
     <span class='ocr_line' id='line_1_15' title="bbox 135 1003 1197 1057; baseline -0.004 -13"><span class='ocrx_word' id='word_1_95' title='bbox 135 1008 250 1044; x_wconf 59' lang='lat' dir='ltr'>istius&gt;</span> <span class='ocrx_word' id='word_1_96' title='bbox 263 1007 390 1057; x_wconf 87' lang='lat' dir='ltr'>operis</span> <span class='ocrx_word' id='word_1_97' title='bbox 414 1006 517 1043; x_wconf 89' lang='lat' dir='ltr'>libro</span> <span class='ocrx_word' id='word_1_98' title='bbox 546 1005 596 1043; x_wconf 85' lang='lat' dir='ltr'>de</span> <span class='ocrx_word' id='word_1_99' title='bbox 620 1004 765 1042; x_wconf 84' lang='lat' dir='ltr'>Cadmo</span> <span class='ocrx_word' id='word_1_100' title='bbox 791 1006 910 1055; x_wconf 80' lang='lat' dir='ltr'>egisse</span> <span class='ocrx_word' id='word_1_101' title='bbox 929 1005 997 1042; x_wconf 89' lang='lat' dir='ltr'>ait.</span> <span class='ocrx_word' id='word_1_102' title='bbox 1020 1003 1197 1052; x_wconf 90' lang='lat' dir='ltr'>Denique</span> 
     </span>
     <span class='ocr_line' id='line_1_16' title="bbox 137 1056 1196 1115; baseline -0.006 -11"><span class='ocrx_word' id='word_1_103' title='bbox 137 1067 368 1105; x_wconf 87' lang='lat' dir='ltr'>delictorum</span> <span class='ocrx_word' id='word_1_104' title='bbox 392 1056 648 1115; x_wconf 75' lang='lat' dir='ltr'>expiationes,</span> <span class='ocrx_word' id='word_1_105' title='bbox 670 1065 843 1102; x_wconf 90' lang='lat' dir='ltr'>lustralia</span> <span class='ocrx_word' id='word_1_106' title='bbox 861 1071 900 1101; x_wconf 90' lang='lat' dir='ltr'>et</span> <span class='ocrx_word' id='word_1_107' title='bbox 925 1064 1086 1113; x_wconf 87' lang='lat' dir='ltr'>mystica</span> <span class='ocrx_word' id='word_1_108' title='bbox 1111 1075 1196 1099; x_wconf 86' lang='lat' dir='ltr'>car-</span> 
     </span>
     <span class='ocr_line' id='line_1_17' title="bbox 135 1120 1197 1175; baseline -0.005 -11"><span class='ocrx_word' id='word_1_109' title='bbox 135 1127 239 1164; x_wconf 90' lang='lat' dir='ltr'>mina</span> <span class='ocrx_word' id='word_1_110' title='bbox 257 1128 335 1164; x_wconf 84' lang='lat' dir='ltr'>sive</span> <span class='ocrx_word' id='word_1_111' title='bbox 357 1126 600 1163; x_wconf 83' lang='lat' dir='ltr'>lustrationes</span> <span class='ocrx_word' id='word_1_112' title='bbox 616 1131 654 1162; x_wconf 91' lang='lat' dir='ltr'>et</span> <span class='ocrx_word' id='word_1_113' title='bbox 668 1125 845 1173; x_wconf 79' lang='lat' dir='ltr'>mysteria</span> <span class='ocrx_word' id='word_1_114' title='bbox 873 1123 885 1174; x_wconf 89' lang='lat'>(</span> <span class='ocrx_word' id='word_1_115' title='bbox 900 1120 1117 1175; x_wconf 87' lang='grc' dir='ltr'>παραλύσεις</span> <span class='ocrx_word' id='word_1_116' title='bbox 1135 1120 1197 1159; x_wconf 81' lang='grc' dir='ltr'>καὶ</span> 
     </span>
     <span class='ocr_line' id='line_1_18' title="bbox 137 1181 1197 1236; baseline -0.005 -14"><span class='ocrx_word' id='word_1_117' title='bbox 137 1183 280 1228; x_wconf 81' lang='grc' dir='ltr'>τελετὰς</span> <span class='ocrx_word' id='word_1_118' title='bbox 299 1183 357 1222; x_wconf 78' lang='grc' dir='ltr'>καὶ</span> <span class='ocrx_word' id='word_1_119' title='bbox 379 1181 607 1236; x_wconf 87' lang='grc' dir='ltr'>καθαρμούς)</span> <span class='ocrx_word' id='word_1_120' title='bbox 634 1185 816 1220; x_wconf 84' lang='lat' dir='ltr'>Musaeum</span> <span class='ocrx_word' id='word_1_121' title='bbox 830 1183 1021 1232; x_wconf 79' lang='lat' dir='ltr'>scripsisse</span> <span class='ocrx_word' id='word_1_122' title='bbox 1035 1182 1197 1231; x_wconf 90' lang='lat' dir='ltr'>legimus</span> 
     </span>
     <span class='ocr_line' id='line_1_19' title="bbox 137 1240 1193 1294; baseline -0.004 -13"><span class='ocrx_word' id='word_1_123' title='bbox 137 1244 244 1294; x_wconf 89' lang='lat' dir='ltr'>apud</span> <span class='ocrx_word' id='word_1_124' title='bbox 272 1257 438 1294; x_wconf 81' lang='lat' dir='ltr'>graecum</span> <span class='ocrx_word' id='word_1_125' title='bbox 459 1243 725 1292; x_wconf 79' lang='lat' dir='ltr'>Aristophanis</span> <span class='ocrx_word' id='word_1_126' title='bbox 741 1249 1003 1279; x_wconf 87' lang='lat' dir='ltr'>enarratorem</span> <span class='ocrx_word' id='word_1_127' title='bbox 1020 1240 1070 1277; x_wconf 86' lang='lat' dir='ltr'>ad</span> <span class='ocrx_word' id='word_1_128' title='bbox 1091 1242 1193 1278; x_wconf 89' lang='lat' dir='ltr'>Ran.</span> 
     </span>
     <span class='ocr_line' id='line_1_20' title="bbox 136 1293 1195 1352; baseline -0.005 -12"><span class='ocrx_word' id='word_1_129' title='bbox 136 1316 192 1342; x_wconf 79' lang='lat' dir='ltr'>vs,</span> <span class='ocrx_word' id='word_1_130' title='bbox 221 1293 333 1350; x_wconf 76' lang='lat'>1033,</span> <span class='ocrx_word' id='word_1_131' title='bbox 351 1315 519 1352; x_wconf 90' lang='lat' dir='ltr'>quocum</span> <span class='ocrx_word' id='word_1_132' title='bbox 540 1314 583 1339; x_wconf 89' lang='lat' dir='ltr'>re</span> <span class='ocrx_word' id='word_1_133' title='bbox 601 1301 806 1350; x_wconf 83' lang='lat' dir='ltr'>verbisque</span> <span class='ocrx_word' id='word_1_134' title='bbox 825 1301 993 1338; x_wconf 86' lang='lat' dir='ltr'>concinit</span> <span class='ocrx_word' id='word_1_135' title='bbox 1007 1300 1117 1336; x_wconf 88' lang='lat' dir='ltr'>Plato</span> <span class='ocrx_word' id='word_1_136' title='bbox 1143 1299 1195 1348; x_wconf 88' lang='lat'>(9)</span> 
     </span>
     <span class='ocr_line' id='line_1_21' title="bbox 138 1358 1194 1412; baseline -0.004 -13"><span class='ocrx_word' id='word_1_137' title='bbox 138 1361 187 1399; x_wconf 86' lang='lat' dir='ltr'>de</span> <span class='ocrx_word' id='word_1_138' title='bbox 215 1363 358 1399; x_wconf 80' lang='lat' dir='ltr'>Musaeo</span> <span class='ocrx_word' id='word_1_139' title='bbox 377 1369 415 1399; x_wconf 89' lang='lat' dir='ltr'>et</span> <span class='ocrx_word' id='word_1_140' title='bbox 445 1362 601 1412; x_wconf 87' lang='lat' dir='ltr'>Orpheo</span> <span class='ocrx_word' id='word_1_141' title='bbox 625 1361 696 1397; x_wconf 90' lang='lat' dir='ltr'>lib.</span> <span class='ocrx_word' id='word_1_142' title='bbox 732 1361 772 1399; x_wconf 88' lang='grc' dir='ltr'>ΙΙ</span> <span class='ocrx_word' id='word_1_143' title='bbox 794 1360 843 1398; x_wconf 87' lang='lat' dir='ltr'>de</span> <span class='ocrx_word' id='word_1_144' title='bbox 867 1362 968 1410; x_wconf 88' lang='lat' dir='ltr'>Rep.</span> <span class='ocrx_word' id='word_1_145' title='bbox 993 1372 1085 1410; x_wconf 84' lang='lat' dir='ltr'>pag.</span> <span class='ocrx_word' id='word_1_146' title='bbox 1119 1358 1194 1405; x_wconf 80' lang='lat'>364</span> 
     </span>
     <span class='ocr_line' id='line_1_22' title="bbox 138 1419 1197 1471; baseline 0 -13"><span class='ocrx_word' id='word_1_147' title='bbox 138 1421 335 1471; x_wconf 87' lang='lat' dir='ltr'>disputans</span> <span class='ocrx_word' id='word_1_148' title='bbox 355 1421 568 1470; x_wconf 89' lang='lat' dir='ltr'>eademque</span> <span class='ocrx_word' id='word_1_149' title='bbox 596 1421 662 1458; x_wconf 85' lang='lat' dir='ltr'>illa</span> <span class='ocrx_word' id='word_1_150' title='bbox 681 1421 756 1457; x_wconf 89' lang='lat' dir='ltr'>tria</span> <span class='ocrx_word' id='word_1_151' title='bbox 774 1419 967 1456; x_wconf 86' lang='lat' dir='ltr'>vocabula</span> <span class='ocrx_word' id='word_1_152' title='bbox 1000 1419 1197 1469; x_wconf 86' lang='lat' dir='ltr'>copulans.</span> 
     </span>
    </p>
   </div>
   <div class='ocr_carea' id='block_1_5' title="bbox 2243 264 2310 299">
    <p class='ocr_par' dir='ltr' id='par_1_5' title="bbox 2243 264 2310 299">
     <span class='ocr_line' id='line_1_23' title="bbox 2243 264 2310 299; baseline 0.015 -1"><span class='ocrx_word' id='word_1_153' title='bbox 2243 264 2310 299; x_wconf 83' lang='lat'>159</span> 
     </span>
    </p>
   </div>
   <div class='ocr_carea' id='block_1_6' title="bbox 1253 347 2315 696">
    <p class='ocr_par' dir='ltr' id='par_1_6' title="bbox 1253 347 2315 696">
     <span class='ocr_line' id='line_1_24' title="bbox 1254 347 2308 399; baseline 0.002 -16"><span class='ocrx_word' id='word_1_154' title='bbox 1254 347 1502 395; x_wconf 86' lang='lat' dir='ltr'>antiquorum</span> <span class='ocrx_word' id='word_1_155' title='bbox 1523 358 1624 383; x_wconf 81' lang='lat' dir='ltr'>Vlsus</span> <span class='ocrx_word' id='word_1_156' title='bbox 1642 354 1697 384; x_wconf 88' lang='lat' dir='ltr'>est</span> <span class='ocrx_word' id='word_1_157' title='bbox 1714 348 1895 394; x_wconf 82' lang='lat' dir='ltr'>Musaeus,</span> <span class='ocrx_word' id='word_1_158' title='bbox 1908 348 2000 396; x_wconf 88' lang='lat' dir='ltr'>quia</span> <span class='ocrx_word' id='word_1_159' title='bbox 2019 347 2164 385; x_wconf 78' lang='lat' dir='ltr'>Cereris</span> <span class='ocrx_word' id='word_1_160' title='bbox 2188 359 2308 399; x_wconf 67' lang='lat' dir='ltr'>sacra,</span> 
     </span>
     <span class='ocr_line' id='line_1_25' title="bbox 1253 405 2310 458; baseline 0.002 -15"><span class='ocrx_word' id='word_1_161' title='bbox 1253 407 1284 443; x_wconf 92' lang='lat' dir='ltr'>si</span> <span class='ocrx_word' id='word_1_162' title='bbox 1303 405 1577 443; x_wconf 78' lang='lat' dir='ltr'>verum&#39;refert</span> <span class='ocrx_word' id='word_1_163' title='bbox 1603 407 1860 443; x_wconf 84' lang='lat' dir='ltr'>Tertullianus</span> <span class='ocrx_word' id='word_1_164' title='bbox 1887 406 2095 457; x_wconf 87' lang='lat' dir='ltr'>Apologet.</span> <span class='ocrx_word' id='word_1_165' title='bbox 2129 421 2212 458; x_wconf 85' lang='lat' dir='ltr'>cap.</span> <span class='ocrx_word' id='word_1_166' title='bbox 2245 420 2310 455; x_wconf 83' lang='lat'>21,</span> 
     </span>
     <span class='ocr_line' id='line_1_26' title="bbox 1255 466 2313 515; baseline 0.001 -13"><span class='ocrx_word' id='word_1_167' title='bbox 1255 466 1445 512; x_wconf 86' lang='lat' dir='ltr'>instituit,</span> <span class='ocrx_word' id='word_1_168' title='bbox 1463 466 1645 515; x_wconf 86' lang='lat' dir='ltr'>quamvis</span> <span class='ocrx_word' id='word_1_169' title='bbox 1664 466 1867 515; x_wconf 90' lang='lat' dir='ltr'>Sophoclis</span> <span class='ocrx_word' id='word_1_170' title='bbox 1888 467 2074 515; x_wconf 84' lang='lat' dir='ltr'>interpres</span> <span class='ocrx_word' id='word_1_171' title='bbox 2093 468 2237 515; x_wconf 87' lang='lat' dir='ltr'>priscos</span> <span class='ocrx_word' id='word_1_172' title='bbox 2250 479 2313 503; x_wconf 90' lang='lat' dir='ltr'>au-</span> 
     </span>
     <span class='ocr_line' id='line_1_27' title="bbox 1256 524 2312 575; baseline -0.001 -12"><span class='ocrx_word' id='word_1_173' title='bbox 1256 533 1380 563; x_wconf 90' lang='lat' dir='ltr'>ctores</span> <span class='ocrx_word' id='word_1_174' title='bbox 1402 533 1554 563; x_wconf 89' lang='lat' dir='ltr'>secutus</span> <span class='ocrx_word' id='word_1_175' title='bbox 1574 524 1627 575; x_wconf 86' lang='lat'>(1)</span> <span class='ocrx_word' id='word_1_176' title='bbox 1664 533 1701 562; x_wconf 90' lang='lat' dir='ltr'>et</span> <span class='ocrx_word' id='word_1_177' title='bbox 1725 525 1919 563; x_wconf 87' lang='lat' dir='ltr'>Lucianus</span> <span class='ocrx_word' id='word_1_178' title='bbox 1942 526 2226 562; x_wconf 89' lang='lat' dir='ltr'>Eleusiniorum</span> <span class='ocrx_word' id='word_1_179' title='bbox 2242 538 2312 575; x_wconf 89' lang='lat' dir='ltr'>pa-</span> 
     </span>
     <span class='ocr_line' id='line_1_28' title="bbox 1255 585 2315 635; baseline -0.003 -12"><span class='ocrx_word' id='word_1_180' title='bbox 1255 594 1404 624; x_wconf 88' lang='lat' dir='ltr'>rentem</span> <span class='ocrx_word' id='word_1_181' title='bbox 1420 586 1652 635; x_wconf 89' lang='lat' dir='ltr'>Eumolpum</span> <span class='ocrx_word' id='word_1_182' title='bbox 1665 586 1879 622; x_wconf 88' lang='lat' dir='ltr'>nominent.</span> <span class='ocrx_word' id='word_1_183' title='bbox 1897 586 1918 621; x_wconf 87' lang='lat' dir='ltr'><strong>J</strong></span> <span class='ocrx_word' id='word_1_184' title='bbox 1921 597 1981 621; x_wconf 91' lang='lat' dir='ltr'>am</span> <span class='ocrx_word' id='word_1_185' title='bbox 1996 585 2064 621; x_wconf 91' lang='lat' dir='ltr'>etsi</span> <span class='ocrx_word' id='word_1_186' title='bbox 2079 585 2146 621; x_wconf 88' lang='lat' dir='ltr'>alii</span> <span class='ocrx_word' id='word_1_187' title='bbox 2162 597 2315 621; x_wconf 90' lang='lat' dir='ltr'>omnem</span> 
     </span>
     <span class='ocr_line' id='line_1_29' title="bbox 1254 641 2313 696; baseline -0.001 -14"><span class='ocrx_word' id='word_1_188' title='bbox 1254 646 1523 695; x_wconf 84' lang='lat' dir='ltr'>mysteriorum</span> <span class='ocrx_word' id='word_1_189' title='bbox 1542 646 1661 683; x_wconf 90' lang='lat' dir='ltr'>ritum</span> <span class='ocrx_word' id='word_1_190' title='bbox 1686 645 1734 682; x_wconf 87' lang='lat' dir='ltr'>ab</span> <span class='ocrx_word' id='word_1_191' title='bbox 1760 645 1916 694; x_wconf 88' lang='lat' dir='ltr'>Orpheo</span> <span class='ocrx_word' id='word_1_192' title='bbox 1934 641 1984 696; x_wconf 82' lang='lat'>(2)</span> <span class='ocrx_word' id='word_1_193' title='bbox 2009 650 2208 693; x_wconf 88' lang='lat' dir='ltr'>repetunt,</span> <span class='ocrx_word' id='word_1_194' title='bbox 2230 642 2313 681; x_wconf 84' lang='lat' dir='ltr'>Iso-</span> 
     </span>
    </p>
   </div>
   <div class='ocr_carea' id='block_1_7' title="bbox 1252 707 2320 1236">
    <p class='ocr_par' dir='ltr' id='par_1_7' title="bbox 1252 707 2320 1236">
     <span class='ocr_line' id='line_1_30' title="bbox 1257 707 2309 760; baseline -0.003 -13"><span class='ocrx_word' id='word_1_195' title='bbox 1257 718 1380 748; x_wconf 84' lang='lat' dir='ltr'>crates</span> <span class='ocrx_word' id='word_1_196' title='bbox 1399 709 1452 760; x_wconf 83' lang='lat'>(3)</span> <span class='ocrx_word' id='word_1_197' title='bbox 1472 722 1565 747; x_wconf 83' lang='lat' dir='ltr'>vero</span> <span class='ocrx_word' id='word_1_198' title='bbox 1585 710 1705 760; x_wconf 86' lang='lat' dir='ltr'>ipsam</span> <span class='ocrx_word' id='word_1_199' title='bbox 1725 710 1903 747; x_wconf 84' lang='lat' dir='ltr'>Cererem</span> <span class='ocrx_word' id='word_1_200' title='bbox 1916 709 1993 745; x_wconf 91' lang='lat' dir='ltr'>hoc</span> <span class='ocrx_word' id='word_1_201' title='bbox 2008 707 2241 745; x_wconf 90' lang='lat' dir='ltr'>beneficium</span> <span class='ocrx_word' id='word_1_202' title='bbox 2268 709 2309 744; x_wconf 93' lang='lat' dir='ltr'>in</span> 
     </span>
     <span class='ocr_line' id='line_1_31' title="bbox 1255 768 2317 817; baseline -0.002 -10"><span class='ocrx_word' id='word_1_203' title='bbox 1255 770 1430 807; x_wconf 88' lang='lat' dir='ltr'>homines</span> <span class='ocrx_word' id='word_1_204' title='bbox 1455 771 1659 807; x_wconf 90' lang='lat' dir='ltr'>contulisse</span> <span class='ocrx_word' id='word_1_205' title='bbox 1679 770 1753 817; x_wconf 90' lang='lat' dir='ltr'>ait,</span> <span class='ocrx_word' id='word_1_206' title='bbox 1776 770 1887 806; x_wconf 89' lang='lat' dir='ltr'>multi</span> <span class='ocrx_word' id='word_1_207' title='bbox 1914 768 2153 817; x_wconf 68' lang='lat' dir='ltr'>denique&#39;in</span> <span class='ocrx_word' id='word_1_208' title='bbox 2173 768 2317 816; x_wconf 91' lang='lat' dir='ltr'>quibus</span> 
     </span>
     <span class='ocr_line' id='line_1_32' title="bbox 1256 828 2314 878; baseline 0 -13"><span class='ocrx_word' id='word_1_209' title='bbox 1256 829 1364 866; x_wconf 92' lang='lat' dir='ltr'>Plato</span> <span class='ocrx_word' id='word_1_210' title='bbox 1393 837 1450 866; x_wconf 87' lang='lat' dir='ltr'>est</span> <span class='ocrx_word' id='word_1_211' title='bbox 1470 828 1553 877; x_wconf 88' lang='lat' dir='ltr'>ejus</span> <span class='ocrx_word' id='word_1_212' title='bbox 1572 830 1630 867; x_wconf 89' lang='lat' dir='ltr'>rei</span> <span class='ocrx_word' id='word_1_213' title='bbox 1649 837 1826 866; x_wconf 85' lang='lat' dir='ltr'>auctores</span> <span class='ocrx_word' id='word_1_214' title='bbox 1843 829 2043 878; x_wconf 86' lang='lat' dir='ltr'>Orpheum</span> <span class='ocrx_word' id='word_1_215' title='bbox 2066 837 2103 866; x_wconf 92' lang='lat' dir='ltr'>et</span> <span class='ocrx_word' id='word_1_216' title='bbox 2133 829 2314 867; x_wconf 81' lang='lat' dir='ltr'>Musaeum</span> 
     </span>
     <span class='ocr_line' id='line_1_33' title="bbox 1252 886 2319 938; baseline -0.001 -14"><span class='ocrx_word' id='word_1_217' title='bbox 1252 886 1422 938; x_wconf 88' lang='lat' dir='ltr'>jungunt</span> <span class='ocrx_word' id='word_1_218' title='bbox 1440 900 1449 924; x_wconf 72' lang='grc' dir='ltr'>τ</span> <span class='ocrx_word' id='word_1_219' title='bbox 1474 895 1600 925; x_wconf 83' lang='lat' dir='ltr'>tamen</span> <span class='ocrx_word' id='word_1_220' title='bbox 1619 889 1660 924; x_wconf 90' lang='lat' dir='ltr'>in</span> <span class='ocrx_word' id='word_1_221' title='bbox 1677 888 1751 925; x_wconf 90' lang='lat' dir='ltr'>hac</span> <span class='ocrx_word' id='word_1_222' title='bbox 1773 888 2003 938; x_wconf 90' lang='lat' dir='ltr'>opinionum</span> <span class='ocrx_word' id='word_1_223' title='bbox 2021 888 2205 924; x_wconf 85' lang='lat' dir='ltr'>varietate</span> <span class='ocrx_word' id='word_1_224' title='bbox 2223 887 2319 936; x_wconf 86' lang='lat' dir='ltr'>quid</span> 
     </span>
     <span class='ocr_line' id='line_1_34' title="bbox 1256 947 2320 996; baseline 0 -13"><span class='ocrx_word' id='word_1_225' title='bbox 1256 948 1313 983; x_wconf 82' lang='lat' dir='ltr'>ilii</span> <span class='ocrx_word' id='word_1_226' title='bbox 1333 948 1401 996; x_wconf 89' lang='lat' dir='ltr'>qui</span> <span class='ocrx_word' id='word_1_227' title='bbox 1433 948 1602 984; x_wconf 90' lang='lat' dir='ltr'>carmina</span> <span class='ocrx_word' id='word_1_228' title='bbox 1630 948 1791 996; x_wconf 83' lang='lat' dir='ltr'>mystica</span> <span class='ocrx_word' id='word_1_229' title='bbox 1813 948 1958 984; x_wconf 86' lang='lat' dir='ltr'>Musaeo</span> <span class='ocrx_word' id='word_1_230' title='bbox 1990 947 2250 984; x_wconf 87' lang='lat' dir='ltr'>attribuerunt</span> <span class='ocrx_word' id='word_1_231' title='bbox 2273 947 2320 983; x_wconf 88' lang='lat' dir='ltr'>de</span> 
     </span>
     <span class='ocr_line' id='line_1_35' title="bbox 1257 1006 2320 1056; baseline 0 -13"><span class='ocrx_word' id='word_1_232' title='bbox 1257 1019 1454 1043; x_wconf 89' lang='lat' dir='ltr'>sacrorum</span> <span class='ocrx_word' id='word_1_233' title='bbox 1473 1007 1637 1044; x_wconf 91' lang='lat' dir='ltr'>istorum</span> <span class='ocrx_word' id='word_1_234' title='bbox 1654 1007 1802 1056; x_wconf 87' lang='lat' dir='ltr'>origine</span> <span class='ocrx_word' id='word_1_235' title='bbox 1827 1006 2029 1043; x_wconf 85' lang='lat' dir='ltr'>statuerint</span> <span class='ocrx_word' id='word_1_236' title='bbox 2042 1035 2052 1053; x_wconf 95' lang='lat'>,</span> <span class='ocrx_word' id='word_1_237' title='bbox 2073 1014 2194 1043; x_wconf 87' lang='lat' dir='ltr'>exstat</span> <span class='ocrx_word' id='word_1_238' title='bbox 2207 1014 2320 1055; x_wconf 87' lang='lat' dir='ltr'>atque</span> 
     </span>
     <span class='ocr_line' id='line_1_36' title="bbox 1259 1066 2316 1117; baseline -0.004 -12"><span class='ocrx_word' id='word_1_239' title='bbox 1259 1075 1432 1117; x_wconf 86' lang='lat' dir='ltr'>apparet.</span> <span class='ocrx_word' id='word_1_240' title='bbox 1460 1069 1645 1105; x_wconf 84' lang='lat' dir='ltr'>Musaeum</span> <span class='ocrx_word' id='word_1_241' title='bbox 1664 1068 1835 1105; x_wconf 89' lang='lat' dir='ltr'>Phaleris</span> <span class='ocrx_word' id='word_1_242' title='bbox 1852 1066 1955 1104; x_wconf 89' lang='lat' dir='ltr'>diem</span> <span class='ocrx_word' id='word_1_243' title='bbox 1972 1079 2083 1103; x_wconf 91' lang='lat' dir='ltr'>suum</span> <span class='ocrx_word' id='word_1_244' title='bbox 2105 1066 2246 1102; x_wconf 90' lang='lat' dir='ltr'>obiisse</span> <span class='ocrx_word' id='word_1_245' title='bbox 2263 1073 2316 1102; x_wconf 89' lang='lat' dir='ltr'>te-</span> 
     </span>
     <span class='ocr_line' id='line_1_37' title="bbox 1257 1125 2319 1177; baseline -0.002 -14"><span class='ocrx_word' id='word_1_246' title='bbox 1257 1134 1380 1163; x_wconf 88' lang='lat' dir='ltr'>statur</span> <span class='ocrx_word' id='word_1_247' title='bbox 1400 1127 1594 1177; x_wconf 85' lang='lat' dir='ltr'>Diogenes</span> <span class='ocrx_word' id='word_1_248' title='bbox 1616 1126 1667 1177; x_wconf 76' lang='grc'>(4)</span> <span class='ocrx_word' id='word_1_249' title='bbox 1703 1125 1860 1175; x_wconf 90' lang='lat' dir='ltr'>ejusque</span> <span class='ocrx_word' id='word_1_250' title='bbox 1882 1126 2032 1163; x_wconf 90' lang='lat' dir='ltr'>tumulo</span> <span class='ocrx_word' id='word_1_251' title='bbox 2061 1125 2137 1162; x_wconf 92' lang='lat' dir='ltr'>hoc</span> <span class='ocrx_word' id='word_1_252' title='bbox 2167 1125 2319 1175; x_wconf 90' lang='lat' dir='ltr'>elegion</span> 
     </span>
     <span class='ocr_line' id='line_1_38' title="bbox 1257 1186 1724 1236; baseline 0 -13"><span class='ocrx_word' id='word_1_253' title='bbox 1257 1187 1484 1236; x_wconf 88' lang='lat' dir='ltr'>inscriptum</span> <span class='ocrx_word' id='word_1_254' title='bbox 1503 1186 1619 1224; x_wconf 81' lang='lat' dir='ltr'>fulsse</span> <span class='ocrx_word' id='word_1_255' title='bbox 1639 1187 1693 1223; x_wconf 89' lang='lat' dir='ltr'>ait</span> <span class='ocrx_word' id='word_1_256' title='bbox 1713 1198 1724 1223; x_wconf 71' lang='grc' dir='ltr'>ε</span> 
     </span>
    </p>
   </div>
   <div class='ocr_carea' id='block_1_8' title="bbox 1314 1288 2253 1408">
    <p class='ocr_par' dir='ltr' id='par_1_8' title="bbox 1314 1288 2253 1408">
     <span class='ocr_line' id='line_1_39' title="bbox 1314 1288 2253 1350; baseline -0.003 -15"><span class='ocrx_word' id='word_1_257' title='bbox 1314 1294 1506 1345; x_wconf 79' lang='grc' dir='ltr'>Εὐμόλπου</span> <span class='ocrx_word' id='word_1_258' title='bbox 1527 1294 1625 1350; x_wconf 89' lang='grc' dir='ltr'>φίλον</span> <span class='ocrx_word' id='word_1_259' title='bbox 1645 1295 1719 1334; x_wconf 74' lang='grc' dir='ltr'>υἱὸν</span> <span class='ocrx_word' id='word_1_260' title='bbox 1740 1294 1816 1348; x_wconf 87' lang='grc' dir='ltr'>ἔχει</span> <span class='ocrx_word' id='word_1_261' title='bbox 1836 1295 1876 1334; x_wconf 84' lang='grc' dir='ltr'>τὸ</span> <span class='ocrx_word' id='word_1_262' title='bbox 1899 1295 2108 1349; x_wconf 78' lang='grc' dir='ltr'>Φαληρικὸν</span> <span class='ocrx_word' id='word_1_263' title='bbox 2130 1288 2253 1343; x_wconf 64' lang='grc' dir='ltr'>οἶδας,</span> 
     </span>
     <span class='ocr_line' id='line_1_40' title="bbox 1368 1353 2214 1408; baseline -0.004 -13"><span class='ocrx_word' id='word_1_264' title='bbox 1368 1356 1572 1404; x_wconf 82' lang='grc' dir='ltr'>Μουσαῖον,</span> <span class='ocrx_word' id='word_1_265' title='bbox 1589 1354 1754 1408; x_wconf 80' lang='grc' dir='ltr'>φθίμενον</span> <span class='ocrx_word' id='word_1_266' title='bbox 1783 1355 1877 1407; x_wconf 84' lang='grc' dir='ltr'>σῶμ’</span> <span class='ocrx_word' id='word_1_267' title='bbox 1900 1354 1968 1393; x_wconf 82' lang='grc' dir='ltr'>ὑπὸ</span> <span class='ocrx_word' id='word_1_268' title='bbox 1987 1354 2079 1408; x_wconf 80' lang='grc' dir='ltr'>τῷδε</span> <span class='ocrx_word' id='word_1_269' title='bbox 2099 1353 2214 1408; x_wconf 75' lang='grc' dir='ltr'>τάφῳ.</span> 
     </span>
    </p>
   </div>
   <div class='ocr_carea' id='block_1_9' title="bbox 138 1474 2325 1530">
    <p class='ocr_par' dir='ltr' id='par_1_9' title="bbox 138 1474 2325 1530">
     <span class='ocr_line' id='line_1_41' title="bbox 138 1474 2325 1530; baseline -0.003 -14"><span class='ocrx_word' id='word_1_270' title='bbox 138 1481 291 1530; x_wconf 87' lang='lat' dir='ltr'>Quippe</span> <span class='ocrx_word' id='word_1_271' title='bbox 331 1480 603 1529; x_wconf 85' lang='lat' dir='ltr'>mysteriorum</span> <span class='ocrx_word' id='word_1_272' title='bbox 645 1479 827 1517; x_wconf 89' lang='lat' dir='ltr'>conditor</span> <span class='ocrx_word' id='word_1_273' title='bbox 856 1478 1005 1514; x_wconf 89' lang='lat' dir='ltr'>Platoni</span> <span class='ocrx_word' id='word_1_274' title='bbox 1033 1478 1193 1526; x_wconf 89' lang='lat' dir='ltr'>aliisque</span> <span class='ocrx_word' id='word_1_275' title='bbox 1258 1475 1434 1512; x_wconf 88' lang='lat' dir='ltr'>Eundem</span> <span class='ocrx_word' id='word_1_276' title='bbox 1467 1475 1572 1525; x_wconf 88' lang='lat' dir='ltr'>apud</span> <span class='ocrx_word' id='word_1_277' title='bbox 1620 1475 1766 1511; x_wconf 84' lang='lat' dir='ltr'>inferos</span> <span class='ocrx_word' id='word_1_278' title='bbox 1800 1475 1958 1511; x_wconf 86' lang='lat' dir='ltr'>summis</span> <span class='ocrx_word' id='word_1_279' title='bbox 1999 1474 2215 1511; x_wconf 84' lang='lat' dir='ltr'>honoribus</span> <span class='ocrx_word' id='word_1_280' title='bbox 2250 1474 2325 1511; x_wconf 81' lang='lat' dir='ltr'>frui</span> 
     </span>
    </p>
   </div>
   <div class='ocr_carea' id='block_1_10' title="bbox 136 1563 2321 1586">
    <p class='ocr_par' dir='ltr' id='par_1_10' title="bbox 136 1563 2321 1586">
     <span class='ocr_line' id='line_1_42' title="bbox 136 1563 2321 1586; baseline -0.003 -1"><span class='ocrx_word' id='word_1_281' title='bbox 136 1563 2321 1586; x_wconf 41' lang='lat' dir='ltr'>b-——-———-————-—————-———————————-——-</span> 
     </span>
    </p>
   </div>
   <div class='ocr_carea' id='block_1_11' title="bbox 180 1633 881 1676">
    <p class='ocr_par' dir='ltr' id='par_1_11' title="bbox 180 1633 881 1676">
     <span class='ocr_line' id='line_1_43' title="bbox 180 1633 881 1676; baseline -0.004 -9"><span class='ocrx_word' id='word_1_282' title='bbox 180 1634 226 1676; x_wconf 87' lang='grc'>(7)</span> <span class='ocrx_word' id='word_1_283' title='bbox 245 1633 478 1674; x_wconf 83' lang='lat' dir='ltr'>Aristophanes</span> <span class='ocrx_word' id='word_1_284' title='bbox 491 1635 574 1666; x_wconf 82' lang='lat' dir='ltr'>Rau.</span> <span class='ocrx_word' id='word_1_285' title='bbox 597 1642 647 1665; x_wconf 87' lang='lat' dir='ltr'>vs.</span> <span class='ocrx_word' id='word_1_286' title='bbox 667 1633 851 1665; x_wconf 80' lang='lat'><strong>1032·1034</strong></span> <span class='ocrx_word' id='word_1_287' title='bbox 872 1641 881 1664; x_wconf 90' lang='lat'>:</span> 
     </span>
    </p>
   </div>
   <div class='ocr_carea' id='block_1_12' title="bbox 223 1702 1205 1938">
    <p class='ocr_par' dir='ltr' id='par_1_12' title="bbox 223 1702 1198 1781">
     <span class='ocr_line' id='line_1_44' title="bbox 223 1702 1198 1747; baseline -0.003 -10"><span class='ocrx_word' id='word_1_288' title='bbox 223 1704 348 1747; x_wconf 81' lang='grc' dir='ltr'>Ὀρφεὺς</span> <span class='ocrx_word' id='word_1_289' title='bbox 363 1705 418 1746; x_wconf 82' lang='grc' dir='ltr'>μὲν</span> <span class='ocrx_word' id='word_1_290' title='bbox 437 1705 498 1747; x_wconf 83' lang='grc' dir='ltr'>γὰρ</span> <span class='ocrx_word' id='word_1_291' title='bbox 512 1703 637 1742; x_wconf 84' lang='grc' dir='ltr'>τελετάς</span> <span class='ocrx_word' id='word_1_292' title='bbox 650 1704 676 1737; x_wconf 89' lang='grc' dir='ltr'>θ’</span> <span class='ocrx_word' id='word_1_293' title='bbox 697 1706 772 1746; x_wconf 87' lang='grc' dir='ltr'>ἡμῖν</span> <span class='ocrx_word' id='word_1_294' title='bbox 786 1703 942 1740; x_wconf 80' lang='grc' dir='ltr'>κατέδειξε</span> <span class='ocrx_word' id='word_1_295' title='bbox 965 1702 1067 1744; x_wconf 87' lang='grc' dir='ltr'>φόνων</span> <span class='ocrx_word' id='word_1_296' title='bbox 1084 1702 1112 1735; x_wconf 84' lang='grc' dir='ltr'>τ’</span> <span class='ocrx_word' id='word_1_297' title='bbox 1127 1702 1198 1734; x_wconf 85' lang='grc' dir='ltr'>ἀπέ-</span> 
     </span>
     <span class='ocr_line' id='line_1_45' title="bbox 379 1761 1180 1781; baseline 0.004 -3"><span class='ocrx_word' id='word_1_298' title='bbox 379 1776 381 1778; x_wconf 87' lang='grc'>,</span> <span class='ocrx_word' id='word_1_299' title='bbox 1148 1761 1180 1781; x_wconf 91' lang='grc' dir='ltr'>αι</span> 
     </span>
    </p>

    <p class='ocr_par' dir='ltr' id='par_1_13' title="bbox 227 1750 1204 1854">
     <span class='ocr_line' id='line_1_46' title="bbox 227 1750 1204 1854; baseline -0.002 -21"><span class='ocrx_word' id='word_1_300' title='bbox 227 1802 388 1838; x_wconf 84' lang='grc' dir='ltr'>Μουσαῖος</span> <span class='ocrx_word' id='word_1_301' title='bbox 410 1799 438 1832; x_wconf 81' lang='grc' dir='ltr'>δ’</span> <span class='ocrx_word' id='word_1_302' title='bbox 455 1800 611 1838; x_wconf 82' lang='grc' dir='ltr'>ἐξακέσεις</span> <span class='ocrx_word' id='word_1_303' title='bbox 631 1810 666 1832; x_wconf 91' lang='grc' dir='ltr'>τε</span> <span class='ocrx_word' id='word_1_304' title='bbox 683 1798 788 1832; x_wconf 91' lang='grc' dir='ltr'>νόσων</span> <span class='ocrx_word' id='word_1_305' title='bbox 807 1799 863 1832; x_wconf 87' lang='grc' dir='ltr'>καὶ</span> <span class='ocrx_word' id='word_1_306' title='bbox 887 1750 1204 1854; x_wconf 37' lang='grc' dir='ltr'>χρησμούς[,χ“εἵίῗῑίο,ἶ</span> 
     </span>
    </p>

    <p class='ocr_par' dir='ltr' id='par_1_14' title="bbox 224 1845 1205 1938">
     <span class='ocr_line' id='line_1_47' title="bbox 224 1845 1205 1938; baseline -0.011 -1"><span class='ocrx_word' id='word_1_307' title='bbox 224 1900 281 1936; x_wconf 60' lang='lat' dir='ltr'>ivl:</span> <span class='ocrx_word' id='word_1_308' title='bbox 298 1895 445 1938; x_wconf 81' lang='grc' dir='ltr'><strong>ἐργασίας</strong></span> <span class='ocrx_word' id='word_1_309' title='bbox 460 1897 528 1929; x_wconf 97' lang='grc' dir='ltr'>κτλ.</span> <span class='ocrx_word' id='word_1_310' title='bbox 1079 1845 1154 1888; x_wconf 44' lang='lat' dir='ltr'>[gog</span> <span class='ocrx_word' id='word_1_311' title='bbox 1172 1847 1205 1879; x_wconf 72' lang='grc' dir='ltr'>δε</span> 
     </span>
    </p>
   </div>
   <div class='ocr_carea' id='block_1_13' title="bbox 140 1959 1210 2620">
    <p class='ocr_par' dir='ltr' id='par_1_15' title="bbox 140 1959 1208 2525">
     <span class='ocr_line' id='line_1_48' title="bbox 183 1959 1204 2002; baseline -0.001 -9"><span class='ocrx_word' id='word_1_312' title='bbox 183 1959 226 2002; x_wconf 90' lang='grc'>(8)</span> <span class='ocrx_word' id='word_1_313' title='bbox 246 1961 488 2002; x_wconf 83' lang='lat' dir='ltr'>Theophrastus</span> <span class='ocrx_word' id='word_1_314' title='bbox 505 1961 590 1994; x_wconf 86' lang='lat' dir='ltr'>Hist.</span> <span class='ocrx_word' id='word_1_315' title='bbox 608 1960 710 2002; x_wconf 81' lang='lat' dir='ltr'>plant.</span> <span class='ocrx_word' id='word_1_316' title='bbox 734 1960 792 1993; x_wconf 90' lang='lat' dir='ltr'>lib.</span> <span class='ocrx_word' id='word_1_317' title='bbox 817 1961 865 1993; x_wconf 89' lang='lat' dir='ltr'>IX</span> <span class='ocrx_word' id='word_1_318' title='bbox 891 1968 963 2001; x_wconf 84' lang='lat' dir='ltr'>cap.</span> <span class='ocrx_word' id='word_1_319' title='bbox 986 1963 1022 1992; x_wconf 81' lang='lat'>21</span> <span class='ocrx_word' id='word_1_320' title='bbox 1050 1968 1059 1989; x_wconf 72' lang='grc' dir='ltr'><em>τ</em></span> <span class='ocrx_word' id='word_1_321' title='bbox 1081 1960 1143 1992; x_wconf 81' lang='grc' dir='ltr'>Καὶ</span> <span class='ocrx_word' id='word_1_322' title='bbox 1162 1961 1204 1996; x_wconf 81' lang='grc' dir='ltr'>ὡς</span> 
     </span>
     <span class='ocr_line' id='line_1_49' title="bbox 141 2007 1204 2049; baseline 0 -10"><span class='ocrx_word' id='word_1_323' title='bbox 141 2007 179 2046; x_wconf 86' lang='grc' dir='ltr'>δή</span> <span class='ocrx_word' id='word_1_324' title='bbox 199 2019 294 2049; x_wconf 85' lang='grc' dir='ltr'>φασι,</span> <span class='ocrx_word' id='word_1_325' title='bbox 323 2008 360 2041; x_wconf 79' lang='grc' dir='ltr'>τὸ</span> <span class='ocrx_word' id='word_1_326' title='bbox 386 2008 495 2042; x_wconf 85' lang='grc' dir='ltr'>πόλιον</span> <span class='ocrx_word' id='word_1_327' title='bbox 520 2008 591 2041; x_wconf 84' lang='grc' dir='ltr'>καθ’</span> <span class='ocrx_word' id='word_1_328' title='bbox 609 2008 760 2042; x_wconf 90' lang='grc' dir='ltr'>Ἡσίοδον</span> <span class='ocrx_word' id='word_1_329' title='bbox 786 2008 841 2041; x_wconf 86' lang='grc' dir='ltr'>καὶ</span> <span class='ocrx_word' id='word_1_330' title='bbox 877 2009 1044 2041; x_wconf 87' lang='grc' dir='ltr'>Μουσαῖον</span> <span class='ocrx_word' id='word_1_331' title='bbox 1074 2009 1117 2045; x_wconf 80' lang='grc' dir='ltr'>εἷς</span> <span class='ocrx_word' id='word_1_332' title='bbox 1141 2010 1204 2040; x_wconf 84' lang='grc' dir='ltr'>πᾶν</span> 
     </span>
     <span class='ocr_line' id='line_1_50' title="bbox 140 2055 1205 2099; baseline 0 -12"><span class='ocrx_word' id='word_1_333' title='bbox 140 2058 272 2097; x_wconf 83' lang='grc' dir='ltr'>πρᾶγμα</span> <span class='ocrx_word' id='word_1_334' title='bbox 289 2057 462 2089; x_wconf 82' lang='grc' dir='ltr'>σπουδαῖον</span> <span class='ocrx_word' id='word_1_335' title='bbox 486 2057 642 2099; x_wconf 84' lang='grc' dir='ltr'>χρήσιμον</span> <span class='ocrx_word' id='word_1_336' title='bbox 662 2056 764 2088; x_wconf 77' lang='grc' dir='ltr'>εἶναι·</span> <span class='ocrx_word' id='word_1_337' title='bbox 788 2056 837 2088; x_wconf 86' lang='grc' dir='ltr'>διὸ</span> <span class='ocrx_word' id='word_1_338' title='bbox 856 2056 910 2088; x_wconf 87' lang='grc' dir='ltr'>καὶ</span> <span class='ocrx_word' id='word_1_339' title='bbox 929 2055 1112 2098; x_wconf 80' lang='grc' dir='ltr'>ὀρύττουσιν</span> <span class='ocrx_word' id='word_1_340' title='bbox 1128 2056 1205 2088; x_wconf 90' lang='grc' dir='ltr'>αὐτὸ</span> 
     </span>
     <span class='ocr_line' id='line_1_51' title="bbox 141 2103 1206 2145; baseline 0 -10"><span class='ocrx_word' id='word_1_341' title='bbox 141 2104 265 2145; x_wconf 79' lang='grc' dir='ltr'>νύκτωρ</span> <span class='ocrx_word' id='word_1_342' title='bbox 289 2104 357 2136; x_wconf 86' lang='grc' dir='ltr'>κτλ.</span> <span class='ocrx_word' id='word_1_343' title='bbox 374 2105 497 2137; x_wconf 81' lang='lat' dir='ltr'>Plinius</span> <span class='ocrx_word' id='word_1_344' title='bbox 513 2105 598 2137; x_wconf 87' lang='lat' dir='ltr'>Hist.</span> <span class='ocrx_word' id='word_1_345' title='bbox 617 2105 685 2137; x_wconf 88' lang='lat' dir='ltr'>nat.</span> <span class='ocrx_word' id='word_1_346' title='bbox 706 2103 763 2136; x_wconf 85' lang='lat' dir='ltr'>lib.</span> <span class='ocrx_word' id='word_1_347' title='bbox 787 2104 860 2136; x_wconf 87' lang='lat' dir='ltr'>xxl</span> <span class='ocrx_word' id='word_1_348' title='bbox 892 2112 964 2144; x_wconf 87' lang='lat' dir='ltr'>cap.</span> <span class='ocrx_word' id='word_1_349' title='bbox 984 2105 1002 2136; x_wconf 94' lang='lat'>7</span> <span class='ocrx_word' id='word_1_350' title='bbox 1026 2113 1034 2135; x_wconf 91' lang='lat'><strong>:</strong></span> <span class='ocrx_word' id='word_1_351' title='bbox 1061 2116 1079 2132; x_wconf 89' lang='lat'>«</span> <span class='ocrx_word' id='word_1_352' title='bbox 1104 2103 1157 2136; x_wconf 86' lang='lat' dir='ltr'>Sic</span> <span class='ocrx_word' id='word_1_353' title='bbox 1173 2105 1206 2136; x_wconf 88' lang='lat' dir='ltr'>et</span> 
     </span>
     <span class='ocr_line' id='line_1_52' title="bbox 142 2149 1206 2193; baseline -0.001 -11"><span class='ocrx_word' id='word_1_354' title='bbox 142 2151 230 2192; x_wconf 82' lang='lat' dir='ltr'>apud</span> <span class='ocrx_word' id='word_1_355' title='bbox 246 2153 379 2184; x_wconf 86' lang='lat' dir='ltr'>Graecos</span> <span class='ocrx_word' id='word_1_356' title='bbox 401 2152 510 2193; x_wconf 87' lang='lat' dir='ltr'>polion</span> <span class='ocrx_word' id='word_1_357' title='bbox 536 2151 694 2192; x_wconf 87' lang='lat' dir='ltr'>herbam,</span> <span class='ocrx_word' id='word_1_358' title='bbox 710 2150 867 2192; x_wconf 81' lang='lat' dir='ltr'>inclytam</span> <span class='ocrx_word' id='word_1_359' title='bbox 884 2150 1003 2184; x_wconf 77' lang='lat' dir='ltr'>Musaei</span> <span class='ocrx_word' id='word_1_360' title='bbox 1020 2153 1053 2183; x_wconf 88' lang='lat' dir='ltr'>et</span> <span class='ocrx_word' id='word_1_361' title='bbox 1076 2149 1206 2183; x_wconf 82' lang='lat' dir='ltr'>Hesiodi</span> 
     </span>
     <span class='ocr_line' id='line_1_53' title="bbox 142 2198 1206 2239; baseline -0.002 -8"><span class='ocrx_word' id='word_1_362' title='bbox 142 2199 318 2238; x_wconf 81' lang='lat' dir='ltr'>laudibus,</span> <span class='ocrx_word' id='word_1_363' title='bbox 353 2200 395 2231; x_wconf 82' lang='lat' dir='ltr'>ad</span> <span class='ocrx_word' id='word_1_364' title='bbox 432 2199 542 2231; x_wconf 87' lang='lat' dir='ltr'>omnia</span> <span class='ocrx_word' id='word_1_365' title='bbox 573 2200 689 2231; x_wconf 81' lang='lat' dir='ltr'>utilem</span> <span class='ocrx_word' id='word_1_366' title='bbox 730 2198 1002 2239; x_wconf 82' lang='lat' dir='ltr'>praedicantium,</span> <span class='ocrx_word' id='word_1_367' title='bbox 1043 2206 1206 2239; x_wconf 85' lang='lat' dir='ltr'>superque</span> 
     </span>
     <span class='ocr_line' id='line_1_54' title="bbox 143 2246 1205 2288; baseline -0.003 -8"><span class='ocrx_word' id='word_1_368' title='bbox 143 2249 260 2280; x_wconf 77' lang='lat' dir='ltr'>caetera</span> <span class='ocrx_word' id='word_1_369' title='bbox 277 2246 318 2278; x_wconf 90' lang='lat' dir='ltr'>ad</span> <span class='ocrx_word' id='word_1_370' title='bbox 338 2246 457 2279; x_wconf 83' lang='lat' dir='ltr'>samam</span> <span class='ocrx_word' id='word_1_371' title='bbox 472 2246 571 2279; x_wconf 83' lang='lat' dir='ltr'>etiam</span> <span class='ocrx_word' id='word_1_372' title='bbox 588 2255 626 2279; x_wconf 87' lang='lat' dir='ltr'>ac</span> <span class='ocrx_word' id='word_1_373' title='bbox 644 2246 816 2288; x_wconf 84' lang='lat' dir='ltr'>dignitates</span> <span class='ocrx_word' id='word_1_374' title='bbox 828 2269 837 2285; x_wconf 88' lang='lat'><em>,</em></span> <span class='ocrx_word' id='word_1_375' title='bbox 855 2255 1054 2287; x_wconf 82' lang='lat' dir='ltr'>prorsusque</span> <span class='ocrx_word' id='word_1_376' title='bbox 1074 2246 1205 2285; x_wconf 84' lang='lat' dir='ltr'>miram,</span> 
     </span>
     <span class='ocr_line' id='line_1_55' title="bbox 143 2293 1207 2336; baseline -0.002 -9"><span class='ocrx_word' id='word_1_377' title='bbox 143 2295 169 2327; x_wconf 87' lang='lat' dir='ltr'>si</span> <span class='ocrx_word' id='word_1_378' title='bbox 186 2294 358 2336; x_wconf 89' lang='lat' dir='ltr'>modo(ut</span> <span class='ocrx_word' id='word_1_379' title='bbox 381 2294 536 2335; x_wconf 85' lang='lat' dir='ltr'>tradunt)</span> <span class='ocrx_word' id='word_1_380' title='bbox 554 2294 632 2327; x_wconf 82' lang='lat' dir='ltr'>solia</span> <span class='ocrx_word' id='word_1_381' title='bbox 652 2294 724 2335; x_wconf 83' lang='lat' dir='ltr'>ejus</span> <span class='ocrx_word' id='word_1_382' title='bbox 754 2302 849 2326; x_wconf 88' lang='lat' dir='ltr'>mane</span> <span class='ocrx_word' id='word_1_383' title='bbox 878 2293 1016 2325; x_wconf 85' lang='lat' dir='ltr'>eandida</span> <span class='ocrx_word' id='word_1_384' title='bbox 1030 2317 1040 2334; x_wconf 92' lang='lat'><strong>,</strong></span> <span class='ocrx_word' id='word_1_385' title='bbox 1072 2293 1207 2326; x_wconf 74' lang='lat' dir='ltr'>mer-mie</span> 
     </span>
     <span class='ocr_line' id='line_1_56' title="bbox 144 2338 1206 2384; baseline -0.002 -11"><span class='ocrx_word' id='word_1_386' title='bbox 144 2349 326 2384; x_wconf 85' lang='lat' dir='ltr'>purpurea,</span> <span class='ocrx_word' id='word_1_387' title='bbox 347 2341 416 2374; x_wconf 83' lang='lat' dir='ltr'>sole</span> <span class='ocrx_word' id='word_1_388' title='bbox 447 2338 617 2374; x_wconf 78' lang='lat' dir='ltr'>occidente</span> <span class='ocrx_word' id='word_1_389' title='bbox 646 2339 784 2373; x_wconf 80' lang='lat' dir='ltr'>caerulea</span> <span class='ocrx_word' id='word_1_390' title='bbox 806 2339 1022 2381; x_wconf 84' lang='lat' dir='ltr'>aspiciuntur.</span> <span class='ocrx_word' id='word_1_391' title='bbox 1055 2352 1072 2368; x_wconf 72' lang='grc' dir='ltr'>υ</span> <span class='ocrx_word' id='word_1_392' title='bbox 1107 2340 1206 2372; x_wconf 81' lang='lat' dir='ltr'>Scho-</span> 
     </span>
     <span class='ocr_line' id='line_1_57' title="bbox 144 2386 1207 2428; baseline -0.002 -8"><span class='ocrx_word' id='word_1_393' title='bbox 144 2387 255 2420; x_wconf 76' lang='lat' dir='ltr'>liastes</span> <span class='ocrx_word' id='word_1_394' title='bbox 291 2387 452 2428; x_wconf 83' lang='lat' dir='ltr'>Apollonii</span> <span class='ocrx_word' id='word_1_395' title='bbox 483 2387 516 2419; x_wconf 83' lang='lat' dir='ltr'>in</span> <span class='ocrx_word' id='word_1_396' title='bbox 543 2387 600 2420; x_wconf 86' lang='lat' dir='ltr'>lib.</span> <span class='ocrx_word' id='word_1_397' title='bbox 631 2389 678 2421; x_wconf 91' lang='lat' dir='ltr'>IV</span> <span class='ocrx_word' id='word_1_398' title='bbox 707 2386 778 2418; x_wconf 72' lang='lat' dir='ltr'>z‘H</span> <span class='ocrx_word' id='word_1_399' title='bbox 791 2386 824 2419; x_wconf 83' lang='grc' dir='ltr'>δὲ</span> <span class='ocrx_word' id='word_1_400' title='bbox 857 2386 1005 2428; x_wconf 75' lang='grc' dir='ltr'>ἄρκευθος</span> <span class='ocrx_word' id='word_1_401' title='bbox 1026 2386 1150 2428; x_wconf 85' lang='grc' dir='ltr'>δένδρον</span> <span class='ocrx_word' id='word_1_402' title='bbox 1178 2398 1207 2418; x_wconf 92' lang='grc' dir='ltr'>τι</span> 
     </span>
     <span class='ocr_line' id='line_1_58' title="bbox 145 2432 1208 2475; baseline -0.001 -9"><span class='ocrx_word' id='word_1_403' title='bbox 145 2434 322 2472; x_wconf 87' lang='grc' dir='ltr'>ἀκανθῶδες</span> <span class='ocrx_word' id='word_1_404' title='bbox 337 2433 529 2471; x_wconf 79' lang='grc' dir='ltr'>’Λπόλλωνος</span> <span class='ocrx_word' id='word_1_405' title='bbox 543 2434 626 2467; x_wconf 71' lang='grc' dir='ltr'>ἴδιον</span> <span class='ocrx_word' id='word_1_406' title='bbox 639 2458 648 2474; x_wconf 85' lang='grc'>,</span> <span class='ocrx_word' id='word_1_407' title='bbox 668 2435 711 2471; x_wconf 86' lang='grc' dir='ltr'>ὡς</span> <span class='ocrx_word' id='word_1_408' title='bbox 726 2435 902 2475; x_wconf 80' lang='grc' dir='ltr'>ἱστορεῖται</span> <span class='ocrx_word' id='word_1_409' title='bbox 923 2434 955 2466; x_wconf 88' lang='grc' dir='ltr'>ἐν</span> <span class='ocrx_word' id='word_1_410' title='bbox 974 2432 1071 2475; x_wconf 80' lang='grc' dir='ltr'>τρίτῳ</span> <span class='ocrx_word' id='word_1_411' title='bbox 1086 2437 1149 2465; x_wconf 88' lang='grc' dir='ltr'>τῶν</span> <span class='ocrx_word' id='word_1_412' title='bbox 1165 2434 1208 2471; x_wconf 82' lang='grc' dir='ltr'>εἰς</span> 
     </span>
     <span class='ocr_line' id='line_1_59' title="bbox 145 2482 578 2525; baseline -0.002 -10"><span class='ocrx_word' id='word_1_413' title='bbox 145 2484 309 2516; x_wconf 82' lang='grc' dir='ltr'>Μουσαῖον</span> <span class='ocrx_word' id='word_1_414' title='bbox 327 2482 578 2525; x_wconf 87' lang='grc' dir='ltr'>ἀναφερομένων.</span> 
     </span>
    </p>

    <p class='ocr_par' dir='ltr' id='par_1_16' title="bbox 147 2528 1210 2620">
     <span class='ocr_line' id='line_1_60' title="bbox 191 2528 1207 2573; baseline -0.001 -10"><span class='ocrx_word' id='word_1_415' title='bbox 191 2531 236 2573; x_wconf 87' lang='grc'>(9)</span> <span class='ocrx_word' id='word_1_416' title='bbox 262 2531 352 2563; x_wconf 79' lang='lat' dir='ltr'>Plato</span> <span class='ocrx_word' id='word_1_417' title='bbox 370 2530 410 2562; x_wconf 87' lang='lat' dir='ltr'>de</span> <span class='ocrx_word' id='word_1_418' title='bbox 426 2532 511 2572; x_wconf 85' lang='lat' dir='ltr'>Rep.</span> <span class='ocrx_word' id='word_1_419' title='bbox 530 2530 587 2562; x_wconf 86' lang='lat' dir='ltr'>lib.</span> <span class='ocrx_word' id='word_1_420' title='bbox 610 2531 645 2562; x_wconf 91' lang='grc' dir='ltr'>ΙΙ</span> <span class='ocrx_word' id='word_1_421' title='bbox 662 2538 695 2571; x_wconf 84' lang='lat' dir='ltr'>p.</span> <span class='ocrx_word' id='word_1_422' title='bbox 714 2531 775 2562; x_wconf 76' lang='lat'>364</span> <span class='ocrx_word' id='word_1_423' title='bbox 795 2542 804 2562; x_wconf 77' lang='grc' dir='ltr'>ι</span> <span class='ocrx_word' id='word_1_424' title='bbox 826 2528 949 2562; x_wconf 79' lang='grc' dir='ltr'>Βίὸλων</span> <span class='ocrx_word' id='word_1_425' title='bbox 969 2530 1002 2562; x_wconf 87' lang='grc' dir='ltr'>δὲ</span> <span class='ocrx_word' id='word_1_426' title='bbox 1016 2529 1135 2571; x_wconf 82' lang='grc' dir='ltr'>ὅμαδον</span> <span class='ocrx_word' id='word_1_427' title='bbox 1149 2541 1207 2562; x_wconf 91' lang='grc' dir='ltr'>πα-</span> 
     </span>
     <span class='ocr_line' id='line_1_61' title="bbox 147 2575 1210 2620; baseline -0.001 -11"><span class='ocrx_word' id='word_1_428' title='bbox 147 2578 291 2620; x_wconf 85' lang='grc' dir='ltr'>ρέχονται</span> <span class='ocrx_word' id='word_1_429' title='bbox 321 2576 488 2609; x_wconf 88' lang='grc' dir='ltr'>Μουσαίου</span> <span class='ocrx_word' id='word_1_430' title='bbox 507 2577 563 2608; x_wconf 88' lang='grc' dir='ltr'>καὶ</span> <span class='ocrx_word' id='word_1_431' title='bbox 583 2575 724 2618; x_wconf 84' lang='grc' dir='ltr'>Ὀρφέως</span> <span class='ocrx_word' id='word_1_432' title='bbox 738 2600 746 2615; x_wconf 93' lang='grc'>,</span> <span class='ocrx_word' id='word_1_433' title='bbox 765 2576 900 2615; x_wconf 84' lang='grc' dir='ltr'>Σελήνης</span> <span class='ocrx_word' id='word_1_434' title='bbox 928 2587 963 2608; x_wconf 87' lang='grc' dir='ltr'>τε</span> <span class='ocrx_word' id='word_1_435' title='bbox 984 2577 1039 2608; x_wconf 88' lang='grc' dir='ltr'>καὶ</span> <span class='ocrx_word' id='word_1_436' title='bbox 1070 2578 1210 2609; x_wconf 85' lang='grc' dir='ltr'>Μουσῶν</span> 
     </span>
    </p>
   </div>
   <div class='ocr_carea' id='block_1_14' title="bbox 82 2623 1210 2666">
    <p class='ocr_par' dir='ltr' id='par_1_17' title="bbox 82 2623 1210 2666">
     <span class='ocr_line' id='line_1_62' title="bbox 82 2623 1210 2666; baseline -0.003 -8"><span class='ocrx_word' id='word_1_437' title='bbox 82 2660 83 2663; x_wconf 15' lang='lat'>¹</span> <span class='ocrx_word' id='word_1_438' title='bbox 148 2625 287 2666; x_wconf 75' lang='grc' dir='ltr'>ἐγγόνων</span> <span class='ocrx_word' id='word_1_439' title='bbox 298 2649 306 2665; x_wconf 84' lang='grc'>,</span> <span class='ocrx_word' id='word_1_440' title='bbox 323 2625 366 2661; x_wconf 88' lang='grc' dir='ltr'>ὥς</span> <span class='ocrx_word' id='word_1_441' title='bbox 383 2635 480 2665; x_wconf 83' lang='grc' dir='ltr'>φασι,</span> <span class='ocrx_word' id='word_1_442' title='bbox 499 2623 571 2656; x_wconf 89' lang='grc' dir='ltr'>καθ’</span> <span class='ocrx_word' id='word_1_443' title='bbox 587 2623 623 2661; x_wconf 84' lang='grc' dir='ltr'>ἃς</span> <span class='ocrx_word' id='word_1_444' title='bbox 646 2623 841 2661; x_wconf 82' lang='grc' dir='ltr'>θυηπολοῦσι</span> <span class='ocrx_word' id='word_1_445' title='bbox 853 2647 862 2663; x_wconf 95' lang='grc'>,</span> <span class='ocrx_word' id='word_1_446' title='bbox 880 2624 1039 2660; x_wconf 85' lang='grc' dir='ltr'>πείθοντες</span> <span class='ocrx_word' id='word_1_447' title='bbox 1061 2624 1098 2655; x_wconf 89' lang='grc' dir='ltr'>οὐ</span> <span class='ocrx_word' id='word_1_448' title='bbox 1116 2623 1210 2665; x_wconf 91' lang='grc' dir='ltr'>μόνον</span> 
     </span>
    </p>
   </div>
   <div class='ocr_carea' id='block_1_15' title="bbox 147 2671 1216 3571">
    <p class='ocr_par' dir='ltr' id='par_1_18' title="bbox 147 2671 1211 2951">
     <span class='ocr_line' id='line_1_63' title="bbox 147 2671 1210 2714; baseline -0.003 -8"><span class='ocrx_word' id='word_1_449' title='bbox 147 2674 274 2709; x_wconf 73' lang='grc' dir='ltr'>ἰδιώτας</span> <span class='ocrx_word' id='word_1_450' title='bbox 302 2672 381 2704; x_wconf 79' lang='grc' dir='ltr'>ἀλλὰ</span> <span class='ocrx_word' id='word_1_451' title='bbox 411 2672 465 2704; x_wconf 89' lang='grc' dir='ltr'>καὶ</span> <span class='ocrx_word' id='word_1_452' title='bbox 487 2671 592 2709; x_wconf 88' lang='grc' dir='ltr'>πόλεις</span> <span class='ocrx_word' id='word_1_453' title='bbox 606 2696 615 2712; x_wconf 82' lang='lat'><strong><em>‚</em></strong></span> <span class='ocrx_word' id='word_1_454' title='bbox 636 2673 679 2708; x_wconf 85' lang='grc' dir='ltr'>ὡς</span> <span class='ocrx_word' id='word_1_455' title='bbox 711 2671 773 2713; x_wconf 88' lang='grc' dir='ltr'>ἄρα</span> <span class='ocrx_word' id='word_1_456' title='bbox 795 2671 901 2708; x_wconf 79' lang='grc' dir='ltr'>λύσεις</span> <span class='ocrx_word' id='word_1_457' title='bbox 929 2682 964 2704; x_wconf 86' lang='grc' dir='ltr'>τε</span> <span class='ocrx_word' id='word_1_458' title='bbox 983 2672 1037 2703; x_wconf 89' lang='grc' dir='ltr'>καὶ</span> <span class='ocrx_word' id='word_1_459' title='bbox 1055 2672 1210 2714; x_wconf 80' lang='grc' dir='ltr'>καθαρμοὶ</span> 
     </span>
     <span class='ocr_line' id='line_1_64' title="bbox 150 2718 1210 2761; baseline -0.003 -8"><span class='ocrx_word' id='word_1_460' title='bbox 150 2720 354 2761; x_wconf 76' lang='grc' dir='ltr'>ἀδικημάτων</span> <span class='ocrx_word' id='word_1_461' title='bbox 379 2719 431 2752; x_wconf 76' lang='grc' dir='ltr'>διὰ</span> <span class='ocrx_word' id='word_1_462' title='bbox 462 2721 580 2752; x_wconf 85' lang='grc' dir='ltr'>θυσιῶν</span> <span class='ocrx_word' id='word_1_463' title='bbox 611 2718 666 2751; x_wconf 88' lang='grc' dir='ltr'>καὶ</span> <span class='ocrx_word' id='word_1_464' title='bbox 691 2719 817 2755; x_wconf 83' lang='grc' dir='ltr'>παιδιᾶς</span> <span class='ocrx_word' id='word_1_465' title='bbox 840 2718 961 2757; x_wconf 80' lang='grc' dir='ltr'>ἡδονῶν</span> <span class='ocrx_word' id='word_1_466' title='bbox 987 2718 1048 2751; x_wconf 86' lang='grc' dir='ltr'>εἶσὶ</span> <span class='ocrx_word' id='word_1_467' title='bbox 1078 2718 1133 2760; x_wconf 84' lang='grc' dir='ltr'>μὲν</span> <span class='ocrx_word' id='word_1_468' title='bbox 1166 2719 1210 2750; x_wconf 79' lang='grc' dir='ltr'>ἔτι</span> 
     </span>
     <span class='ocr_line' id='line_1_65' title="bbox 153 2766 1210 2809; baseline -0.002 -9"><span class='ocrx_word' id='word_1_469' title='bbox 153 2771 248 2807; x_wconf 82' lang='grc' dir='ltr'>ζῶσιν</span> <span class='ocrx_word' id='word_1_470' title='bbox 260 2792 269 2809; x_wconf 89' lang='grc'>,</span> <span class='ocrx_word' id='word_1_471' title='bbox 289 2768 349 2800; x_wconf 77' lang='grc' dir='ltr'>εἰσὶ</span> <span class='ocrx_word' id='word_1_472' title='bbox 369 2767 402 2800; x_wconf 86' lang='grc' dir='ltr'>δὲ</span> <span class='ocrx_word' id='word_1_473' title='bbox 420 2768 473 2799; x_wconf 88' lang='grc' dir='ltr'>καὶ</span> <span class='ocrx_word' id='word_1_474' title='bbox 490 2766 726 2808; x_wconf 80' lang='grc' dir='ltr'>τελευτήσασιν,</span> <span class='ocrx_word' id='word_1_475' title='bbox 741 2766 778 2804; x_wconf 89' lang='grc' dir='ltr'>ἃς</span> <span class='ocrx_word' id='word_1_476' title='bbox 797 2767 834 2805; x_wconf 88' lang='grc' dir='ltr'>δὴ</span> <span class='ocrx_word' id='word_1_477' title='bbox 853 2766 977 2803; x_wconf 84' lang='grc' dir='ltr'>τελετὰς</span> <span class='ocrx_word' id='word_1_478' title='bbox 998 2766 1162 2806; x_wconf 79' lang='grc' dir='ltr'>καλοῦσιν,</span> <span class='ocrx_word' id='word_1_479' title='bbox 1178 2767 1210 2799; x_wconf 84' lang='grc' dir='ltr'>αἳ</span> 
     </span>
     <span class='ocr_line' id='line_1_66' title="bbox 148 2813 1211 2855; baseline -0.004 -6"><span class='ocrx_word' id='word_1_480' title='bbox 148 2820 211 2850; x_wconf 81' lang='grc' dir='ltr'>,τῶν</span> <span class='ocrx_word' id='word_1_481' title='bbox 243 2815 310 2848; x_wconf 88' lang='grc' dir='ltr'>ἐκεῖ</span> <span class='ocrx_word' id='word_1_482' title='bbox 329 2817 439 2847; x_wconf 88' lang='grc' dir='ltr'>κακῶν</span> <span class='ocrx_word' id='word_1_483' title='bbox 465 2813 660 2847; x_wconf 82' lang='grc' dir='ltr'>ἀπολύουσιν</span> <span class='ocrx_word' id='word_1_484' title='bbox 691 2814 793 2854; x_wconf 85' lang='grc' dir='ltr'>ἡμᾶς·</span> <span class='ocrx_word' id='word_1_485' title='bbox 817 2814 860 2855; x_wconf 90' lang='grc' dir='ltr'>μή</span> <span class='ocrx_word' id='word_1_486' title='bbox 885 2813 1038 2850; x_wconf 87' lang='grc' dir='ltr'>θύσαντας</span> <span class='ocrx_word' id='word_1_487' title='bbox 1067 2813 1100 2845; x_wconf 88' lang='grc' dir='ltr'>δὲ</span> <span class='ocrx_word' id='word_1_488' title='bbox 1127 2813 1211 2846; x_wconf 85' lang='grc' dir='ltr'>δεινὰ</span> 
     </span>
     <span class='ocr_line' id='line_1_67' title="bbox 148 2861 1209 2905; baseline -0.003 -9"><span class='ocrx_word' id='word_1_489' title='bbox 148 2863 314 2905; x_wconf 83' lang='grc' dir='ltr'>περιμένει.</span> <span class='ocrx_word' id='word_1_490' title='bbox 330 2863 393 2895; x_wconf 89' lang='lat' dir='ltr'>Ubi</span> <span class='ocrx_word' id='word_1_491' title='bbox 406 2861 509 2900; x_wconf 86' lang='grc' dir='ltr'>λύσεις</span> <span class='ocrx_word' id='word_1_492' title='bbox 527 2862 636 2894; x_wconf 86' lang='lat' dir='ltr'>Astius</span> <span class='ocrx_word' id='word_1_493' title='bbox 655 2862 742 2894; x_wconf 86' lang='lat' dir='ltr'>recte</span> <span class='ocrx_word' id='word_1_494' title='bbox 756 2861 889 2903; x_wconf 79' lang='lat' dir='ltr'>exponit</span> <span class='ocrx_word' id='word_1_495' title='bbox 908 2862 1140 2903; x_wconf 75' lang='lat' dir='ltr'>expiationes,</span> <span class='ocrx_word' id='word_1_496' title='bbox 1158 2872 1209 2893; x_wconf 81' lang='grc' dir='ltr'>τε·</span> 
     </span>
     <span class='ocr_line' id='line_1_68' title="bbox 149 2910 728 2951; baseline -0.003 -7"><span class='ocrx_word' id='word_1_497' title='bbox 149 2911 238 2947; x_wconf 84' lang='grc' dir='ltr'>λετὰς</span> <span class='ocrx_word' id='word_1_498' title='bbox 255 2913 363 2944; x_wconf 77' lang='lat' dir='ltr'>autem</span> <span class='ocrx_word' id='word_1_499' title='bbox 382 2911 550 2951; x_wconf 68' lang='lat' dir='ltr'>mysteria</span> <span class='ocrx_word' id='word_1_500' title='bbox 566 2913 599 2942; x_wconf 85' lang='lat' dir='ltr'>et</span> <span class='ocrx_word' id='word_1_501' title='bbox 612 2910 728 2942; x_wconf 78' lang='lat' dir='ltr'>initia.</span> 
     </span>
    </p>

    <p class='ocr_par' dir='ltr' id='par_1_19' title="bbox 151 2955 1216 3571">
     <span class='ocr_line' id='line_1_69' title="bbox 195 2955 1211 3000; baseline -0.004 -8"><span class='ocrx_word' id='word_1_502' title='bbox 195 2958 240 3000; x_wconf 84' lang='grc' dir='ltr'>(ι)</span> <span class='ocrx_word' id='word_1_503' title='bbox 258 2958 425 3000; x_wconf 84' lang='lat' dir='ltr'>Sophoclis</span> <span class='ocrx_word' id='word_1_504' title='bbox 439 2958 596 2998; x_wconf 81' lang='lat' dir='ltr'>interpres</span> <span class='ocrx_word' id='word_1_505' title='bbox 614 2957 655 2989; x_wconf 87' lang='lat' dir='ltr'>ad</span> <span class='ocrx_word' id='word_1_506' title='bbox 673 2955 752 2989; x_wconf 90' lang='lat' dir='ltr'>OEd.</span> <span class='ocrx_word' id='word_1_507' title='bbox 772 2956 844 2988; x_wconf 89' lang='lat' dir='ltr'>Col.</span> <span class='ocrx_word' id='word_1_508' title='bbox 864 2965 915 2988; x_wconf 87' lang='lat' dir='ltr'>vs.</span> <span class='ocrx_word' id='word_1_509' title='bbox 934 2958 1013 2989; x_wconf 81' lang='lat'>1049</span> <span class='ocrx_word' id='word_1_510' title='bbox 1033 2964 1041 2984; x_wconf 73' lang='grc' dir='ltr'><strong><em>ε</em></strong></span> <span class='ocrx_word' id='word_1_511' title='bbox 1067 2958 1211 2994; x_wconf 86' lang='grc' dir='ltr'>Ζητεῖται</span> 
     </span>
     <span class='ocr_line' id='line_1_70' title="bbox 151 3003 1212 3047; baseline -0.004 -9"><span class='ocrx_word' id='word_1_512' title='bbox 151 3006 180 3038; x_wconf 85' lang='grc' dir='ltr'>τί</span> <span class='ocrx_word' id='word_1_513' title='bbox 200 3007 316 3046; x_wconf 86' lang='grc' dir='ltr'>δήποτε</span> <span class='ocrx_word' id='word_1_514' title='bbox 335 3007 365 3039; x_wconf 88' lang='grc' dir='ltr'>οἱ</span> <span class='ocrx_word' id='word_1_515' title='bbox 385 3005 581 3047; x_wconf 83' lang='grc' dir='ltr'>Εὐμολπίδαι</span> <span class='ocrx_word' id='word_1_516' title='bbox 599 3008 664 3038; x_wconf 88' lang='grc' dir='ltr'>τῶν</span> <span class='ocrx_word' id='word_1_517' title='bbox 679 3005 812 3037; x_wconf 83' lang='grc' dir='ltr'>τελετῶν</span> <span class='ocrx_word' id='word_1_518' title='bbox 830 3003 997 3046; x_wconf 83' lang='grc' dir='ltr'>ἐξάρχουσι</span> <span class='ocrx_word' id='word_1_519' title='bbox 1015 3003 1094 3040; x_wconf 81' lang='grc' dir='ltr'>ξένοι</span> <span class='ocrx_word' id='word_1_520' title='bbox 1109 3003 1212 3042; x_wconf 81' lang='grc' dir='ltr'>ὄντες;</span> 
     </span>
     <span class='ocr_line' id='line_1_71' title="bbox 153 3051 1212 3094; baseline -0.005 -8"><span class='ocrx_word' id='word_1_521' title='bbox 153 3053 236 3086; x_wconf 75' lang='grc' dir='ltr'>εἴποι</span> <span class='ocrx_word' id='word_1_522' title='bbox 253 3053 280 3086; x_wconf 86' lang='grc' dir='ltr'>δ’</span> <span class='ocrx_word' id='word_1_523' title='bbox 294 3053 331 3086; x_wconf 86' lang='grc' dir='ltr'>ἄν</span> <span class='ocrx_word' id='word_1_524' title='bbox 349 3065 414 3093; x_wconf 87' lang='grc' dir='ltr'>τις,</span> <span class='ocrx_word' id='word_1_525' title='bbox 433 3053 480 3085; x_wconf 83' lang='grc' dir='ltr'>ὅτι</span> <span class='ocrx_word' id='word_1_526' title='bbox 498 3053 638 3091; x_wconf 81' lang='grc' dir='ltr'>ἀξιοῦσιν</span> <span class='ocrx_word' id='word_1_527' title='bbox 661 3053 736 3085; x_wconf 82' lang='grc' dir='ltr'>ἔνιοι</span> <span class='ocrx_word' id='word_1_528' title='bbox 755 3055 879 3094; x_wconf 87' lang='grc' dir='ltr'>πρῶτον</span> <span class='ocrx_word' id='word_1_529' title='bbox 894 3051 1063 3092; x_wconf 80' lang='grc' dir='ltr'>Εὔμολπον</span> <span class='ocrx_word' id='word_1_530' title='bbox 1080 3054 1212 3089; x_wconf 84' lang='grc' dir='ltr'>ποιῆσαι</span> 
     </span>
     <span class='ocr_line' id='line_1_72' title="bbox 153 3099 1213 3142; baseline -0.005 -8"><span class='ocrx_word' id='word_1_531' title='bbox 153 3101 207 3134; x_wconf 87' lang='grc' dir='ltr'>τὸν</span> <span class='ocrx_word' id='word_1_532' title='bbox 223 3101 364 3140; x_wconf 86' lang='grc' dir='ltr'>Δηιόπης</span> <span class='ocrx_word' id='word_1_533' title='bbox 380 3105 434 3140; x_wconf 89' lang='grc' dir='ltr'>τῆς</span> <span class='ocrx_word' id='word_1_534' title='bbox 453 3101 669 3142; x_wconf 86' lang='grc' dir='ltr'>Τριπτολέμου</span> <span class='ocrx_word' id='word_1_535' title='bbox 686 3101 725 3133; x_wconf 82' lang='grc' dir='ltr'>τὰ</span> <span class='ocrx_word' id='word_1_536' title='bbox 742 3100 773 3132; x_wconf 87' lang='grc' dir='ltr'>ἐν</span> <span class='ocrx_word' id='word_1_537' title='bbox 794 3099 947 3132; x_wconf 87' lang='grc' dir='ltr'>Ἐλευσῖνι</span> <span class='ocrx_word' id='word_1_538' title='bbox 965 3099 1137 3140; x_wconf 84' lang='grc' dir='ltr'>μυστήρια,</span> <span class='ocrx_word' id='word_1_539' title='bbox 1159 3099 1213 3129; x_wconf 81' lang='grc' dir='ltr'>καὶ</span> 
     </span>
     <span class='ocr_line' id='line_1_73' title="bbox 155 3146 1214 3191; baseline -0.004 -10"><span class='ocrx_word' id='word_1_540' title='bbox 155 3149 192 3181; x_wconf 85' lang='grc' dir='ltr'>οὐ</span> <span class='ocrx_word' id='word_1_541' title='bbox 211 3149 265 3181; x_wconf 88' lang='grc' dir='ltr'>τὸν</span> <span class='ocrx_word' id='word_1_542' title='bbox 283 3151 415 3191; x_wconf 85' lang='grc' dir='ltr'>Θρᾷκα·</span> <span class='ocrx_word' id='word_1_543' title='bbox 440 3149 497 3181; x_wconf 80' lang='grc' dir='ltr'>καί</span> <span class='ocrx_word' id='word_1_544' title='bbox 518 3151 611 3181; x_wconf 84' lang='grc' dir='ltr'>τοῦτο</span> <span class='ocrx_word' id='word_1_545' title='bbox 632 3150 767 3190; x_wconf 85' lang='grc' dir='ltr'>ἱστορεῖν</span> <span class='ocrx_word' id='word_1_546' title='bbox 781 3147 905 3189; x_wconf 84' lang='grc' dir='ltr'>Ἴστρον</span> <span class='ocrx_word' id='word_1_547' title='bbox 931 3146 963 3179; x_wconf 85' lang='grc' dir='ltr'>ἐν</span> <span class='ocrx_word' id='word_1_548' title='bbox 983 3149 1030 3187; x_wconf 84' lang='grc' dir='ltr'>τῷ</span> <span class='ocrx_word' id='word_1_549' title='bbox 1055 3147 1124 3187; x_wconf 90' lang='grc' dir='ltr'>περὶ</span> <span class='ocrx_word' id='word_1_550' title='bbox 1151 3149 1214 3177; x_wconf 90' lang='grc' dir='ltr'>τῶν</span> 
     </span>
     <span class='ocr_line' id='line_1_74' title="bbox 156 3193 1214 3240; baseline -0.004 -11"><span class='ocrx_word' id='word_1_551' title='bbox 156 3197 313 3231; x_wconf 86' lang='grc' dir='ltr'>ἀτάκτων.</span> <span class='ocrx_word' id='word_1_552' title='bbox 334 3197 537 3240; x_wconf 82' lang='grc' dir='ltr'>Ἀκεσίδωρος</span> <span class='ocrx_word' id='word_1_553' title='bbox 556 3197 589 3230; x_wconf 86' lang='grc' dir='ltr'>δὲ</span> <span class='ocrx_word' id='word_1_554' title='bbox 600 3221 609 3237; x_wconf 87' lang='grc'>,</span> <span class='ocrx_word' id='word_1_555' title='bbox 630 3197 775 3239; x_wconf 86' lang='grc' dir='ltr'>πέμπτον</span> <span class='ocrx_word' id='word_1_556' title='bbox 798 3196 861 3228; x_wconf 86' lang='grc' dir='ltr'>ἀπὸ</span> <span class='ocrx_word' id='word_1_557' title='bbox 879 3198 936 3227; x_wconf 83' lang='grc' dir='ltr'>τοῦ</span> <span class='ocrx_word' id='word_1_558' title='bbox 949 3195 1076 3236; x_wconf 86' lang='grc' dir='ltr'>πρώτου</span> <span class='ocrx_word' id='word_1_559' title='bbox 1090 3193 1214 3235; x_wconf 83' lang='grc' dir='ltr'>Εὐμολ-</span> 
     </span>
     <span class='ocr_line' id='line_1_75' title="bbox 155 3242 1209 3284; baseline -0.005 -6"><span class='ocrx_word' id='word_1_560' title='bbox 155 3255 218 3277; x_wconf 83' lang='grc' dir='ltr'>που</span> <span class='ocrx_word' id='word_1_561' title='bbox 240 3245 318 3278; x_wconf 85' lang='grc' dir='ltr'>εἶναι</span> <span class='ocrx_word' id='word_1_562' title='bbox 345 3246 399 3278; x_wconf 89' lang='grc' dir='ltr'>τὸν</span> <span class='ocrx_word' id='word_1_563' title='bbox 428 3246 484 3283; x_wconf 84' lang='grc' dir='ltr'>τὰς</span> <span class='ocrx_word' id='word_1_564' title='bbox 513 3246 637 3283; x_wconf 80' lang='grc' dir='ltr'>τελετὰς</span> <span class='ocrx_word' id='word_1_565' title='bbox 665 3244 911 3284; x_wconf 82' lang='grc' dir='ltr'>καταδείξαντα,</span> <span class='ocrx_word' id='word_1_566' title='bbox 933 3242 1057 3284; x_wconf 69' lang='grc' dir='ltr'>γράφων</span> <span class='ocrx_word' id='word_1_567' title='bbox 1080 3242 1183 3278; x_wconf 73' lang='grc' dir='ltr'>οὕτως</span> <span class='ocrx_word' id='word_1_568' title='bbox 1201 3250 1209 3257; x_wconf 91' lang='grc'><em>·</em></span> 
     </span>
     <span class='ocr_line' id='line_1_76' title="bbox 161 3287 1214 3332; baseline -0.003 -10"><span class='ocrx_word' id='word_1_569' title='bbox 161 3302 177 3317; x_wconf 72' lang='grc' dir='ltr'>α</span> <span class='ocrx_word' id='word_1_570' title='bbox 202 3292 403 3331; x_wconf 80' lang='grc' dir='ltr'>Κατοικῆαιιι</span> <span class='ocrx_word' id='word_1_571' title='bbox 429 3292 461 3325; x_wconf 82' lang='grc' dir='ltr'>δὲ</span> <span class='ocrx_word' id='word_1_572' title='bbox 476 3292 532 3330; x_wconf 80' lang='grc' dir='ltr'>τὴν</span> <span class='ocrx_word' id='word_1_573' title='bbox 547 3291 714 3324; x_wconf 81' lang='grc' dir='ltr'>Ἐλευσῖνα</span> <span class='ocrx_word' id='word_1_574' title='bbox 732 3292 895 3332; x_wconf 81' lang='grc' dir='ltr'>ἱστοροῦσι</span> <span class='ocrx_word' id='word_1_575' title='bbox 913 3291 1038 3330; x_wconf 89' lang='grc' dir='ltr'>πρῶτον</span> <span class='ocrx_word' id='word_1_576' title='bbox 1058 3288 1116 3330; x_wconf 83' lang='grc' dir='ltr'>μὲν</span> <span class='ocrx_word' id='word_1_577' title='bbox 1143 3287 1214 3324; x_wconf 81' lang='grc' dir='ltr'>τοὺς</span> 
     </span>
     <span class='ocr_line' id='line_1_77' title="bbox 160 3335 1214 3381; baseline -0.005 -11"><span class='ocrx_word' id='word_1_578' title='bbox 160 3338 372 3381; x_wconf 82' lang='grc' dir='ltr'>αὐτόχθονας,</span> <span class='ocrx_word' id='word_1_579' title='bbox 389 3339 457 3372; x_wconf 82' lang='grc' dir='ltr'>εἶτα</span> <span class='ocrx_word' id='word_1_580' title='bbox 474 3341 601 3381; x_wconf 83' lang='grc' dir='ltr'>Θρᾷκας</span> <span class='ocrx_word' id='word_1_581' title='bbox 617 3339 689 3376; x_wconf 86' lang='grc' dir='ltr'>τούς</span> <span class='ocrx_word' id='word_1_582' title='bbox 712 3338 792 3380; x_wconf 87' lang='grc' dir='ltr'>μετὰ</span> <span class='ocrx_word' id='word_1_583' title='bbox 817 3336 986 3377; x_wconf 82' lang='grc' dir='ltr'>Εὐμόλπου</span> <span class='ocrx_word' id='word_1_584' title='bbox 1003 3335 1214 3376; x_wconf 86' lang='grc' dir='ltr'>παραγενομέ-</span> 
     </span>
     <span class='ocr_line' id='line_1_78' title="bbox 159 3381 1215 3427; baseline -0.009 -6"><span class='ocrx_word' id='word_1_585' title='bbox 159 3396 230 3422; x_wconf 72' lang='grc' dir='ltr'>νους</span> <span class='ocrx_word' id='word_1_586' title='bbox 250 3386 326 3427; x_wconf 77' lang='grc' dir='ltr'>πρὸς</span> <span class='ocrx_word' id='word_1_587' title='bbox 344 3387 488 3427; x_wconf 86' lang='grc' dir='ltr'>βοήθειαν</span> <span class='ocrx_word' id='word_1_588' title='bbox 508 3387 551 3423; x_wconf 83' lang='grc' dir='ltr'>εἰς</span> <span class='ocrx_word' id='word_1_589' title='bbox 565 3387 619 3419; x_wconf 88' lang='grc' dir='ltr'>τὸν</span> <span class='ocrx_word' id='word_1_590' title='bbox 642 3386 714 3418; x_wconf 79' lang='grc' dir='ltr'>κατ’</span> <span class='ocrx_word' id='word_1_591' title='bbox 728 3385 899 3427; x_wconf 80' lang='grc' dir='ltr'>Ἐρεχθέως</span> <span class='ocrx_word' id='word_1_592' title='bbox 917 3383 1070 3423; x_wconf 87' lang='grc' dir='ltr'>πόλεμον.</span> <span class='ocrx_word' id='word_1_593' title='bbox 1093 3394 1109 3410; x_wconf 83' lang='grc'><strong><em>»</em></strong></span> <span class='ocrx_word' id='word_1_594' title='bbox 1126 3381 1215 3418; x_wconf 81' lang='grc' dir='ltr'>Τινὲς</span> 
     </span>
     <span class='ocr_line' id='line_1_79' title="bbox 161 3429 1216 3475; baseline -0.005 -11"><span class='ocrx_word' id='word_1_595' title='bbox 161 3431 194 3464; x_wconf 83' lang='grc' dir='ltr'>δέ</span> <span class='ocrx_word' id='word_1_596' title='bbox 217 3443 293 3473; x_wconf 80' lang='grc' dir='ltr'>φασι</span> <span class='ocrx_word' id='word_1_597' title='bbox 312 3433 366 3464; x_wconf 87' lang='grc' dir='ltr'>καὶ</span> <span class='ocrx_word' id='word_1_598' title='bbox 387 3434 440 3465; x_wconf 80' lang='grc' dir='ltr'>τὸν</span> <span class='ocrx_word' id='word_1_599' title='bbox 461 3433 629 3475; x_wconf 84' lang='grc' dir='ltr'>Εὔμολπον</span> <span class='ocrx_word' id='word_1_600' title='bbox 646 3435 746 3475; x_wconf 79' lang='grc' dir='ltr'>εὑρεῖν</span> <span class='ocrx_word' id='word_1_601' title='bbox 763 3433 819 3471; x_wconf 84' lang='grc' dir='ltr'>τὴν</span> <span class='ocrx_word' id='word_1_602' title='bbox 836 3431 950 3472; x_wconf 88' lang='grc' dir='ltr'>μύησιν</span> <span class='ocrx_word' id='word_1_603' title='bbox 972 3431 1028 3468; x_wconf 83' lang='grc' dir='ltr'>τήν</span> <span class='ocrx_word' id='word_1_604' title='bbox 1051 3429 1216 3461; x_wconf 87' lang='grc' dir='ltr'>συντελου-</span> 
     </span>
     <span class='ocr_line' id='line_1_80' title="bbox 163 3477 1216 3521; baseline -0.003 -10"><span class='ocrx_word' id='word_1_605' title='bbox 163 3479 258 3520; x_wconf 86' lang='grc' dir='ltr'>μένην</span> <span class='ocrx_word' id='word_1_606' title='bbox 281 3481 352 3512; x_wconf 87' lang='grc' dir='ltr'>κατ’</span> <span class='ocrx_word' id='word_1_607' title='bbox 370 3481 511 3514; x_wconf 78' lang='grc' dir='ltr'>ἐνιαυτὸν</span> <span class='ocrx_word' id='word_1_608' title='bbox 525 3481 557 3513; x_wconf 84' lang='grc' dir='ltr'>ἐν</span> <span class='ocrx_word' id='word_1_609' title='bbox 574 3482 729 3514; x_wconf 87' lang='grc' dir='ltr'>Ἐλευσῖνι</span> <span class='ocrx_word' id='word_1_610' title='bbox 745 3481 886 3521; x_wconf 84' lang='grc' dir='ltr'>Δήμητρι</span> <span class='ocrx_word' id='word_1_611' title='bbox 905 3479 959 3511; x_wconf 87' lang='grc' dir='ltr'>καὶ</span> <span class='ocrx_word' id='word_1_612' title='bbox 979 3478 1080 3519; x_wconf 82' lang='grc' dir='ltr'>Κόρῃ.</span> <span class='ocrx_word' id='word_1_613' title='bbox 1098 3477 1216 3517; x_wconf 84' lang='grc' dir='ltr'>Ἀνδρο-</span> 
     </span>
     <span class='ocr_line' id='line_1_81' title="bbox 160 3524 1215 3571; baseline -0.002 -13"><span class='ocrx_word' id='word_1_614' title='bbox 160 3526 236 3559; x_wconf 80' lang='grc' dir='ltr'>τίων</span> <span class='ocrx_word' id='word_1_615' title='bbox 252 3528 307 3568; x_wconf 85' lang='grc' dir='ltr'>μὲν</span> <span class='ocrx_word' id='word_1_616' title='bbox 329 3527 383 3560; x_wconf 77' lang='grc' dir='ltr'>οὖν</span> <span class='ocrx_word' id='word_1_617' title='bbox 405 3528 531 3571; x_wconf 72' lang='grc' dir='ltr'>γράφει,</span> <span class='ocrx_word' id='word_1_618' title='bbox 551 3530 589 3562; x_wconf 91' lang='grc' dir='ltr'>οὐ</span> <span class='ocrx_word' id='word_1_619' title='bbox 603 3529 657 3562; x_wconf 84' lang='grc' dir='ltr'>τὸν</span> <span class='ocrx_word' id='word_1_620' title='bbox 683 3529 851 3570; x_wconf 82' lang='grc' dir='ltr'>Εὔμολπον</span> <span class='ocrx_word' id='word_1_621' title='bbox 871 3528 969 3568; x_wconf 83' lang='grc' dir='ltr'>εὑρεῖν</span> <span class='ocrx_word' id='word_1_622' title='bbox 987 3526 1042 3564; x_wconf 83' lang='grc' dir='ltr'>τὴν</span> <span class='ocrx_word' id='word_1_623' title='bbox 1074 3524 1192 3566; x_wconf 84' lang='grc' dir='ltr'>μύησιν</span> <span class='ocrx_word' id='word_1_624' title='bbox 1207 3548 1215 3564; x_wconf 90' lang='grc'>,</span> 
     </span>
    </p>
   </div>
   <div class='ocr_carea' id='block_1_16' title="bbox 1223 1630 2327 1674">
    <p class='ocr_par' dir='ltr' id='par_1_20' title="bbox 1223 1630 2327 1674">
     <span class='ocr_line' id='line_1_82' title="bbox 1223 1630 2327 1674; baseline 0.005 -14"><span class='ocrx_word' id='word_1_625' title='bbox 1223 1632 1230 1660; x_wconf 89' lang='lat' dir='ltr'>l</span> <span class='ocrx_word' id='word_1_626' title='bbox 1263 1630 1329 1663; x_wconf 75' lang='grc' dir='ltr'>ἀλλ’</span> <span class='ocrx_word' id='word_1_627' title='bbox 1348 1631 1412 1664; x_wconf 87' lang='grc' dir='ltr'>ἀπὸ</span> <span class='ocrx_word' id='word_1_628' title='bbox 1425 1631 1539 1663; x_wconf 85' lang='grc' dir='ltr'>τούτου</span> <span class='ocrx_word' id='word_1_629' title='bbox 1555 1631 1723 1674; x_wconf 85' lang='grc' dir='ltr'>Εὔμολπον</span> <span class='ocrx_word' id='word_1_630' title='bbox 1739 1632 1884 1673; x_wconf 85' lang='grc' dir='ltr'>πέμπτον</span> <span class='ocrx_word' id='word_1_631' title='bbox 1900 1631 2064 1673; x_wconf 88' lang='grc' dir='ltr'>γεγονότα.</span> <span class='ocrx_word' id='word_1_632' title='bbox 2079 1631 2250 1673; x_wconf 84' lang='grc' dir='ltr'>Εὐμόλπου</span> <span class='ocrx_word' id='word_1_633' title='bbox 2268 1632 2327 1674; x_wconf 82' lang='grc' dir='ltr'>γὰρ</span> 
     </span>
    </p>
   </div>
   <div class='ocr_carea' id='block_1_17' title="bbox 1261 1678 2329 2341">
    <p class='ocr_par' dir='ltr' id='par_1_21' title="bbox 1261 1678 2329 2341">
     <span class='ocr_line' id='line_1_83' title="bbox 1262 1678 2327 1722; baseline 0.001 -10"><span class='ocrx_word' id='word_1_634' title='bbox 1262 1679 1407 1719; x_wconf 86' lang='grc' dir='ltr'>γενέσθαι</span> <span class='ocrx_word' id='word_1_635' title='bbox 1429 1679 1562 1722; x_wconf 83' lang='grc' dir='ltr'>Κήρυκα</span> <span class='ocrx_word' id='word_1_636' title='bbox 1572 1703 1582 1720; x_wconf 88' lang='grc'>,</span> <span class='ocrx_word' id='word_1_637' title='bbox 1596 1683 1653 1712; x_wconf 83' lang='grc' dir='ltr'>τοῦ</span> <span class='ocrx_word' id='word_1_638' title='bbox 1670 1680 1705 1712; x_wconf 82' lang='grc' dir='ltr'>δὲ</span> <span class='ocrx_word' id='word_1_639' title='bbox 1724 1680 1892 1721; x_wconf 84' lang='grc' dir='ltr'>Εὔμολπον</span> <span class='ocrx_word' id='word_1_640' title='bbox 1906 1703 1916 1720; x_wconf 91' lang='grc'>,</span> <span class='ocrx_word' id='word_1_641' title='bbox 1932 1683 1990 1712; x_wconf 86' lang='grc' dir='ltr'>τοῦ</span> <span class='ocrx_word' id='word_1_642' title='bbox 2007 1680 2040 1713; x_wconf 84' lang='grc' dir='ltr'>δὲ</span> <span class='ocrx_word' id='word_1_643' title='bbox 2052 1678 2235 1722; x_wconf 79' lang='grc' dir='ltr'>Ἀντίφημον</span> <span class='ocrx_word' id='word_1_644' title='bbox 2245 1704 2254 1719; x_wconf 90' lang='grc'>,</span> <span class='ocrx_word' id='word_1_645' title='bbox 2270 1684 2327 1713; x_wconf 77' lang='grc' dir='ltr'>τοῦ</span> 
     </span>
     <span class='ocr_line' id='line_1_84' title="bbox 1263 1727 2326 1768; baseline 0.001 -9"><span class='ocrx_word' id='word_1_646' title='bbox 1263 1728 1295 1760; x_wconf 86' lang='grc' dir='ltr'>δέ</span> <span class='ocrx_word' id='word_1_647' title='bbox 1319 1728 1484 1760; x_wconf 88' lang='grc' dir='ltr'>Μουσαῖον</span> <span class='ocrx_word' id='word_1_648' title='bbox 1500 1727 1554 1760; x_wconf 85' lang='grc' dir='ltr'>τὸν</span> <span class='ocrx_word' id='word_1_649' title='bbox 1565 1727 1712 1768; x_wconf 85' lang='grc' dir='ltr'>ποιητήν,</span> <span class='ocrx_word' id='word_1_650' title='bbox 1725 1731 1781 1759; x_wconf 83' lang='grc' dir='ltr'>τοῦ</span> <span class='ocrx_word' id='word_1_651' title='bbox 1798 1727 1831 1760; x_wconf 84' lang='grc' dir='ltr'>δὲ</span> <span class='ocrx_word' id='word_1_652' title='bbox 1852 1728 2019 1768; x_wconf 83' lang='grc' dir='ltr'>Εὔμολπον</span> <span class='ocrx_word' id='word_1_653' title='bbox 2031 1728 2085 1760; x_wconf 86' lang='grc' dir='ltr'>τὸν</span> <span class='ocrx_word' id='word_1_654' title='bbox 2099 1727 2326 1766; x_wconf 82' lang='grc' dir='ltr'>καταδείξαντα</span> 
     </span>
     <span class='ocr_line' id='line_1_85' title="bbox 1261 1774 2325 1816; baseline 0 -10"><span class='ocrx_word' id='word_1_655' title='bbox 1261 1775 1317 1813; x_wconf 82' lang='grc' dir='ltr'>τὴν</span> <span class='ocrx_word' id='word_1_656' title='bbox 1337 1774 1453 1815; x_wconf 88' lang='grc' dir='ltr'>μύησιν</span> <span class='ocrx_word' id='word_1_657' title='bbox 1469 1775 1524 1807; x_wconf 86' lang='grc' dir='ltr'>καὶ</span> <span class='ocrx_word' id='word_1_658' title='bbox 1544 1774 1727 1816; x_wconf 70' lang='grc' dir='ltr'>ἱεροφάντην</span> <span class='ocrx_word' id='word_1_659' title='bbox 1742 1774 1907 1815; x_wconf 86' lang='grc' dir='ltr'>γεγονότα.</span> <span class='ocrx_word' id='word_1_660' title='bbox 1924 1775 2088 1808; x_wconf 84' lang='lat' dir='ltr'>Lucianus</span> <span class='ocrx_word' id='word_1_661' title='bbox 2104 1777 2299 1808; x_wconf 84' lang='lat' dir='ltr'>Demonact.</span> <span class='ocrx_word' id='word_1_662' title='bbox 2316 1784 2325 1806; x_wconf 89' lang='lat'><strong>:</strong></span> 
     </span>
     <span class='ocr_line' id='line_1_86' title="bbox 1263 1819 2327 1864; baseline 0 -11"><span class='ocrx_word' id='word_1_663' title='bbox 1263 1821 1440 1862; x_wconf 87' lang='grc' dir='ltr'>Ἐτόλμησε</span> <span class='ocrx_word' id='word_1_664' title='bbox 1468 1822 1501 1854; x_wconf 89' lang='grc' dir='ltr'>δέ</span> <span class='ocrx_word' id='word_1_665' title='bbox 1528 1832 1605 1854; x_wconf 91' lang='grc' dir='ltr'>ποτε</span> <span class='ocrx_word' id='word_1_666' title='bbox 1628 1821 1684 1853; x_wconf 84' lang='grc' dir='ltr'>καὶ</span> <span class='ocrx_word' id='word_1_667' title='bbox 1712 1819 1892 1860; x_wconf 79' lang='grc' dir='ltr'>Ἀθηναίους</span> <span class='ocrx_word' id='word_1_668' title='bbox 1906 1822 2065 1864; x_wconf 87' lang='grc' dir='ltr'>ἐρωτῆσαι</span> <span class='ocrx_word' id='word_1_669' title='bbox 2085 1821 2246 1864; x_wconf 79' lang='grc' dir='ltr'>δημοσίᾳ,</span> <span class='ocrx_word' id='word_1_670' title='bbox 2271 1824 2327 1860; x_wconf 85' lang='grc' dir='ltr'>τῆς</span> 
     </span>
     <span class='ocr_line' id='line_1_87' title="bbox 1262 1867 2326 1911; baseline 0 -10"><span class='ocrx_word' id='word_1_671' title='bbox 1262 1867 1465 1911; x_wconf 72' lang='grc' dir='ltr'>προρρήσεως</span> <span class='ocrx_word' id='word_1_672' title='bbox 1485 1869 1643 1909; x_wconf 85' lang='grc' dir='ltr'>ἀκούσας,</span> <span class='ocrx_word' id='word_1_673' title='bbox 1662 1868 1714 1900; x_wconf 85' lang='grc' dir='ltr'>διὰ</span> <span class='ocrx_word' id='word_1_674' title='bbox 1734 1868 1805 1901; x_wconf 88' lang='grc' dir='ltr'>τίνα</span> <span class='ocrx_word' id='word_1_675' title='bbox 1817 1869 1922 1902; x_wconf 86' lang='grc' dir='ltr'>αἰτίαν</span> <span class='ocrx_word' id='word_1_676' title='bbox 1939 1868 2144 1902; x_wconf 86' lang='grc' dir='ltr'>ἀποκλείουσι</span> <span class='ocrx_word' id='word_1_677' title='bbox 2159 1869 2232 1906; x_wconf 81' lang='grc' dir='ltr'>τοὺς</span> <span class='ocrx_word' id='word_1_678' title='bbox 2251 1869 2326 1911; x_wconf 85' lang='grc' dir='ltr'>βαρ·</span> 
     </span>
     <span class='ocr_line' id='line_1_88' title="bbox 1266 1915 2328 1959; baseline 0.002 -12"><span class='ocrx_word' id='word_1_679' title='bbox 1266 1915 1381 1958; x_wconf 73' lang='grc' dir='ltr'>ὅάρους</span> <span class='ocrx_word' id='word_1_680' title='bbox 1394 1940 1404 1956; x_wconf 90' lang='grc'>,</span> <span class='ocrx_word' id='word_1_681' title='bbox 1418 1917 1472 1948; x_wconf 85' lang='grc' dir='ltr'>καὶ</span> <span class='ocrx_word' id='word_1_682' title='bbox 1489 1919 1591 1948; x_wconf 80' lang='grc' dir='ltr'>ταῦτα</span> <span class='ocrx_word' id='word_1_683' title='bbox 1611 1919 1669 1948; x_wconf 84' lang='grc' dir='ltr'>τοῦ</span> <span class='ocrx_word' id='word_1_684' title='bbox 1692 1916 1748 1954; x_wconf 85' lang='grc' dir='ltr'>τὴν</span> <span class='ocrx_word' id='word_1_685' title='bbox 1764 1917 1892 1955; x_wconf 86' lang='grc' dir='ltr'>τελετὴν</span> <span class='ocrx_word' id='word_1_686' title='bbox 1912 1916 2017 1953; x_wconf 83' lang='grc' dir='ltr'>αὐτοῖς</span> <span class='ocrx_word' id='word_1_687' title='bbox 2039 1916 2328 1959; x_wconf 81' lang='grc' dir='ltr'>καταστησαμένου</span> 
     </span>
     <span class='ocr_line' id='line_1_89' title="bbox 1263 1963 2327 2006; baseline 0 -10"><span class='ocrx_word' id='word_1_688' title='bbox 1263 1963 1432 2005; x_wconf 85' lang='grc' dir='ltr'>Εὐμόλπου</span> <span class='ocrx_word' id='word_1_689' title='bbox 1454 1963 1614 2005; x_wconf 74' lang='grc' dir='ltr'>βαρδοὶρου</span> <span class='ocrx_word' id='word_1_690' title='bbox 1636 1963 1691 1995; x_wconf 89' lang='grc' dir='ltr'>καὶ</span> <span class='ocrx_word' id='word_1_691' title='bbox 1709 1965 1834 2005; x_wconf 82' lang='grc' dir='ltr'>Θρᾳκὸς</span> <span class='ocrx_word' id='word_1_692' title='bbox 1858 1964 1961 2001; x_wconf 80' lang='grc' dir='ltr'>ὄντος.</span> <span class='ocrx_word' id='word_1_693' title='bbox 1979 1963 2161 2005; x_wconf 84' lang='lat' dir='ltr'>Hesychius</span> <span class='ocrx_word' id='word_1_694' title='bbox 2179 1973 2188 1996; x_wconf 92' lang='lat'><strong>:</strong></span> <span class='ocrx_word' id='word_1_695' title='bbox 2207 1963 2327 2006; x_wconf 86' lang='grc' dir='ltr'>Εὐμολ-</span> 
     </span>
     <span class='ocr_line' id='line_1_90' title="bbox 1262 2010 2327 2054; baseline 0.001 -11"><span class='ocrx_word' id='word_1_696' title='bbox 1262 2012 1353 2044; x_wconf 88' lang='grc' dir='ltr'>πίδαι</span> <span class='ocrx_word' id='word_1_697' title='bbox 1363 2035 1372 2050; x_wconf 91' lang='grc'>,</span> <span class='ocrx_word' id='word_1_698' title='bbox 1388 2011 1488 2048; x_wconf 86' lang='grc' dir='ltr'>οὕτως</span> <span class='ocrx_word' id='word_1_699' title='bbox 1501 2013 1531 2043; x_wconf 77' lang='grc' dir='ltr'>οἱ</span> <span class='ocrx_word' id='word_1_700' title='bbox 1550 2010 1614 2043; x_wconf 87' lang='grc' dir='ltr'>ἀπὸ</span> <span class='ocrx_word' id='word_1_701' title='bbox 1627 2011 1798 2052; x_wconf 83' lang='grc' dir='ltr'>Εὐμόλπου</span> <span class='ocrx_word' id='word_1_702' title='bbox 1822 2011 1993 2044; x_wconf 82' lang='grc' dir='ltr'>ἐκαλοῦντο</span> <span class='ocrx_word' id='word_1_703' title='bbox 2008 2036 2018 2052; x_wconf 91' lang='grc'>,</span> <span class='ocrx_word' id='word_1_704' title='bbox 2034 2015 2092 2044; x_wconf 79' lang='grc' dir='ltr'>τοῦ</span> <span class='ocrx_word' id='word_1_705' title='bbox 2105 2012 2235 2052; x_wconf 83' lang='grc' dir='ltr'>πρώτου</span> <span class='ocrx_word' id='word_1_706' title='bbox 2248 2013 2327 2054; x_wconf 75' lang='lat' dir='ltr'>tepo-</span> 
     </span>
     <span class='ocr_line' id='line_1_91' title="bbox 1264 2058 2328 2101; baseline -0.002 -9"><span class='ocrx_word' id='word_1_707' title='bbox 1264 2059 1498 2099; x_wconf 83' lang='grc' dir='ltr'>φαντήσαντος·</span> <span class='ocrx_word' id='word_1_708' title='bbox 1515 2058 1626 2090; x_wconf 87' lang='grc' dir='ltr'>πολλοὶ</span> <span class='ocrx_word' id='word_1_709' title='bbox 1641 2058 1677 2090; x_wconf 85' lang='grc' dir='ltr'>δὲ</span> <span class='ocrx_word' id='word_1_710' title='bbox 1696 2058 1864 2099; x_wconf 90' lang='grc' dir='ltr'>γεγόνασιν</span> <span class='ocrx_word' id='word_1_711' title='bbox 1879 2059 2043 2101; x_wconf 88' lang='grc' dir='ltr'>ὁμώνυμοι</span> <span class='ocrx_word' id='word_1_712' title='bbox 2059 2059 2236 2100; x_wconf 87' lang='grc' dir='ltr'>Εὔμολποι.</span> <span class='ocrx_word' id='word_1_713' title='bbox 2254 2058 2328 2091; x_wconf 88' lang='lat' dir='ltr'>Sui-</span> 
     </span>
     <span class='ocr_line' id='line_1_92' title="bbox 1264 2107 2325 2150; baseline -0.001 -10"><span class='ocrx_word' id='word_1_714' title='bbox 1264 2109 1322 2141; x_wconf 88' lang='lat' dir='ltr'>das</span> <span class='ocrx_word' id='word_1_715' title='bbox 1345 2121 1354 2142; x_wconf 75' lang='grc' dir='ltr'>ι</span> <span class='ocrx_word' id='word_1_716' title='bbox 1368 2109 1565 2150; x_wconf 82' lang='grc' dir='ltr'>Εὐμολπίδαι</span> <span class='ocrx_word' id='word_1_717' title='bbox 1583 2108 1669 2148; x_wconf 88' lang='grc' dir='ltr'>γένος</span> <span class='ocrx_word' id='word_1_718' title='bbox 1689 2108 1753 2140; x_wconf 82' lang='grc' dir='ltr'>ἀπὸ</span> <span class='ocrx_word' id='word_1_719' title='bbox 1769 2110 1827 2140; x_wconf 81' lang='grc' dir='ltr'>τοῦ</span> <span class='ocrx_word' id='word_1_720' title='bbox 1844 2108 1967 2149; x_wconf 85' lang='grc' dir='ltr'>Θρᾳκὸς</span> <span class='ocrx_word' id='word_1_721' title='bbox 1980 2132 1989 2148; x_wconf 93' lang='grc'>,</span> <span class='ocrx_word' id='word_1_722' title='bbox 2013 2108 2046 2144; x_wconf 78' lang='grc' dir='ltr'>ὃς</span> <span class='ocrx_word' id='word_1_723' title='bbox 2062 2108 2116 2140; x_wconf 89' lang='grc' dir='ltr'>καὶ</span> <span class='ocrx_word' id='word_1_724' title='bbox 2132 2108 2190 2146; x_wconf 82' lang='grc' dir='ltr'>τήν</span> <span class='ocrx_word' id='word_1_725' title='bbox 2207 2107 2325 2148; x_wconf 86' lang='grc' dir='ltr'>μύησιν</span> 
     </span>
     <span class='ocr_line' id='line_1_93' title="bbox 1264 2154 2329 2200; baseline -0.003 -10"><span class='ocrx_word' id='word_1_726' title='bbox 1264 2157 1403 2200; x_wconf 87' lang='grc' dir='ltr'>εὔρεν,ἢ</span> <span class='ocrx_word' id='word_1_727' title='bbox 1426 2157 1490 2190; x_wconf 81' lang='grc' dir='ltr'>ἀπὸ</span> <span class='ocrx_word' id='word_1_728' title='bbox 1513 2159 1570 2188; x_wconf 85' lang='grc' dir='ltr'>τοῦ</span> <span class='ocrx_word' id='word_1_729' title='bbox 1592 2154 1760 2188; x_wconf 87' lang='grc' dir='ltr'>Μουσαίου</span> <span class='ocrx_word' id='word_1_730' title='bbox 1788 2157 1881 2195; x_wconf 74' lang='grc' dir='ltr'>υἱοῦ,</span> <span class='ocrx_word' id='word_1_731' title='bbox 1899 2155 1934 2193; x_wconf 82' lang='grc' dir='ltr'>ὃς</span> <span class='ocrx_word' id='word_1_732' title='bbox 1957 2155 1995 2196; x_wconf 84' lang='grc' dir='ltr'>ἦν</span> <span class='ocrx_word' id='word_1_733' title='bbox 2023 2155 2087 2188; x_wconf 83' lang='grc' dir='ltr'>ἀπὸ</span> <span class='ocrx_word' id='word_1_734' title='bbox 2102 2158 2159 2188; x_wconf 85' lang='grc' dir='ltr'>τοῦ</span> <span class='ocrx_word' id='word_1_735' title='bbox 2183 2155 2329 2198; x_wconf 85' lang='grc' dir='ltr'>δευτέρου</span> 
     </span>
     <span class='ocr_line' id='line_1_94' title="bbox 1265 2201 2327 2250; baseline -0.003 -14"><span class='ocrx_word' id='word_1_736' title='bbox 1265 2206 1407 2245; x_wconf 85' lang='grc' dir='ltr'>πέμπτος</span> <span class='ocrx_word' id='word_1_737' title='bbox 1433 2204 1502 2236; x_wconf 87' lang='grc' dir='ltr'>κτλ.</span> <span class='ocrx_word' id='word_1_738' title='bbox 1521 2202 1597 2236; x_wconf 83' lang='lat' dir='ltr'>Vid.</span> <span class='ocrx_word' id='word_1_739' title='bbox 1614 2201 1745 2235; x_wconf 91' lang='lat' dir='ltr'>Meursii</span> <span class='ocrx_word' id='word_1_740' title='bbox 1766 2202 1875 2250; x_wconf 66' lang='lat' dir='ltr'>ljsseus.</span> <span class='ocrx_word' id='word_1_741' title='bbox 1900 2210 1971 2242; x_wconf 88' lang='lat' dir='ltr'>cap.</span> <span class='ocrx_word' id='word_1_742' title='bbox 2001 2206 2031 2235; x_wconf 90' lang='lat'>2.</span> <span class='ocrx_word' id='word_1_743' title='bbox 2057 2202 2106 2234; x_wconf 73' lang='lat' dir='ltr'>Cf.</span> <span class='ocrx_word' id='word_1_744' title='bbox 2144 2201 2308 2235; x_wconf 74' lang='lat' dir='ltr'>ouvarosf</span> <span class='ocrx_word' id='word_1_745' title='bbox 2318 2226 2327 2239; x_wconf 83' lang='lat'>,</span> 
     </span>
     <span class='ocr_line' id='line_1_95' title="bbox 1265 2244 2329 2291; baseline -0.003 -6"><span class='ocrx_word' id='word_1_746' title='bbox 1265 2254 1370 2285; x_wconf 56' lang='lat' dir='ltr'>Essa}</span> <span class='ocrx_word' id='word_1_747' title='bbox 1388 2260 1451 2285; x_wconf 87' lang='lat' dir='ltr'>sur</span> <span class='ocrx_word' id='word_1_748' title='bbox 1469 2252 1517 2284; x_wconf 85' lang='lat' dir='ltr'>les</span> <span class='ocrx_word' id='word_1_749' title='bbox 1533 2250 1704 2290; x_wconf 69' lang='lat' dir='ltr'>mysteres</span> <span class='ocrx_word' id='word_1_750' title='bbox 1722 2248 1897 2282; x_wconf 83' lang='lat' dir='ltr'>d’Eleusis</span> <span class='ocrx_word' id='word_1_751' title='bbox 1917 2244 2071 2290; x_wconf 77' lang='lat' dir='ltr'>(Etudes</span> <span class='ocrx_word' id='word_1_752' title='bbox 2083 2249 2127 2283; x_wconf 84' lang='lat' dir='ltr'>de</span> <span class='ocrx_word' id='word_1_753' title='bbox 2140 2248 2329 2291; x_wconf 74' lang='lat' dir='ltr'>philoloqie</span> 
     </span>
     <span class='ocr_line' id='line_1_96' title="bbox 1264 2296 1803 2341; baseline -0.009 -9"><span class='ocrx_word' id='word_1_754' title='bbox 1264 2301 1299 2332; x_wconf 77' lang='lat' dir='ltr'>et</span> <span class='ocrx_word' id='word_1_755' title='bbox 1317 2300 1359 2332; x_wconf 88' lang='lat' dir='ltr'>de</span> <span class='ocrx_word' id='word_1_756' title='bbox 1376 2301 1540 2341; x_wconf 76' lang='lat' dir='ltr'>critique,</span> <span class='ocrx_word' id='word_1_757' title='bbox 1556 2306 1626 2339; x_wconf 86' lang='lat' dir='ltr'>pag.</span> <span class='ocrx_word' id='word_1_758' title='bbox 1643 2301 1682 2331; x_wconf 87' lang='lat'>82</span> <span class='ocrx_word' id='word_1_759' title='bbox 1696 2296 1803 2338; x_wconf 85' lang='lat' dir='ltr'>seqq.)</span> 
     </span>
    </p>
   </div>
   <div class='ocr_carea' id='block_1_18' title="bbox 1265 2354 2332 3566">
    <p class='ocr_par' dir='ltr' id='par_1_22' title="bbox 1265 2354 2330 2731">
     <span class='ocr_line' id='line_1_97' title="bbox 1310 2354 2327 2399; baseline -0.003 -9"><span class='ocrx_word' id='word_1_760' title='bbox 1310 2357 1354 2399; x_wconf 87' lang='lat'>(2)</span> <span class='ocrx_word' id='word_1_761' title='bbox 1373 2357 1506 2390; x_wconf 80' lang='lat' dir='ltr'>l’roclus</span> <span class='ocrx_word' id='word_1_762' title='bbox 1522 2356 1553 2388; x_wconf 90' lang='lat' dir='ltr'>in</span> <span class='ocrx_word' id='word_1_763' title='bbox 1573 2355 1715 2388; x_wconf 84' lang='lat' dir='ltr'>Platonis</span> <span class='ocrx_word' id='word_1_764' title='bbox 1731 2355 1895 2388; x_wconf 87' lang='lat' dir='ltr'>Timaeum</span> <span class='ocrx_word' id='word_1_765' title='bbox 1918 2364 1990 2397; x_wconf 85' lang='lat' dir='ltr'>pag.</span> <span class='ocrx_word' id='word_1_766' title='bbox 2009 2357 2066 2389; x_wconf 83' lang='lat'>291</span> <span class='ocrx_word' id='word_1_767' title='bbox 2086 2354 2178 2397; x_wconf 87' lang='lat' dir='ltr'>(pag.</span> <span class='ocrx_word' id='word_1_768' title='bbox 2198 2356 2260 2388; x_wconf 89' lang='lat'>705</span> <span class='ocrx_word' id='word_1_769' title='bbox 2274 2354 2327 2388; x_wconf 86' lang='lat' dir='ltr'>ed.</span> 
     </span>
     <span class='ocr_line' id='line_1_98' title="bbox 1267 2401 2329 2445; baseline -0.003 -8"><span class='ocrx_word' id='word_1_770' title='bbox 1267 2404 1416 2438; x_wconf 77' lang='lat' dir='ltr'>Schneid.</span> <span class='ocrx_word' id='word_1_771' title='bbox 1433 2405 1445 2445; x_wconf 95' lang='lat'>)</span> <span class='ocrx_word' id='word_1_772' title='bbox 1466 2415 1474 2436; x_wconf 89' lang='lat'>=</span> <span class='ocrx_word' id='word_1_773' title='bbox 1494 2403 1593 2436; x_wconf 83' lang='grc' dir='ltr'>Αὐται</span> <span class='ocrx_word' id='word_1_774' title='bbox 1613 2403 1647 2436; x_wconf 89' lang='grc' dir='ltr'>δέ</span> <span class='ocrx_word' id='word_1_775' title='bbox 1666 2404 1744 2435; x_wconf 84' lang='grc' dir='ltr'>εἰσιν</span> <span class='ocrx_word' id='word_1_776' title='bbox 1765 2404 1798 2435; x_wconf 82' lang='grc' dir='ltr'>αἱ</span> <span class='ocrx_word' id='word_1_777' title='bbox 1816 2401 1962 2445; x_wconf 74' lang='grc' dir='ltr'>Ὀρφικαὶ</span> <span class='ocrx_word' id='word_1_778' title='bbox 1979 2403 2182 2445; x_wconf 87' lang='grc' dir='ltr'>παραδόσεις.</span> <span class='ocrx_word' id='word_1_779' title='bbox 2202 2401 2239 2437; x_wconf 75' lang='lat' dir='ltr'>‘A</span> <span class='ocrx_word' id='word_1_780' title='bbox 2269 2403 2329 2445; x_wconf 82' lang='grc' dir='ltr'>γὰρ</span> 
     </span>
     <span class='ocr_line' id='line_1_99' title="bbox 1267 2449 2330 2494; baseline -0.002 -10"><span class='ocrx_word' id='word_1_781' title='bbox 1267 2452 1398 2494; x_wconf 76' lang='grc' dir='ltr'>Ὀρφεὺς</span> <span class='ocrx_word' id='word_1_782' title='bbox 1415 2452 1454 2484; x_wconf 90' lang='grc' dir='ltr'>δι’</span> <span class='ocrx_word' id='word_1_783' title='bbox 1469 2449 1655 2494; x_wconf 74' lang='grc' dir='ltr'>ἀπορρήτων</span> <span class='ocrx_word' id='word_1_784' title='bbox 1678 2449 1780 2491; x_wconf 90' lang='grc' dir='ltr'>λόγων</span> <span class='ocrx_word' id='word_1_785' title='bbox 1808 2453 1969 2490; x_wconf 78' lang='grc' dir='ltr'>μυστικῶς</span> <span class='ocrx_word' id='word_1_786' title='bbox 1989 2450 2212 2492; x_wconf 83' lang='grc' dir='ltr'>παραδέδωκε,</span> <span class='ocrx_word' id='word_1_787' title='bbox 2229 2453 2330 2483; x_wconf 81' lang='grc' dir='ltr'>ταῦτα</span> 
     </span>
     <span class='ocr_line' id='line_1_100' title="bbox 1265 2497 2329 2541; baseline -0.003 -9"><span class='ocrx_word' id='word_1_788' title='bbox 1265 2499 1453 2541; x_wconf 83' lang='grc' dir='ltr'>Πυθαγόρας</span> <span class='ocrx_word' id='word_1_789' title='bbox 1473 2499 1616 2540; x_wconf 83' lang='grc' dir='ltr'>ἐξέμαθεν</span> <span class='ocrx_word' id='word_1_790' title='bbox 1645 2497 1822 2540; x_wconf 81' lang='grc' dir='ltr'>ὀργιασθεὶς</span> <span class='ocrx_word' id='word_1_791' title='bbox 1842 2498 1874 2530; x_wconf 87' lang='grc' dir='ltr'>ἐν</span> <span class='ocrx_word' id='word_1_792' title='bbox 1898 2498 2068 2539; x_wconf 78' lang='grc' dir='ltr'>Λεὸήθροις</span> <span class='ocrx_word' id='word_1_793' title='bbox 2092 2501 2156 2535; x_wconf 82' lang='grc' dir='ltr'>τοῖς</span> <span class='ocrx_word' id='word_1_794' title='bbox 2182 2497 2329 2541; x_wconf 75' lang='grc' dir='ltr'>Θρᾳκίοις</span> 
     </span>
     <span class='ocr_line' id='line_1_101' title="bbox 1266 2544 2328 2590; baseline -0.003 -10"><span class='ocrx_word' id='word_1_795' title='bbox 1266 2546 1471 2590; x_wconf 77' lang='grc' dir='ltr'>Ἀγλαοφάμω</span> <span class='ocrx_word' id='word_1_796' title='bbox 1490 2546 1622 2578; x_wconf 89' lang='grc' dir='ltr'>τελέστα</span> <span class='ocrx_word' id='word_1_797' title='bbox 1645 2545 1727 2587; x_wconf 84' lang='lat' dir='ltr'>(leg.</span> <span class='ocrx_word' id='word_1_798' title='bbox 1746 2544 1967 2588; x_wconf 84' lang='grc' dir='ltr'>Ἀγλαοφήμου</span> <span class='ocrx_word' id='word_1_799' title='bbox 1983 2544 2154 2588; x_wconf 85' lang='grc' dir='ltr'>τελεστοῦ)</span> <span class='ocrx_word' id='word_1_800' title='bbox 2176 2545 2328 2588; x_wconf 86' lang='grc' dir='ltr'>μεταδόν·</span> 
     </span>
     <span class='ocr_line' id='line_1_102' title="bbox 1267 2591 2329 2636; baseline -0.003 -10"><span class='ocrx_word' id='word_1_801' title='bbox 1267 2605 1320 2631; x_wconf 89' lang='grc' dir='ltr'>τος</span> <span class='ocrx_word' id='word_1_802' title='bbox 1351 2595 1389 2633; x_wconf 83' lang='grc' dir='ltr'>ἣν</span> <span class='ocrx_word' id='word_1_803' title='bbox 1408 2594 1476 2636; x_wconf 87' lang='grc' dir='ltr'>περὶ</span> <span class='ocrx_word' id='word_1_804' title='bbox 1496 2593 1574 2626; x_wconf 87' lang='grc' dir='ltr'>θεῶν</span> <span class='ocrx_word' id='word_1_805' title='bbox 1592 2591 1721 2634; x_wconf 85' lang='grc' dir='ltr'>Ὀρφεὺς</span> <span class='ocrx_word' id='word_1_806' title='bbox 1737 2591 1848 2634; x_wconf 83' lang='grc' dir='ltr'>σοφίαν</span> <span class='ocrx_word' id='word_1_807' title='bbox 1871 2592 1956 2634; x_wconf 78' lang='grc' dir='ltr'>παρὰ</span> <span class='ocrx_word' id='word_1_808' title='bbox 1976 2591 2157 2631; x_wconf 83' lang='grc' dir='ltr'>Καλλιόπης</span> <span class='ocrx_word' id='word_1_809' title='bbox 2185 2595 2241 2631; x_wconf 87' lang='grc' dir='ltr'>τῆς</span> <span class='ocrx_word' id='word_1_810' title='bbox 2271 2603 2329 2633; x_wconf 83' lang='grc' dir='ltr'>μη-</span> 
     </span>
     <span class='ocr_line' id='line_1_103' title="bbox 1268 2639 2330 2683; baseline -0.001 -10"><span class='ocrx_word' id='word_1_811' title='bbox 1268 2642 1338 2683; x_wconf 90' lang='grc' dir='ltr'>τρὸς</span> <span class='ocrx_word' id='word_1_812' title='bbox 1359 2641 1522 2680; x_wconf 87' lang='grc' dir='ltr'>ἐπινύσθη.</span> <span class='ocrx_word' id='word_1_813' title='bbox 1546 2642 1657 2674; x_wconf 78' lang='grc' dir='ltr'>Ταῦτα</span> <span class='ocrx_word' id='word_1_814' title='bbox 1674 2639 1734 2682; x_wconf 87' lang='grc' dir='ltr'>γάρ</span> <span class='ocrx_word' id='word_1_815' title='bbox 1761 2651 1854 2682; x_wconf 86' lang='grc' dir='ltr'>φησιν</span> <span class='ocrx_word' id='word_1_816' title='bbox 1878 2641 1896 2672; x_wconf 86' lang='grc' dir='ltr'><strong>ὁ</strong></span> <span class='ocrx_word' id='word_1_817' title='bbox 1920 2639 2107 2683; x_wconf 86' lang='grc' dir='ltr'>Πυθαγόρας</span> <span class='ocrx_word' id='word_1_818' title='bbox 2134 2640 2167 2672; x_wconf 83' lang='grc' dir='ltr'>ἐν</span> <span class='ocrx_word' id='word_1_819' title='bbox 2185 2643 2232 2682; x_wconf 87' lang='grc' dir='ltr'>τῷ</span> <span class='ocrx_word' id='word_1_820' title='bbox 2255 2641 2330 2682; x_wconf 86' lang='grc' dir='ltr'>ἱερῷ</span> 
     </span>
     <span class='ocr_line' id='line_1_104' title="bbox 1266 2689 1364 2731; baseline -0.01 -8"><span class='ocrx_word' id='word_1_821' title='bbox 1266 2689 1364 2731; x_wconf 90' lang='grc' dir='ltr'>λόγῳ.</span> 
     </span>
    </p>

    <p class='ocr_par' dir='ltr' id='par_1_23' title="bbox 1267 2746 2332 3268">
     <span class='ocr_line' id='line_1_105' title="bbox 1312 2746 2331 2790; baseline 0 -10"><span class='ocrx_word' id='word_1_822' title='bbox 1312 2747 1359 2790; x_wconf 89' lang='grc'>(3)</span> <span class='ocrx_word' id='word_1_823' title='bbox 1375 2748 1537 2781; x_wconf 76' lang='lat' dir='ltr'>isocrates</span> <span class='ocrx_word' id='word_1_824' title='bbox 1552 2749 1670 2789; x_wconf 74' lang='lat' dir='ltr'>paneg.</span> <span class='ocrx_word' id='word_1_825' title='bbox 1689 2755 1761 2789; x_wconf 85' lang='lat' dir='ltr'>cap.</span> <span class='ocrx_word' id='word_1_826' title='bbox 1775 2751 1794 2781; x_wconf 86' lang='lat'><strong>6</strong></span> <span class='ocrx_word' id='word_1_827' title='bbox 1809 2755 1819 2776; x_wconf 74' lang='lat'>²</span> <span class='ocrx_word' id='word_1_828' title='bbox 1837 2746 2002 2788; x_wconf 84' lang='grc' dir='ltr'>Δήμητρος</span> <span class='ocrx_word' id='word_1_829' title='bbox 2010 2746 2072 2788; x_wconf 87' lang='grc' dir='ltr'>γὰρ</span> <span class='ocrx_word' id='word_1_830' title='bbox 2085 2746 2273 2789; x_wconf 70' lang='grc' dir='ltr'>ἀφικομένης</span> <span class='ocrx_word' id='word_1_831' title='bbox 2287 2748 2331 2785; x_wconf 77' lang='grc' dir='ltr'>εἰς</span> 
     </span>
     <span class='ocr_line' id='line_1_106' title="bbox 1267 2793 2330 2838; baseline -0.003 -9"><span class='ocrx_word' id='word_1_832' title='bbox 1267 2797 1323 2834; x_wconf 75' lang='grc' dir='ltr'>τὴν</span> <span class='ocrx_word' id='word_1_833' title='bbox 1343 2796 1452 2838; x_wconf 87' lang='grc' dir='ltr'>χώραν</span> <span class='ocrx_word' id='word_1_834' title='bbox 1464 2820 1473 2836; x_wconf 83' lang='grc'>,</span> <span class='ocrx_word' id='word_1_835' title='bbox 1496 2793 1543 2828; x_wconf 79' lang='grc' dir='ltr'>ὅτ’</span> <span class='ocrx_word' id='word_1_836' title='bbox 1561 2795 1718 2834; x_wconf 83' lang='grc' dir='ltr'>ἐπλανήθη</span> <span class='ocrx_word' id='word_1_837' title='bbox 1737 2799 1792 2835; x_wconf 87' lang='grc' dir='ltr'>τῆς</span> <span class='ocrx_word' id='word_1_838' title='bbox 1813 2794 1917 2836; x_wconf 86' lang='grc' dir='ltr'>Κόρης</span> <span class='ocrx_word' id='word_1_839' title='bbox 1934 2793 2147 2835; x_wconf 87' lang='grc' dir='ltr'>ἁρπασθείσης</span> <span class='ocrx_word' id='word_1_840' title='bbox 2160 2817 2169 2834; x_wconf 90' lang='grc'>,</span> <span class='ocrx_word' id='word_1_841' title='bbox 2186 2794 2241 2826; x_wconf 87' lang='grc' dir='ltr'>καὶ</span> <span class='ocrx_word' id='word_1_842' title='bbox 2255 2794 2330 2836; x_wconf 87' lang='grc' dir='ltr'>πρὸς</span> 
     </span>
     <span class='ocr_line' id='line_1_107' title="bbox 1268 2841 2330 2885; baseline -0.002 -10"><span class='ocrx_word' id='word_1_843' title='bbox 1268 2844 1339 2880; x_wconf 80' lang='grc' dir='ltr'>τοὺς</span> <span class='ocrx_word' id='word_1_844' title='bbox 1352 2843 1522 2885; x_wconf 79' lang='grc' dir='ltr'>προγόνους</span> <span class='ocrx_word' id='word_1_845' title='bbox 1545 2844 1636 2883; x_wconf 83' lang='grc' dir='ltr'>ἡμῶν</span> <span class='ocrx_word' id='word_1_846' title='bbox 1653 2843 1790 2884; x_wconf 79' lang='grc' dir='ltr'>εὐμενῶς</span> <span class='ocrx_word' id='word_1_847' title='bbox 1808 2841 2001 2880; x_wconf 84' lang='grc' dir='ltr'>διατεθείσης</span> <span class='ocrx_word' id='word_1_848' title='bbox 2014 2841 2050 2874; x_wconf 86' lang='grc' dir='ltr'>ἐκ</span> <span class='ocrx_word' id='word_1_849' title='bbox 2065 2845 2129 2874; x_wconf 89' lang='grc' dir='ltr'>τῶν</span> <span class='ocrx_word' id='word_1_850' title='bbox 2146 2841 2330 2883; x_wconf 84' lang='grc' dir='ltr'>εὐεργεσιῶν</span> 
     </span>
     <span class='ocr_line' id='line_1_108' title="bbox 1269 2888 2330 2933; baseline -0.003 -10"><span class='ocrx_word' id='word_1_851' title='bbox 1269 2891 1306 2928; x_wconf 82' lang='grc' dir='ltr'>ἃς</span> <span class='ocrx_word' id='word_1_852' title='bbox 1324 2890 1384 2933; x_wconf 90' lang='grc' dir='ltr'>οὐχ</span> <span class='ocrx_word' id='word_1_853' title='bbox 1399 2891 1465 2923; x_wconf 82' lang='grc' dir='ltr'>οἷόν</span> <span class='ocrx_word' id='word_1_854' title='bbox 1481 2890 1509 2923; x_wconf 86' lang='grc' dir='ltr'>τ’</span> <span class='ocrx_word' id='word_1_855' title='bbox 1524 2890 1628 2929; x_wconf 81' lang='grc' dir='ltr'>ἄλλοις</span> <span class='ocrx_word' id='word_1_856' title='bbox 1640 2892 1660 2929; x_wconf 84' lang='grc' dir='ltr'>ἢ</span> <span class='ocrx_word' id='word_1_857' title='bbox 1673 2894 1737 2928; x_wconf 86' lang='grc' dir='ltr'>τοῖς</span> <span class='ocrx_word' id='word_1_858' title='bbox 1755 2891 1963 2933; x_wconf 87' lang='grc' dir='ltr'>μεμυημένοις</span> <span class='ocrx_word' id='word_1_859' title='bbox 1979 2888 2105 2921; x_wconf 87' lang='grc' dir='ltr'>ἀκούειν</span> <span class='ocrx_word' id='word_1_860' title='bbox 2118 2914 2127 2929; x_wconf 90' lang='grc'>,</span> <span class='ocrx_word' id='word_1_861' title='bbox 2141 2890 2195 2921; x_wconf 84' lang='grc' dir='ltr'>καὶ</span> <span class='ocrx_word' id='word_1_862' title='bbox 2216 2888 2330 2926; x_wconf 87' lang='grc' dir='ltr'>δούσης</span> 
     </span>
     <span class='ocr_line' id='line_1_109' title="bbox 1268 2935 2329 2982; baseline -0.005 -10"><span class='ocrx_word' id='word_1_863' title='bbox 1268 2940 1386 2982; x_wconf 83' lang='grc' dir='ltr'>δωρεὰς</span> <span class='ocrx_word' id='word_1_864' title='bbox 1400 2940 1493 2981; x_wconf 86' lang='grc' dir='ltr'>αἵπερ</span> <span class='ocrx_word' id='word_1_865' title='bbox 1507 2939 1653 2982; x_wconf 85' lang='grc' dir='ltr'>μέγισται</span> <span class='ocrx_word' id='word_1_866' title='bbox 1669 2939 1880 2981; x_wconf 86' lang='grc' dir='ltr'>τυγχάνουσιν</span> <span class='ocrx_word' id='word_1_867' title='bbox 1902 2937 1995 2970; x_wconf 81' lang='grc' dir='ltr'>οὖσαι</span> <span class='ocrx_word' id='word_1_868' title='bbox 2008 2960 2018 2977; x_wconf 92' lang='grc'>,</span> <span class='ocrx_word' id='word_1_869' title='bbox 2036 2936 2108 2974; x_wconf 86' lang='grc' dir='ltr'>τούς</span> <span class='ocrx_word' id='word_1_870' title='bbox 2120 2948 2154 2969; x_wconf 87' lang='grc' dir='ltr'>τε</span> <span class='ocrx_word' id='word_1_871' title='bbox 2172 2935 2329 2978; x_wconf 85' lang='grc' dir='ltr'>καρπούς,</span> 
     </span>
     <span class='ocr_line' id='line_1_110' title="bbox 1269 2984 2330 3030; baseline -0.006 -10"><span class='ocrx_word' id='word_1_872' title='bbox 1269 2989 1299 3021; x_wconf 89' lang='grc' dir='ltr'>οἳ</span> <span class='ocrx_word' id='word_1_873' title='bbox 1316 2990 1372 3020; x_wconf 80' lang='grc' dir='ltr'>τοῦ</span> <span class='ocrx_word' id='word_1_874' title='bbox 1391 2988 1434 3029; x_wconf 84' lang='grc' dir='ltr'>μή</span> <span class='ocrx_word' id='word_1_875' title='bbox 1455 2988 1616 3030; x_wconf 86' lang='grc' dir='ltr'>θηριωδῶς</span> <span class='ocrx_word' id='word_1_876' title='bbox 1630 2990 1683 3030; x_wconf 84' lang='grc' dir='ltr'>ζῇν</span> <span class='ocrx_word' id='word_1_877' title='bbox 1700 2989 1783 3029; x_wconf 77' lang='grc' dir='ltr'>ἡμᾶς</span> <span class='ocrx_word' id='word_1_878' title='bbox 1805 2986 1900 3020; x_wconf 77' lang='grc' dir='ltr'>αἴτιοι</span> <span class='ocrx_word' id='word_1_879' title='bbox 1917 2985 2086 3027; x_wconf 88' lang='grc' dir='ltr'>γεγόνασι,</span> <span class='ocrx_word' id='word_1_880' title='bbox 2101 2984 2156 3017; x_wconf 88' lang='grc' dir='ltr'>καὶ</span> <span class='ocrx_word' id='word_1_881' title='bbox 2176 2984 2232 3022; x_wconf 79' lang='grc' dir='ltr'>τὴν</span> <span class='ocrx_word' id='word_1_882' title='bbox 2247 2984 2330 3015; x_wconf 86' lang='grc' dir='ltr'>τελε-</span> 
     </span>
     <span class='ocr_line' id='line_1_111' title="bbox 1268 3032 2330 3078; baseline -0.006 -10"><span class='ocrx_word' id='word_1_883' title='bbox 1268 3036 1325 3074; x_wconf 78' lang='grc' dir='ltr'>τὴν</span> <span class='ocrx_word' id='word_1_884' title='bbox 1339 3059 1348 3075; x_wconf 90' lang='grc'>,</span> <span class='ocrx_word' id='word_1_885' title='bbox 1368 3034 1405 3075; x_wconf 86' lang='grc' dir='ltr'>ἧς</span> <span class='ocrx_word' id='word_1_886' title='bbox 1434 3037 1464 3067; x_wconf 86' lang='grc' dir='ltr'>οἱ</span> <span class='ocrx_word' id='word_1_887' title='bbox 1481 3034 1689 3077; x_wconf 86' lang='grc' dir='ltr'>μετασχόντες</span> <span class='ocrx_word' id='word_1_888' title='bbox 1713 3034 1783 3077; x_wconf 89' lang='grc' dir='ltr'>περί</span> <span class='ocrx_word' id='word_1_889' title='bbox 1808 3045 1842 3067; x_wconf 92' lang='grc' dir='ltr'>τε</span> <span class='ocrx_word' id='word_1_890' title='bbox 1859 3037 1915 3073; x_wconf 88' lang='grc' dir='ltr'>τῆς</span> <span class='ocrx_word' id='word_1_891' title='bbox 1930 3037 1987 3078; x_wconf 71' lang='grc' dir='ltr'>τού</span> <span class='ocrx_word' id='word_1_892' title='bbox 2023 3032 2094 3075; x_wconf 87' lang='grc' dir='ltr'>βίου</span> <span class='ocrx_word' id='word_1_893' title='bbox 2110 3032 2253 3070; x_wconf 86' lang='grc' dir='ltr'>τελευτῆς</span> <span class='ocrx_word' id='word_1_894' title='bbox 2276 3032 2330 3063; x_wconf 87' lang='grc' dir='ltr'>καὶ</span> 
     </span>
     <span class='ocr_line' id='line_1_112' title="bbox 1269 3079 2330 3125; baseline -0.006 -9"><span class='ocrx_word' id='word_1_895' title='bbox 1269 3087 1325 3116; x_wconf 83' lang='grc' dir='ltr'>τοῦ</span> <span class='ocrx_word' id='word_1_896' title='bbox 1344 3083 1528 3125; x_wconf 85' lang='grc' dir='ltr'>σύμπαντος</span> <span class='ocrx_word' id='word_1_897' title='bbox 1545 3083 1660 3120; x_wconf 80' lang='grc' dir='ltr'>αἰῶνος</span> <span class='ocrx_word' id='word_1_898' title='bbox 1681 3082 1787 3121; x_wconf 85' lang='grc' dir='ltr'>ἡδίους</span> <span class='ocrx_word' id='word_1_899' title='bbox 1809 3082 1866 3119; x_wconf 82' lang='grc' dir='ltr'>τὰς</span> <span class='ocrx_word' id='word_1_900' title='bbox 1886 3080 2012 3118; x_wconf 85' lang='grc' dir='ltr'>ἐλπίδας</span> <span class='ocrx_word' id='word_1_901' title='bbox 2029 3081 2176 3123; x_wconf 85' lang='grc' dir='ltr'>ἔχουσιν,</span> <span class='ocrx_word' id='word_1_902' title='bbox 2195 3079 2295 3115; x_wconf 81' lang='grc' dir='ltr'>οὕτως</span> <span class='ocrx_word' id='word_1_903' title='bbox 2310 3079 2330 3116; x_wconf 83' lang='grc' dir='ltr'>ἡ</span> 
     </span>
     <span class='ocr_line' id='line_1_113' title="bbox 1269 3126 2329 3173; baseline -0.006 -9"><span class='ocrx_word' id='word_1_904' title='bbox 1269 3131 1358 3169; x_wconf 87' lang='grc' dir='ltr'>πόλις</span> <span class='ocrx_word' id='word_1_905' title='bbox 1380 3133 1471 3173; x_wconf 84' lang='grc' dir='ltr'>ἡμῶν</span> <span class='ocrx_word' id='word_1_906' title='bbox 1485 3132 1522 3163; x_wconf 89' lang='grc' dir='ltr'>οὐ</span> <span class='ocrx_word' id='word_1_907' title='bbox 1546 3130 1640 3172; x_wconf 84' lang='grc' dir='ltr'>μόνον</span> <span class='ocrx_word' id='word_1_908' title='bbox 1658 3131 1805 3172; x_wconf 84' lang='grc' dir='ltr'>θεοφιλῶς</span> <span class='ocrx_word' id='word_1_909' title='bbox 1822 3130 1901 3162; x_wconf 86' lang='grc' dir='ltr'>ἀλλὰ</span> <span class='ocrx_word' id='word_1_910' title='bbox 1915 3129 1968 3161; x_wconf 87' lang='grc' dir='ltr'>καὶ</span> <span class='ocrx_word' id='word_1_911' title='bbox 1983 3128 2206 3170; x_wconf 86' lang='grc' dir='ltr'>φιλανθρώπως</span> <span class='ocrx_word' id='word_1_912' title='bbox 2216 3126 2309 3168; x_wconf 84' lang='grc' dir='ltr'>ἔσχεν</span> <span class='ocrx_word' id='word_1_913' title='bbox 2320 3150 2329 3166; x_wconf 88' lang='grc'>,</span> 
     </span>
     <span class='ocr_line' id='line_1_114' title="bbox 1272 3174 2332 3222; baseline -0.006 -11"><span class='ocrx_word' id='word_1_914' title='bbox 1272 3180 1356 3211; x_wconf 87' lang='grc' dir='ltr'>ὥστε</span> <span class='ocrx_word' id='word_1_915' title='bbox 1372 3178 1465 3222; x_wconf 89' lang='grc' dir='ltr'>κυρία</span> <span class='ocrx_word' id='word_1_916' title='bbox 1484 3179 1635 3220; x_wconf 85' lang='grc' dir='ltr'>γενομένη</span> <span class='ocrx_word' id='word_1_917' title='bbox 1654 3178 1806 3211; x_wconf 88' lang='grc' dir='ltr'>τοιούτων</span> <span class='ocrx_word' id='word_1_918' title='bbox 1841 3177 1970 3218; x_wconf 85' lang='grc' dir='ltr'>ἀγαθῶν</span> <span class='ocrx_word' id='word_1_919' title='bbox 1996 3176 2056 3208; x_wconf 85' lang='grc' dir='ltr'>οὐκ</span> <span class='ocrx_word' id='word_1_920' title='bbox 2089 3174 2240 3216; x_wconf 68' lang='grc' dir='ltr'>ἐφθόνησε</span> <span class='ocrx_word' id='word_1_921' title='bbox 2267 3177 2332 3211; x_wconf 84' lang='grc' dir='ltr'>τοῖς</span> 
     </span>
     <span class='ocr_line' id='line_1_115' title="bbox 1270 3226 1992 3268; baseline -0.004 -9"><span class='ocrx_word' id='word_1_922' title='bbox 1270 3228 1374 3266; x_wconf 86' lang='grc' dir='ltr'>ἄλλοις</span> <span class='ocrx_word' id='word_1_923' title='bbox 1385 3252 1393 3267; x_wconf 85' lang='grc'>,</span> <span class='ocrx_word' id='word_1_924' title='bbox 1411 3226 1478 3260; x_wconf 83' lang='grc' dir='ltr'>ἀλλ’</span> <span class='ocrx_word' id='word_1_925' title='bbox 1494 3228 1538 3260; x_wconf 88' lang='grc' dir='ltr'>ὢν</span> <span class='ocrx_word' id='word_1_926' title='bbox 1561 3228 1669 3260; x_wconf 76' lang='grc' dir='ltr'>ἒλαὸεν</span> <span class='ocrx_word' id='word_1_927' title='bbox 1688 3226 1792 3259; x_wconf 87' lang='grc' dir='ltr'>ἅπασι</span> <span class='ocrx_word' id='word_1_928' title='bbox 1806 3227 1992 3268; x_wconf 84' lang='grc' dir='ltr'>μετέδωκεν.</span> 
     </span>
    </p>

    <p class='ocr_par' dir='ltr' id='par_1_24' title="bbox 1270 3282 2331 3566">
     <span class='ocr_line' id='line_1_116' title="bbox 1315 3282 2330 3327; baseline -0.008 -9"><span class='ocrx_word' id='word_1_929' title='bbox 1315 3285 1360 3327; x_wconf 78' lang='grc'>(4)</span> <span class='ocrx_word' id='word_1_930' title='bbox 1383 3286 1543 3327; x_wconf 86' lang='lat' dir='ltr'>Diogenes</span> <span class='ocrx_word' id='word_1_931' title='bbox 1578 3286 1722 3319; x_wconf 83' lang='lat' dir='ltr'>Laertius</span> <span class='ocrx_word' id='word_1_932' title='bbox 1747 3287 1889 3318; x_wconf 90' lang='lat' dir='ltr'>Prooem.</span> <span class='ocrx_word' id='word_1_933' title='bbox 1919 3286 1938 3316; x_wconf 88' lang='lat'>3</span> <span class='ocrx_word' id='word_1_934' title='bbox 1958 3291 1965 3311; x_wconf 87' lang='lat'>=</span> <span class='ocrx_word' id='word_1_935' title='bbox 1997 3283 2116 3315; x_wconf 85' lang='grc' dir='ltr'>Τοῦτον</span> <span class='ocrx_word' id='word_1_936' title='bbox 2149 3282 2330 3318; x_wconf 83' lang='grc' dir='ltr'>τελευτῆσαι</span> 
     </span>
     <span class='ocr_line' id='line_1_117' title="bbox 1270 3327 2331 3376; baseline -0.008 -10"><span class='ocrx_word' id='word_1_937' title='bbox 1270 3334 1424 3375; x_wconf 83' lang='grc' dir='ltr'>Φαληροῖ,</span> <span class='ocrx_word' id='word_1_938' title='bbox 1452 3334 1506 3366; x_wconf 82' lang='grc' dir='ltr'>καὶ</span> <span class='ocrx_word' id='word_1_939' title='bbox 1531 3334 1618 3375; x_wconf 85' lang='grc' dir='ltr'>αὐτῷ</span> <span class='ocrx_word' id='word_1_940' title='bbox 1635 3333 1857 3376; x_wconf 84' lang='grc' dir='ltr'>ἐπιγεγράφθαι</span> <span class='ocrx_word' id='word_1_941' title='bbox 1870 3331 1940 3364; x_wconf 88' lang='grc' dir='ltr'>τόδε</span> <span class='ocrx_word' id='word_1_942' title='bbox 1954 3330 1989 3362; x_wconf 88' lang='grc' dir='ltr'>τὸ</span> <span class='ocrx_word' id='word_1_943' title='bbox 2004 3330 2146 3370; x_wconf 86' lang='grc' dir='ltr'>ἐλεγεῖον·</span> <span class='ocrx_word' id='word_1_944' title='bbox 2163 3327 2331 3368; x_wconf 87' lang='grc' dir='ltr'>Εὐμόλπου</span> 
     </span>
     <span class='ocr_line' id='line_1_118' title="bbox 1271 3376 2328 3421; baseline -0.008 -8"><span class='ocrx_word' id='word_1_945' title='bbox 1271 3381 1358 3421; x_wconf 80' lang='grc' dir='ltr'>φίλον</span> <span class='ocrx_word' id='word_1_946' title='bbox 1372 3382 1439 3414; x_wconf 83' lang='grc' dir='ltr'>υἱὸν</span> <span class='ocrx_word' id='word_1_947' title='bbox 1456 3383 1527 3414; x_wconf 86' lang='grc' dir='ltr'>κτλ.</span> <span class='ocrx_word' id='word_1_948' title='bbox 1553 3381 1656 3413; x_wconf 91' lang='lat' dir='ltr'>Paulo</span> <span class='ocrx_word' id='word_1_949' title='bbox 1675 3381 1767 3413; x_wconf 85' lang='lat' dir='ltr'>aliter</span> <span class='ocrx_word' id='word_1_950' title='bbox 1787 3379 1965 3413; x_wconf 86' lang='lat' dir='ltr'>Pausanias</span> <span class='ocrx_word' id='word_1_951' title='bbox 1992 3377 2046 3409; x_wconf 91' lang='lat' dir='ltr'>lib.</span> <span class='ocrx_word' id='word_1_952' title='bbox 2068 3379 2079 3409; x_wconf 88' lang='lat'><em>1</em></span> <span class='ocrx_word' id='word_1_953' title='bbox 2103 3384 2174 3416; x_wconf 88' lang='lat' dir='ltr'>cap.</span> <span class='ocrx_word' id='word_1_954' title='bbox 2202 3379 2254 3413; x_wconf 84' lang='lat'>25,</span> <span class='ocrx_word' id='word_1_955' title='bbox 2282 3376 2299 3405; x_wconf 84' lang='lat'><strong>7</strong></span> <span class='ocrx_word' id='word_1_956' title='bbox 2320 3384 2328 3405; x_wconf 72' lang='grc' dir='ltr'><strong>ε</strong></span> 
     </span>
     <span class='ocr_line' id='line_1_119' title="bbox 1273 3423 2331 3469; baseline -0.009 -9"><span class='ocrx_word' id='word_1_957' title='bbox 1273 3429 1365 3460; x_wconf 82' lang='grc' dir='ltr'>Ἐστι</span> <span class='ocrx_word' id='word_1_958' title='bbox 1394 3428 1426 3460; x_wconf 88' lang='grc' dir='ltr'>δὲ</span> <span class='ocrx_word' id='word_1_959' title='bbox 1455 3429 1541 3465; x_wconf 87' lang='grc' dir='ltr'>ἐντὸς</span> <span class='ocrx_word' id='word_1_960' title='bbox 1568 3432 1624 3460; x_wconf 82' lang='grc' dir='ltr'>τοῦ</span> <span class='ocrx_word' id='word_1_961' title='bbox 1654 3427 1820 3469; x_wconf 77' lang='grc' dir='ltr'>περιὸόλου</span> <span class='ocrx_word' id='word_1_962' title='bbox 1849 3429 1905 3458; x_wconf 81' lang='grc' dir='ltr'>τοῦ</span> <span class='ocrx_word' id='word_1_963' title='bbox 1939 3423 2071 3466; x_wconf 81' lang='grc' dir='ltr'>ἀρχαίου</span> <span class='ocrx_word' id='word_1_964' title='bbox 2096 3423 2132 3454; x_wconf 85' lang='grc' dir='ltr'>τὸ</span> <span class='ocrx_word' id='word_1_965' title='bbox 2158 3423 2331 3457; x_wconf 84' lang='grc' dir='ltr'>Μουσεῖον,</span> 
     </span>
     <span class='ocr_line' id='line_1_120' title="bbox 1272 3466 2330 3517; baseline -0.009 -9"><span class='ocrx_word' id='word_1_966' title='bbox 1272 3476 1443 3517; x_wconf 66' lang='grc' dir='ltr'>ἀπαντικρὺ</span> <span class='ocrx_word' id='word_1_967' title='bbox 1458 3480 1511 3514; x_wconf 83' lang='grc' dir='ltr'>τῆς</span> <span class='ocrx_word' id='word_1_968' title='bbox 1534 3475 1740 3517; x_wconf 82' lang='grc' dir='ltr'>ἀκροπόλεως</span> <span class='ocrx_word' id='word_1_969' title='bbox 1761 3474 1870 3514; x_wconf 73' lang='grc' dir='ltr'>λόφος,</span> <span class='ocrx_word' id='word_1_970' title='bbox 1892 3473 1964 3504; x_wconf 77' lang='grc' dir='ltr'>ἔνθα</span> <span class='ocrx_word' id='word_1_971' title='bbox 1985 3473 2148 3504; x_wconf 81' lang='grc' dir='ltr'>Μουσαῖον</span> <span class='ocrx_word' id='word_1_972' title='bbox 2165 3468 2248 3510; x_wconf 84' lang='grc' dir='ltr'>ᾄδειν</span> <span class='ocrx_word' id='word_1_973' title='bbox 2274 3466 2330 3499; x_wconf 79' lang='grc' dir='ltr'>καὶ</span> 
     </span>
     <span class='ocr_line' id='line_1_121' title="bbox 1273 3523 1890 3566; baseline -0.006 -10"><span class='ocrx_word' id='word_1_974' title='bbox 1273 3523 1470 3557; x_wconf 82' lang='grc' dir='ltr'>ἀποθανόντα</span> <span class='ocrx_word' id='word_1_975' title='bbox 1485 3525 1567 3566; x_wconf 79' lang='grc' dir='ltr'>γήρᾳ</span> <span class='ocrx_word' id='word_1_976' title='bbox 1586 3528 1719 3566; x_wconf 76' lang='grc' dir='ltr'>ταφῆναι</span> <span class='ocrx_word' id='word_1_977' title='bbox 1735 3523 1890 3563; x_wconf 86' lang='grc' dir='ltr'>λέγουσιν.</span> 
     </span>
    </p>
   </div>
  </div>
 </body>
</html>
