2612 3814
415 499 445 549 ij
1159 500 1451 539 PRAEFATm.

414 585 641 651 polienda
662 586 872 650 reliquit.
903 588 1070 634 Postea
1097 604 1212 634 vero
1232 623 1244 648 ,
1268 599 1431 635 nostra
1467 589 1772 654 potissimum
1798 594 2031 640 memoria
2066 593 2198 642 haud

415 669 555 732 pauci
588 669 717 732 iique
749 668 1013 715 doctissimi
1051 670 1140 716 viri
1179 669 1239 717 ad
1275 670 1377 717 haec
1407 671 1562 718 studia
1604 672 1953 734 incubuerunt,
1998 676 2195 723 Brandi·

415 751 537 811 sius,
565 752 834 810 Boeckffius,
858 751 1342 810 Scffleiermacherus,
1370 754 1609 818 Bergkius,
1630 755 1883 816 Prellerus,
1901 760 2196 817 Karstenius,

414 835 649 894 Sturzius‚
680 835 1071 895 Schaubachius‚
1102 837 1502 905 Wyttenbachius
1522 874 1534 898 ,
1566 838 1645 886 alii
1668 840 1751 903 qui
1777 840 2079 903 singulorum
2104 842 2191 889 fra-

413 918 654 981 gminibus
681 918 967 981 castigandis
995 919 1385 984 explicandisque
1419 920 1479 968 de
1501 922 1699 986 antiqua
1733 922 2043 988 philosophia
2077 923 2202 972 bene

413 1011 710 1047 meruerunt.
735 1004 956 1058 Quorum
973 1002 1178 1064 vestigiis
1200 1002 1438 1066 ingressus
1451 1004 1553 1069 ipse
1573 1021 1702 1051 anno
1723 1004 1840 1062 1843
1862 1007 2125 1053 Democriti
2144 1006 2203 1053 li-

412 1083 614 1130 brorum
638 1084 860 1148 reliquias
887 1085 1021 1131 emisi
1055 1101 1110 1131 ac
1137 1083 1256 1142 1845
1279 1086 1540 1134 Aristotelis
1567 1087 1627 1134 de
1663 1088 1876 1148 Melisso,
1901 1089 2204 1154 Xenophane

411 1175 458 1212 et
479 1167 656 1229 Gorgia
687 1167 1037 1232 disputationes
1059 1185 1171 1214 cum
1194 1168 1514 1216 Eleaticorum
1533 1170 1942 1235 philosophorum
1968 1171 2201 1236 fragmen·

412 1251 469 1297 tis
488 1262 536 1297 et
557 1250 708 1297 Ocelli
731 1252 938 1311 Lucani,
962 1252 1046 1315 qui
1067 1252 1233 1311 fertur,
1263 1252 1323 1300 de
1349 1254 1558 1300 universi
1586 1264 1757 1301 natura
1782 1254 1949 1302 libello
1977 1257 2199 1304 recensui

414 1343 560 1398 atque
583 1334 924 1399 interpretatus
945 1352 1070 1382 sum.
1098 1335 1232 1383 Adde
1266 1336 1399 1400 quod
1426 1338 1722 1394 Quaestiones
1743 1339 2091 1403 Empedocleas
2117 1343 2200 1388 Be-

415 1417 558 1463 rolini
588 1418 725 1464 annis
767 1417 888 1465 1850
922 1428 970 1465 et
1008 1417 1129 1466 1853
1162 1419 1344 1484 publici
1378 1420 1500 1483 juris
1539 1420 1642 1467 seci.
1678 1421 1960 1486 Eodemque
1988 1432 2202 1488 tempore

413 1502 647 1549 Hieroclis
682 1503 730 1549 in
766 1519 966 1550 aureum
994 1503 1406 1567 Pythagoreorum
1432 1521 1626 1551 carmen
1649 1507 2049 1553 commentarium
2072 1524 2205 1555 reco-

411 1585 555 1647 gnovi
583 1595 727 1649 atque
757 1586 1008 1633 illustravi.
1032 1587 1124 1634 Sed
1150 1603 1295 1634 nemo
1316 1588 1540 1635 inventus
1568 1598 1639 1635 est
1673 1589 1757 1653 qui
1786 1591 1951 1637 omnia
1987 1590 2204 1655 philoso-

411 1667 624 1732 phorum
658 1669 786 1716 dicta
814 1679 861 1716 et
890 1663 1153 1733 fragmenta
1181 1687 1268 1735 per
1301 1671 1457 1718 varios
1487 1673 1745 1736 scriptores
1775 1690 1938 1738 sparsa
1973 1691 2123 1721 unum
2157 1675 2203 1721 in

412 1767 592 1816 corpus
614 1751 863 1815 redegerit.
892 1756 1010 1800 Nam
1033 1754 1116 1818 qui
1143 1754 1296 1818 majus
1324 1754 1443 1819 quid
1470 1754 1759 1802 moliebatur
1788 1759 1862 1803 Jo.
1891 1759 2034 1803 Conr.
2066 1757 2204 1804 Orel-

412 1834 505 1882 lius
525 1835 594 1899 (2)
616 1835 817 1882 moralia
839 1845 886 1883 et
910 1835 1106 1901 politica
1132 1847 1348 1884 veterum
1374 1836 1651 1885 Graecorum
1678 1847 1781 1884 tum
1808 1840 2204 1888 commentariola

413 1928 517 1965 tum
539 1918 950 1982 apophthegmata
965 1935 1013 1966 se
1034 1919 1394 1983 divulgaturum
1411 1920 1653 1986 pollicitus
1675 1922 1922 1986 promissis
1942 1939 2040 1969 non
2056 1923 2202 1983 stetit,

412 2000 494 2047 sed
514 2001 654 2064 jactis
675 2001 1002 2049 fundamentis
1019 2004 1154 2068 operi
1182 2003 1411 2050 inchoato
1441 2004 1677 2066 fastigium
1700 2021 1797 2050 non
1822 2005 2072 2069 imposuit.
2100 2009 2204 2053 Huc

413 2084 597 2131 accedit
622 2084 755 2149 quod
782 2085 938 2132 aliena
971 2102 1078 2150 quae
1097 2086 1232 2133 nullo
1258 2103 1370 2133 cum
1403 2086 1639 2134 lectorum
1662 2085 1842 2134 damno
1874 2089 2027 2136 omitti
2063 2099 2200 2155 pote·
2251 2113 2254 2116 ·

412 2177 519 2213 rant
545 2167 808 2214 moralibus
834 2168 1080 2232 opusculis
1100 2169 1318 2215 inseruit.

477 2253 641 2308 Quum
675 2251 819 2313 igitur
849 2251 1125 2298 Ambrosius
1164 2252 1402 2298 Firminus
1441 2253 1612 2313 Didot,
1657 2253 1948 2300 clarissimus
1975 2254 2200 2318 antiqua-

348 2338 358 2346 '
413 2350 519 2379 rum
571 2333 839 2380 litterarum
892 2334 1309 2399 ingenuarumque
1366 2336 1543 2383 artium
1594 2336 1752 2383 fautor
1804 2346 1851 2383 et
1897 2337 2111 2396 antistes,
2156 2338 2204 2384 in

418 2415 763 2463 Bibliotheca'm
806 2419 1019 2464 Graecam
1078 2434 1104 2464 a
1146 2434 1195 2464 se
1241 2418 1418 2466 editam
1469 2419 1879 2485 philosophorum
1929 2422 2206 2467 Graecorum

418 2500 678 2561 fragmenta
702 2501 914 2565 recipere
940 2499 1108 2560 vellet,
1147 2517 1235 2564 ego
1270 2501 1366 2548 hoc
1405 2502 1571 2550 labore
1595 2503 1696 2567 jam
1726 2503 1934 2550 maxima
1963 2519 2018 2549 ex
2063 2513 2200 2568 parte

419 2582 699 2646 perfunctus
732 2583 950 2647 ,primum
982 2584 1146 2631 statim
1185 2583 1412 2632 volumen
1449 2585 1584 2651 prelo
1620 2585 1820 2649 subjeci.
1862 2590 1914 2633 In
1950 2603 2048 2650 quo
2087 2586 2205 2650 quid

417 2666 750 2731 praestiterim,
795 2676 846 2712 ut
889 2667 1121 2714 aestimare
1166 2669 1341 2715 veteris
1385 2669 1628 2734 sapientiae
1674 2668 1875 2716 studiosi
1916 2668 2052 2716 facile
2093 2685 2206 2733 pos-

418 2749 510 2795 sint
530 2784 542 2808 ,
570 2748 734 2812 paucis
765 2748 883 2794 mihi
907 2748 968 2796 de
988 2750 1191 2797 instituti
1228 2751 1321 2798 mei
1343 2752 1529 2799 ratione
1563 2751 1836 2816 edendique
1867 2751 1978 2798 libri
2006 2750 2208 2798 consilio

418 2830 754 2878 disserendum
783 2841 867 2878 est.
889 2832 1104 2879 Primum
1124 2833 1173 2880 id
1204 2835 1443 2899 spectavi,
1469 2845 1522 2882 ut
1543 2852 1598 2883 ex
1622 2834 1851 2882 omnibus
1871 2835 1954 2898 qui
1980 2835 2027 2880 in
2050 2833 2206 2880 lucem

421 2915 591 2979 prolati
612 2925 726 2961 sunt
749 2915 1064 2979 scriptoribus
1087 2917 1247 2979 graecis
1262 2916 1330 2981 (3)
1349 2917 1759 2983 philosophorum
1776 2917 2008 2981 reliquias
2033 2933 2209 2980 conge-

422 3015 594 3046 rerem.
619 3001 723 3057 Qua
750 2998 797 3044 in
824 3014 876 3045 re
896 3015 994 3045 non
1025 2998 1173 3046 modo
1195 3001 1403 3064 optimas
1421 3000 1658 3048 editiones
1678 3001 1889 3066 inspexi,
1919 2999 2003 3047 sed
2036 2998 2209 3046 sedulo

452 3186 498 3230 (¹1)
514 3187 587 3221 Vid.
609 3188 700 3230 praef.
719 3187 760 3220 ad
774 3190 900 3230 opusc.
923 3190 1004 3221 vett.
1023 3189 1129 3222 Graec.
1147 3188 1343 3221 sententiosa
1355 3190 1387 3222 et
1399 3190 1533 3222 moralia
1547 3190 1627 3222 tom.
1650 3190 1662 3222 Ι
1680 3196 1712 3230 p.
1730 3189 1805 3221 XX.
1833 3187 1948 3229 Lipsiae
1967 3190 2064 3221 1819.

455 3250 498 3288 (3)
522 3250 603 3281 Nam
619 3248 746 3281 abditos
763 3249 868 3282 tontes
882 3249 914 3282 et
932 3248 1074 3282 ineditos
1090 3247 1190 3280 libros
1206 3247 1296 3281 adire
1318 3249 1398 3281 mihi
1418 3258 1483 3282 non
1503 3248 1608 3283 licuit.
