2612 3814
328 245 402 278 ⁴82

324 329 361 366 οὐ
381 327 438 366 τὸν
453 327 531 367 ὅλον
547 327 727 380 ἄνθρωπον
747 327 979 378 καθαίρει.
1037 328 1153 367 Πάλιν
1173 329 1202 367 δ’
1223 323 1267 367 αὗ
1287 330 1305 367 6
1320 332 1381 368 τοῦ

322 386 487 438 σώματος
515 387 671 438 οἰόμενος
701 388 771 425 δεῖν
804 387 1050 437 ἐπιμελεῖσθαι
1081 387 1191 439 χωρὶς
1219 389 1281 435 τῆς
1308 390 1383 440 ψυ-

321 449 410 499 χῆς,
434 446 457 494 ἢ
481 447 542 491 τὰς
556 450 616 486 τοῦ
640 445 805 498 σώματος
835 446 1023 499 θεραπείας
1041 447 1260 486 συντελέσειν
1278 463 1311 485 τι
1337 451 1380 500 τῇ

320 508 441 560 ψυχῇ
474 504 585 557 μηδὲν
618 506 662 544 δι’
694 508 820 554 ἑαυτῆς
852 505 1169 559 καθαιρομένῃ
1188 536 1198 554 ,
1234 506 1272 545 τὸ
1295 507 1381 545 αὐτὸ

320 566 565 618 διαμαρτάνει.
601 565 646 606 Ὁ
668 564 703 604 δὲ
722 566 764 604 δι’
785 565 993 619 ἀμφοτέρων
1004 566 1141 610 οἰκείως
1153 566 1285 619 προϊὼν
1303 565 1382 610 ὅλος

320 627 540 674 τελειοῦται,
562 625 729 665 καὶκατὰ
751 629 851 665 τοῦτο
873 625 1087 665 συνάπτεται
1113 629 1155 677 τῇ
1183 628 1252 664 τῶν
1276 627 1379 678 ἱερῶν

317 685 425 740 τέχνῃ
441 689 464 734 ἡ
485 685 668 738 φιλοσοφία
680 687 746 734 ,ὡς
765 684 846 736 περὶ
867 683 931 732 τὴν
952 689 1011 723 τοῦ
1029 686 1229 738 αὖγοειδοῦς
1246 683 1380 736 κάθαρ-

318 761 371 784 σιν
386 744 719 797 πραγματευομένῃ·
735 745 777 792 ἣν
793 746 822 784 εἷ
837 744 1026 797 χωρίσειας
1039 749 1101 784 τοῦ
1114 744 1303 798 φιλοσόφου
1319 748 1378 784 νοῦ

317 806 378 844 οὐκ
402 805 454 844 ἔτι
475 805 538 852 τὴν
558 804 666 852 αὐτὴν
681 804 825 854 δύναμιν
848 804 999 858 ἔχουσαν
1026 804 1201 857 εὑρήσεις.
1222 803 1292 844 Καὶ
1310 806 1378 857 γὰρ

316 867 385 903 τῶν
406 864 706 916 συμπληρούντων
729 863 792 911 τὴν
811 863 988 917 ἡμετέραν
1010 865 1190 903 τελείωσιν
1209 863 1252 902 τὰ
1279 863 1341 915 μὲν
1360 867 1379 903 6

317 925 502 978 φιλόσοφος
525 929 600 968 νοῦς
621 923 828 977 προεξεῦρε,
850 923 894 962 τὰ
917 923 953 961 δὲ
969 926 991 970 ἡ
1013 922 1198 970 τελεστικὴ
1220 922 1376 975 ἐνέργεια

315 984 565 1036 συνεισήγαγε,
582 985 633 1036 τῷ
654 983 833 1037 φιλοσόφῳ
852 986 901 1036 νῷ
916 982 1088 1033 ἑπομένη.
1101 982 1321 1031 Τελεστικὴν
1342 982 1377 1022 δὲ

315 1044 489 1096 ἐνέργειαν
527 1042 621 1094 λέγω
654 1043 717 1089 τὴν
749 1046 810 1082 τοῦ
845 1044 1046 1095 αὐγοειδοῦς
1100 1042 1377 1096 καθαρτικὴν

314 1103 461 1153 δύναμιν
475 1134 485 1154 ,
507 1100 565 1140 ἵνα
590 1105 652 1150 τῆς
669 1101 752 1150 ὅλης
785 1102 990 1157 φιλοσοφίας
1013 1103 1049 1142 τὸ
1076 1102 1140 1153 μὲν
1161 1103 1374 1154 θεωρητικὸν

313 1165 535 1215 προηγῆται,
569 1165 616 1206 ὥς
648 1167 747 1210 νοῦς,
768 1163 808 1201 τὸ
829 1163 865 1202 δὲ
887 1163 1082 1215 πρακτικόν
1096 1195 1107 1215 ,
1129 1165 1176 1207 ὡς
1206 1162 1375 1213 δύναμις,

312 1222 457 1269 ἕπηται.
530 1223 602 1262 Τοῦ
619 1221 655 1260 δὲ
676 1225 874 1274 πρακτικοῦ
893 1222 953 1261 δύο
970 1225 1087 1275 θῶμεν
1110 1222 1185 1270 εἴδη
1204 1252 1214 1271 ,
1236 1223 1377 1261 πολιτι-

311 1281 372 1320 κὸν
391 1281 451 1320 καὶ
469 1282 680 1321 τελεστικόν·
700 1281 740 1321 τὸ
757 1281 820 1333 μὲν
837 1280 894 1321 διὰ
912 1284 982 1321 τῶν
1000 1283 1134 1336 ἀρετῶν
1150 1284 1214 1330 τ’ἤς
1232 1282 1377 1334 ἀλογίας

312 1343 549 1395 ἀποκαθαῖρον
570 1345 686 1393 ἡμᾶς,
708 1341 749 1382 τὸ
768 1341 804 1380 δὲ
822 1341 880 1380 διὰ
900 1344 969 1381 τῶν
999 1344 1102 1396 ἱερῶν
1132 1342 1288 1393 μεθόδων
1310 1343 1373 1387 τὰς

311 1402 433 1446 ὑλικὰς
460 1401 654 1453 φαντασίας
688 1401 899 1453 ἀποτέμνον,
959 1406 1100 1456 Δεῖγμα
1121 1403 1156 1441 δὲ
1175 1404 1212 1441 οὐ
1249 1402 1374 1455 μικρὸν

310 1462 372 1508 τῆς
393 1461 456 1512 μὲν
477 1463 662 1509 πολιτικῆς
683 1461 888 1515 φιλοσοφίας
907 1462 939 1500 οἱ
959 1462 994 1500 ἐν
1016 1464 1122 1515 κοινῷ
1144 1462 1301 1513 κείμενοι
1314 1461 1375 1501 νό-

311 1535 390 1568 μοι,
421 1523 482 1567 τῆς
502 1519 538 1559 δὲ
568 1522 773 1567 τελεστικῆς
797 1521 841 1558 τὰ
871 1523 938 1559 τῶν
972 1520 1108 1560 πόλεων
1129 1521 1221 1573 ἱεροί.
1301 1521 1374 1561 Καὶ

310 1577 385 1617 ἔστι
403 1579 443 1618 τὸ
461 1578 524 1631 μὲν
545 1579 739 1632 ἀκρότατον
758 1581 822 1625 τ’ἧς
841 1578 927 1626 ὅλης
947 1579 1152 1632 φιλοσοφίας
1167 1582 1185 1618 6
1206 1582 1376 1631 θεωρητι-

309 1637 368 1682 κὸς
386 1642 476 1682 νοῦς·
499 1638 605 1689 μέσον
627 1637 683 1686 δέ,
705 1640 723 1676 6
739 1638 927 1683 πολιτικός·
946 1638 1007 1677 καὶ
1022 1638 1155 1692 τρίτον,
1174 1641 1192 1677 6
1215 1640 1377 1677 τελεστι-

308 1697 378 1742 κός·
400 1702 461 1736 τοῦ
488 1697 550 1749 μὲν
572 1698 713 1752 πρώτου
734 1697 820 1752 πρὸς
840 1697 884 1736 τὰ
907 1698 965 1738 δύο
991 1698 1055 1746 τὴν
1081 1699 1265 1752 ὀφθαλμοῦ
1288 1699 1373 1737 ἀνα-

308 1757 429 1808 λογίαν
452 1757 704 1804 ἀποσώζοντος·
724 1760 794 1796 τῶν
817 1757 853 1797 δὲ
874 1758 950 1810 μετ’
972 1758 1058 1797 αὐτὸ
1076 1757 1163 1811 πρὸς
1184 1760 1295 1797 ἐκεῖνο
1310 1756 1374 1804 τὴν

309 1913 412 1943 totus
432 1905 650 1958 perficitur,
677 1919 801 1957 eaque
822 1906 976 1944 ratione
1005 1905 1255 1958 philosophia
1285 1918 1372 1943 cum

308 1979 509 2005 sacrorum
533 1975 615 2004 arte
639 1967 861 2017 copulatur,
893 1967 1042 2018 quippe
1062 1979 1149 2016 quae
1179 1965 1222 2003 in
1251 1963 1374 2002 lucidi

308 2026 490 2076 corporis
522 2025 799 2077 purificatione
829 2034 1030 2073 versetur3
1056 2038 1172 2076 quam
1198 2032 1318 2062 artem
1341 2026 1374 2062 si

307 2098 329 2123 a
348 2085 625 2137 philosophica
644 2095 773 2124 mente
804 2085 1071 2138 separaveris,
1096 2098 1177 2122 non
1207 2083 1375 2135 amplius

306 2144 468 2183 eandem
490 2145 573 2182 vim
594 2143 740 2183 habere
766 2144 961 2183 invenies.
981 2143 1039 2182 Ex
1073 2143 1124 2182 iis
1151 2143 1256 2181 enim
1288 2156 1375 2193 quae

306 2204 586 2255 perfectionem
621 2212 795 2242 nostram
828 2203 1062 2252 absolvunt,
1101 2203 1178 2241 alia
1213 2202 1373 2254 quidem

306 2263 582 2315 philosophica
618 2277 728 2303 mens
761 2263 875 2316 prius
912 2264 1091 2311 invenit,
1123 2262 1200 2300 alia
1245 2270 1373 2300 autem

306 2323 472 2374 mystica
499 2322 698 2361 industria
732 2323 851 2360 simul
886 2322 1064 2369 induxit,
1088 2335 1173 2372 quae
1200 2321 1375 2372 philoso-

305 2381 458 2432 phicam
480 2390 648 2420 mentem
685 2382 879 2432 sequitur.
901 2381 1108 2433 Mysticam
1129 2393 1225 2420 vero
1253 2380 1376 2418 indu-

306 2441 441 2479 striam
454 2455 553 2479 voco
570 2441 693 2480 lucidi
704 2441 1132 2493 corporispurificandi
1140 2440 1373 2487 facultatem,

305 2510 347 2538 ut
377 2503 495 2540 totius
524 2500 789 2553 philosophiae
818 2514 910 2553 pars
932 2499 1257 2550 contemplativa,
1289 2508 1375 2537 tan-

306 2573 421 2610 quam
456 2573 590 2608 mens,
628 2568 796 2612 praeeat,
840 2560 968 2599 activa
1003 2568 1154 2607 autem,
1188 2567 1372 2610 tanquam

307 2617 488 2666 facultas,
514 2628 713 2671 sequatur.
737 2619 929 2658 Caeterum
950 2620 1088 2658 activae
1108 2618 1373 2671 philosophiae

305 2675 401 2715 duas
433 2678 582 2728 species
615 2691 831 2730 ponamus,
867 2678 1027 2717 civilem
1065 2687 1104 2717 et
1143 2678 1370 2729 mysticam3

306 2749 472 2787 quarum
491 2738 559 2775 illa
572 2738 762 2776 virtutum
781 2752 856 2790 ope
875 2752 946 2777 nos
960 2752 983 2777 a
1001 2737 1166 2778 rationis
1181 2746 1218 2776 et
1228 2736 1372 2789 judicii

305 2794 443 2847 inopia
475 2796 637 2844 liberat,
664 2796 747 2835 haec
792 2807 919 2837 autem
953 2798 1077 2837 sacris
1110 2796 1262 2836 artibus
1289 2797 1374 2836 visa

306 2855 525 2894 materialia
554 2856 747 2907 praecidit.
765 2858 819 2895 Ac
839 2858 972 2897 civilis
1004 2857 1164 2910 quidem
1193 2857 1371 2909 philoso-

306 2915 410 2966 phiae
432 2929 510 2954 non
533 2916 718 2966 exiguum
744 2918 943 2969 specimen
963 2918 1066 2968 leges
1087 2917 1236 2956 suntin
1253 2931 1370 2969 repu-

304 2973 409 3012 blica
427 2983 591 3026 sanctae,
612 2976 785 3026 mysticae
805 2990 900 3015 vero
929 2979 1132 3017 civitatum
1152 2991 1276 3017 sacra.
1306 2978 1370 3017 Est

305 3034 421 3072 etiam
441 3036 561 3074 totius
578 3035 840 3088 philosophiae
858 3047 974 3089 caput
994 3051 1103 3077 mens
1131 3041 1368 3091 contempla-

305 3093 407 3145 tiva,
428 3094 600 3133 medium
630 3108 726 3134 vero
746 3095 897 3144 civilis,
918 3097 1075 3136 tertium
1105 3097 1277 3150 denique
1304 3111 1369 3137 ve·

305 3153 363 3191 lut
398 3153 617 3192 membrum
644 3154 832 3205 mystica3
874 3169 1042 3206 quorum
1078 3157 1250 3208 primum
1279 3170 1367 3196 cum

305 3210 460 3250 (luobus
494 3212 575 3251 illis
607 3222 873 3264 comparatum
905 3215 1011 3253 oculi
1043 3216 1131 3255 vice
1174 3216 1364 3266 fungitur,

305 3271 375 3309 illa
399 3280 527 3311 autem
550 3273 754 3324 sequentia
787 3287 874 3312 cum
896 3276 1026 3326 primo
1059 3277 1200 3315 collata
1229 3279 1366 3316 manus

304 3339 343 3369 et
362 3332 472 3383 pedis
493 3332 624 3371 locum
657 3341 788 3372 tenent
816 3348 825 3372 :
849 3335 983 3373 omnia
1002 3348 1098 3374 vero
1123 3337 1177 3375 ita
1203 3337 1305 3376 inter
1325 3351 1366 3377 se

304 3400 395 3429 sunt
414 3391 624 3443 conjuncta
639 3401 678 3431 et
698 3392 879 3432 ordinata
891 3422 901 3441 ‚
920 3403 964 3433 ut
976 3394 1117 3434 horum
1135 3391 1295 3447 q'uidvis
1314 3399 1365 3436 sit

305 3450 574 3502 imperfectum
604 3465 648 3490 ac
667 3453 952 3505 propemodum
973 3454 1110 3503 inane,
1133 3455 1166 3494 si
1188 3455 1363 3507 reliquo-

304 3523 389 3547 rum
425 3523 500 3562 ope
532 3510 776 3551 destituatur.
811 3512 976 3565 Oportet
1006 3514 1128 3564 igitur
1159 3514 1360 3554 scientiam

1050 238 1326 279 HIEROCLIS
1354 239 1653 281 COMMENTA
1662 243 1781 283 mus

1443 330 1560 383 χειρὸς
1570 347 1631 370 και
1645 331 1748 376 ποδὸς
1762 332 1861 378 ἀξίαν
1879 333 2045 387 ἐχόντων·
2059 334 2145 387 πρὸς
2159 334 2299 384 ἄλληλα
2314 337 2350 376 δὲ
2366 353 2507 377 παντων

1444 391 1751 444 συντεταγμένων,
1784 395 1832 437 ὡς
1867 392 1989 438 ἀτελὲς
2022 386 2111 434 εἶναι
2134 397 2249 434 ὁτιοῦν
2281 396 2414 436 τούτων
2445 396 2506 436 καὶ

1443 449 1544 502 ἐγγυς
1569 450 1720 526 μάταιρν
1733 482 1743 500 ,
1767 451 1816 502 μὴ
1834 454 1895 500 τῆς
1916 455 1984 492 τῶν
1999 454 2133 493 λοιπων
2154 455 2356 508 συνεργείας
2373 457 2508 510 τυγχά-

1442 524 1514 549 νον.
1577 508 1641 549 Διὸ
1662 511 1710 555 εἷς
1726 511 1811 561 μίαν
1829 509 1953 551 ἕνωσιν
1974 514 2150 554 συνελθεῖν
2172 515 2225 554 δεῖ
2243 514 2309 563 τὴν
2327 518 2391 564 τ’ἧς
2409 517 2507 565 ἀλη-

1443 568 1494 606 θε’
1466 583 1537 612 ειας
1559 568 1740 622 εὑρετικὴν
1761 571 1983 622 ἐπιστήμην,
2003 572 2064 612 καὶ
2084 573 2149 621 τὴν
2166 578 2294 627 ἀρετῆς
2312 574 2508 629 προὸλητι·

1442 628 1507 676 κὴν
1523 629 1694 700 &imp-w:
1715 630 1776 669 καὶ
1794 629 1858 678 τὴν
1877 632 2116 685 καθαρότητος
2139 634 2429 687 ἀπεργαστικήν,
2447 634 2507 675 ἵνα

1441 688 1629 742 σύμφωνον
1646 691 1696 728 τῶ
1715 689 1903 743 ἡγουμένῳ
1918 706 1969 743 τῳ
1985 692 2026 731 τὸ
2051 693 2233 733 πολιτικὸν
2254 693 2356 748 ἔργον
2376 697 2506 735 ἀποτε·

1441 748 1562 798 λῆται,
1586 763 1646 786 και
1666 748 1802 793 τούτοις
1821 749 2032 803 ἀμφοτέροις
2051 753 2335 806 ὁμολογούμενον
2349 754 2392 793 τὸ
2410 754 2506 808 ἱερὸν

1441 807 1541 880 ἔργον
1565 807 1819 859 ἀποφαίνηται.
1879 810 1994 849 Τουτο
2011 811 2073 857 τῆς
2094 813 2345 865 Πυθαγορικῆς
2365 815 2506 866 ἀγωγῆς

1441 866 1480 905 τὸ
1495 866 1617 919 πέρας,
1640 866 1774 911 δ’λους
1754 867 1798 906 οι’
1813 866 1904 907 ὅλων
1926 868 2142 923 ὑποπτέρους
2157 872 2319 924 γενέσθαι
2310 873 2422 945 ..πρὸς
2436 873 2504 922 τὴν

1439 942 1509 966 των
1537 926 1637 965 θείων
1657 928 1796 974 ἀγαθῶν
1819 928 2032 982 μετάληψιν,
2050 927 2094 967 ἵν’
2115 930 2200 970 ὅταν
2224 933 2242 970 6
2270 935 2333 971 τοῦ
2350 932 2504 973 θανάτου

1439 1001 1558 1039 καιρος
1575 987 1691 1038 ἕνστῆ,
1704 986 1959 1031 καταλιπόντες
1974 987 2032 1027 ἐπὶ
2041 990 2106 1040 γῆς
2118 987 2157 1028 τὸ
2177 989 2302 1038 θνητον
2313 991 2432 1043 σῶμα,
2445 991 2507 1031 καὶ

1439 1045 1503 1093 τὴν
1524 1046 1648 1085 τούτου
1681 1046 1785 1100 φύσιν
1819 1047 2104 1100 ἀποδυσάμενοι,
2136 1048 2225 1102 πρὸς
2245 1050 2308 1100 τὴν
2340 1051 2507 1105 οὐρανίαν

1439 1106 1584 1157 πορείαν
1604 1099 1689 1146 ὦσιν
1711 1106 1855 1152 εὔζωνοι
1876 1108 1907 1146 οἱ
1924 1109 1993 1146 τῶν
2014 1108 2220 1163 φιλοσοφίας
2239 1109 2385 1163 ἀγώνων
2402 1111 2509 1160 ἀθλη·

1439 1165 1510 1204 ταί·
1546 1166 1623 1205 τότε
1659 1166 1727 1221 γὰρ
1758 1165 1821 1205 καὶ
1847 1166 1912 1214 τὴν
1943 1167 2098 1220 ἀρχαίαν
2131 1169 2247 1215 αὐτοῖς
2277 1170 2507 1211 ἀποδίδοσθαι

1440 1225 1562 1265 στάσιν
1576 1258 1586 1276 ,
1625 1226 1685 1266 καὶ
1718 1229 1975 1277 θεοποιεῖσθαι,
2010 1225 2091 1267 ὅσον
2133 1222 2205 1268 οἶόν
2237 1245 2276 1268 τε
2312 1230 2507 1283 ἀνθρώποις

1439 1285 1536 1330 θεοὺς
1554 1286 1737 1338 γενέσθαι,
1761 1285 1887 1337 μηνύει
1907 1289 1926 1326 6
1948 1285 2051 1339 λόγος
2065 1286 2123 1327 διὰ
2142 1290 2213 1328 τῶν
2236 1288 2327 1336 ἑξῆς.

1781 1402 1952 1442 XXVII.
1988 1409 2162 1442 70-71,

1522 1504 1581 1537 Ἢν
1602 1502 1627 1536 δ’
1645 1503 1817 1545 ἀπολείψοις
1833 1506 1931 1544 σῶμα
1945 1503 1974 1540 ἐς
1991 1503 2086 1545 αἰθέρ’
2101 1503 2259 1545 ἐλεύθερον
2273 1503 2379 1544 ἔλθῃς,

1522 1553 1631 1585 ἔσσεαι
1652 1552 1805 1589 ἀθάνατος
1828 1551 1908 1591 θε6;,
1927 1551 2095 1593 ἄμὸροτος,
2113 1552 2170 1583 οὐκ
2187 1552 2231 1584 ἔτι
2255 1551 2376 1590 θνητός.

1491 1637 1609 1674 Τοῦτο
1628 1632 1740 1687 πέρας
1761 1635 1831 1672 τῶν
1845 1631 1961 1673 πόνων
1982 1632 2023 1671 τὸ
2043 1632 2246 1672 κάλλιστον.
2303 1634 2435 1682 Τοῦτο,
2454 1635 2502 1678 ὥς

1438 1694 1594 1734 Πλάτων
1621 1693 1739 1747 φησίν,
1771 1695 1790 1732 6
1818 1692 1929 1745 μέγας
1955 1692 2050 1744 ἀγὼν
2081 1693 2142 1732 καὶ
2168 1691 2267 1736 ἐλπὶς
2296 1694 2318 1739 ἡ
2347 1692 2502 1745 μεγάλη.

1437 1757 1554 1794 Τοῦτο
1583 1752 1787 1807 φιλοσοφίας
1819 1755 1838 1791 6
1863 1751 2081 1797 τελειότατος
2117 1750 2277 1805 καρπός,
2305 1754 2411 1791 τοῦτο
2438 1754 2504 1800 τῆς

1432 1904 1609 1942 veritatis
1641 1903 1901 1941 inventricem
1920 1910 1958 1940 et
1979 1901 2199 1939 facultatem
2229 1901 2388 1940 virtutis
2406 1913 2503 1953 pro-

1433 1964 1659 2004 creatricem
1681 1975 1866 2013 eamque,
1890 1975 1977 2012 quae
2006 1961 2192 2012 puritatis
2216 1960 2399 1999 effectrix
2418 1969 2500 2009 est,

1433 2025 1474 2063 in
1495 2038 1616 2063 unum
1633 2023 1755 2070 coire,
1774 2031 1817 2061 ut
1835 2022 1955 2060 menti
1970 2021 2061 2060 duci
2079 2033 2298 2071 congruens
2317 2020 2504 2060 reddatur

1433 2085 1551 2123 civile
1585 2097 1684 2136 opus
1719 2091 1758 2121 et
1781 2082 1843 2120 his
1874 2080 2067 2120 ambobus
2100 2089 2403 2119 consentaneum
2435 2081 2503 2120 flat

1432 2158 1532 2196 opus
1555 2156 1720 2183 sacrum.
1758 2141 1832 2179 Hic
1859 2139 2135 2191 Pythagoricae
2159 2139 2380 2191 disciplinae
2410 2140 2502 2179 finis

1432 2213 1512 2252 est,
1530 2214 1573 2243 ut
1591 2201 1958 2256 philosophicorum
1981 2200 2239 2238 certaminum
2262 2199 2414 2239 athletae
2429 2201 2500 2239 toti

1433 2264 1590 2314 penitus
1613 2262 1706 2300 alati
1737 2262 1832 2298 fiant
1865 2259 1912 2297 ad
1943 2258 2236 2309 adipiscendam
2270 2259 2499 2298 divinorum

1432 2324 1627 2363 bonorum
1650 2322 1940 2362 consortionem
1954 2350 1964 2368 ,
1986 2329 2029 2358 ut
2048 2333 2167 2372 quum
2187 2320 2326 2359 mortis
2342 2329 2497 2374 tempus

1432 2385 1651 2432 advenerit,
1697 2383 1836 2421 relicto
1869 2381 1912 2419 in
1945 2389 2048 2419 terra
2067 2380 2225 2418 mortali
2265 2392 2431 2432 corpore
2463 2388 2501 2418 et

1432 2453 1546 2483 exuta
1565 2444 1651 2496 ejus
1671 2451 1812 2482 natura
1844 2441 1892 2480 ad
1921 2441 2223 2491 ingrediendum
2243 2440 2401 2479 coeleste
2422 2441 2499 2479 iter

1434 2505 1508 2543 rite
1539 2503 1704 2543 accincti
1735 2501 1835 2550 sint'3
1872 2510 1965 2540 tunc
1998 2501 2104 2539 enim
2142 2509 2180 2539 et
2213 2500 2256 2539 in
2293 2500 2497 2553 antiquum

1432 2574 1572 2604 statum
1607 2577 1676 2603 eos
1705 2563 1927 2602 restitutum
1958 2562 2009 2600 iri
2041 2570 2080 2600 et
2109 2561 2204 2599 deos
2234 2560 2337 2608 fore,
2368 2560 2498 2612 quoad

1432 2625 1609 2664 homines
1624 2624 1681 2664 dii
1697 2624 1781 2663 fieri
1805 2631 1985 2675 possunt,
2004 2635 2160 2661 carmen
2184 2621 2226 2665 in
2244 2620 2499 2690 sequentibus

1433 2685 1565 2724 declar
1568 2693 1619 2725 at.

1781 2806 1938 2847 XXVII.
1971 2820 2142 2855 70-71,

1518 2910 1645 2950 Quodsi
1661 2909 1785 2942 relicto
1796 2916 1938 2949 corpore
1951 2907 1999 2939 ad
2013 2906 2162 2939 llberum
2177 2904 2343 2994 aethererm
2356 2907 2496 2959 comme·-

2314 2960 2472 2993 qraverts
2482 2976 2493 2993 ,

1514 3010 1582 3042 eris
1599 3005 1811 3040 immortalis
1829 3003 1934 3044 deus,
1954 3003 2201 3043 incorruptus,
2217 3002 2326 3042 neque
2338 2999 2492 3042 amplius

2171 3048 2290 3091 [morti
2302 3047 2489 3081 obnoxius.

1483 3156 1556 3194 Hic
1575 3163 1633 3194 est
1661 3153 1841 3192 laborum
1871 3151 1961 3191 finis
1988 3149 2288 3202 pulcherrimus.
2310 3148 2417 3197 Hoc,
2446 3156 2492 3187 ut

1428 3217 1481 3255 ait
1495 3217 1630 3263 Plato,
1646 3226 1828 3264 magnum
1849 3211 1947 3251 illud
1965 3223 2029 3249 cer
2034 3219 2159 3248 tamen
2174 3218 2212 3247 et
2229 3221 2318 3260 spes
2334 3220 2488 3259 magna.

1427 3276 1501 3314 Hic
1534 3273 1794 3327 philosophiae
1831 3272 1978 3310 fructus
2018 3268 2376 3321 perfectissimus.
2413 3267 2490 3305 huc

1425 3335 1622 3374 hieraticae
1676 3340 1715 3371 et
1766 3330 1942 3382 mysticae
1990 3328 2085 3367 artis
2133 3341 2234 3379 opus
2275 3326 2486 3365 maximum

1424 3403 1593 3448 spectat,
1619 3401 1662 3432 ut
1685 3405 1752 3431 eos
1773 3390 1842 3442 qui
1871 3391 1943 3427 ite1
1970 3402 2089 3440 supra
2117 3387 2355 3439 descriptum
2386 3385 2488 3424 fece-

1423 3463 1515 3494 runt
1534 3453 1763 3493 conciliatos
1782 3450 1830 3489 ad
1850 3462 1920 3488 vei
1923 3462 1968 3487 οι
1971 3462 2034 3487 um
2055 3448 2184 3486 bon01
2188 3461 2251 3486 um
2275 3444 2486 3498 possessio-

1424 3528 1512 3554 nem
1532 3514 1713 3560 reducat‚
1742 3520 1857 3563 atque
1873 3509 1921 3548 ab
1942 3509 2126 3548 aeiumnis
2155 3508 2282 3555 hisce,
2301 3515 2485 3558 tanquam

2598 1321 2612 1488 l
