2612 3814
742 288 796 328 lN
828 284 1154 326 EMPEDocms
1183 282 1469 323 cAanuM
1497 253 1793 335 antiocus

234 381 498 435 διακρινόμενον
517 381 548 419 δ’
569 380 657 418 ἄλλο
676 376 761 431 πρὸς
778 377 865 417 ἄλλο

237 440 373 496 μορφὴν
395 441 515 495 ἑτέραν
538 438 729 488 ἀπέδειξεν,

182 522 223 560 in
249 520 394 572 quibus
421 510 558 573 μοριρὴν
587 517 710 572 ἑτέραν
742 518 951 570 respondet
975 515 1235 568 Empedocleo

180 579 373 618 vocabulo
391 578 590 626 ἇλλοιωποί,
614 578 727 630 cujus
747 578 835 616 loco
862 576 1039 615 Sturzius
1060 573 1236 614 ἀλλοιωτά

179 639 368 690 vulgavit.
385 638 431 676 In
449 638 643 690 Simplicii
661 637 795 676 codice
814 638 861 676 D.
885 636 1030 686 legitur
1052 632 1236 673 ἀλλοιωπά

177 713 294 748 τηγον.
307 698 498 735 Praeterea
509 710 582 748 pro
594 694 667 736 ἔστι
680 697 784 747 quod
799 705 856 734 est
869 694 974 746 apud
987 693 1233 744 Simplicium

178 756 406 795 Karstenius
425 756 500 795 ἔστι
516 771 555 808 γε
577 756 729 808 posuit,
750 769 822 805 ego
847 754 939 793 ἔστιν
961 767 1048 792 cum
1067 753 1234 790 Panzer-

175 816 326 855 bietero
345 825 382 854 et
401 816 551 854 Steinio
582 812 757 854 exaravi.
784 815 989 853 Postrema
1007 811 1129 852 verba
1155 825 1233 850 non

172 876 260 914 sine
292 877 472 914 lectionis
502 875 689 914 varietate
721 875 763 913 in
806 873 1003 925 Simp!icii
1046 871 1160 910 libris
1195 880 1232 909 et

173 935 333 987 scriptis
350 944 387 973 et
401 935 517 974 editis
535 934 806 973 inveniuntur.
822 934 1031 984 Exemplar
1049 931 1232 969 Aldinum

175 994 310 1042 habet,
333 996 439 1046 quod
472 994 796 1033 Panzerbieterus
824 993 1007 1032 versibus
1040 991 1231 1042 Empedo-

172 1054 270 1093 cleis
289 1055 443 1105 intulit,
465 1053 509 1092 τὰ
530 1054 597 1105 γὰρ
620 1053 802 1107 διάκρυψις
822 1051 981 1102 ἄμείὸει,
1018 1051 1085 1090 sed
1115 1051 1230 1089 codd.

172 1114 219 1154 (2.
244 1115 293 1153 D.
316 1113 359 1152 τὰ
379 1113 447 1165 γὰρ
468 1113 649 1165 διάκρασις
670 1112 821 1163 ἀμείὸει.
845 1112 993 1150 Contra
1012 1111 1115 1149 idem
1140 1112 1233 1149 scri-

175 1182 264 1224 ptor
293 1173 319 1221 f,
345 1174 407 1217 34.
430 1172 457 1210 b
477 1181 606 1210 tuetur
635 1171 813 1216 διάπτυξις
841 1171 904 1209 his
923 1170 1056 1209 verbis
1086 1170 1233 1222 Empe-

171 1233 299 1272 doclis
336 1232 477 1282 dogma
511 1245 711 1283 exponens
750 1245 759 1269 :
800 1230 863 1280 τὴν
896 1229 1050 1282 γένεσιν·
1071 1229 1133 1268 καὶ
1166 1229 1229 1277 τὴν

175 1292 303 1344 φθορὰν
334 1291 443 1342 μηδὲν
477 1291 565 1329 ἄλλο
594 1285 701 1338 εἶναι,
723 1289 814 1329 ἀλλὰ
845 1289 950 1341 μόνον
986 1288 1077 1341 μῖξίν
1113 1305 1151 1328 τε
1170 1290 1230 1327 καὶ

172 1350 352 1396 διάλλαξιν
375 1350 560 1402 μιγέντων,
579 1350 638 1388 καὶ
660 1349 801 1390 σύνοδον
819 1348 1002 1395 διάπτυξίν
1020 1364 1057 1387 τε
1072 1348 1230 1401 γίνεσθαι

173 1411 207 1446 ἐν
239 1408 338 1460 μέρει
359 1408 473 1456 αἴσης.
511 1409 704 1455 Quocirca
733 1409 912 1447 Sturzius
937 1416 975 1447 et
999 1407 1229 1446 Karstenius

167 1467 349 1512 διάπτυξις
376 1469 490 1507 alteri
524 1482 640 1520 quam
675 1477 867 1507 noverant
895 1468 1100 1519 scripturae
1129 1482 1222 1519 prae-

105 1538 108 1540 '
169 1536 368 1579 optarunt.
390 1527 524 1579 Neque
545 1537 674 1566 tamen
691 1528 940 1567 diffitendum
969 1536 1027 1566 est
1053 1541 1226 1574 versum,

167 1588 324 1638 qualem
344 1588 404 1626 illi
418 1587 630 1635 dederunt,

250 1669 258 1682 Ι
409 1672 419 1685 3
573 1671 582 1685 Ι
652 1672 661 1688 ἲ
712 1671 720 1686 ἲ
776 1673 791 1685 ’ἱ
821 1671 829 1685 Ι
905 1671 920 1684 ν
980 1674 989 1685 5
1046 1671 1053 1685 Ι

223 1685 379 1722 γιγνεται
401 1672 604 1710 αλλοιωπα·
625 1689 669 1711 τα
685 1688 752 1725 γαρ
773 1687 951 1716 οιαπτυςις
971 1671 1110 1721 αμειὸει
1124 1701 1134 1720 ,

168 1754 406 1794 claudicare.
442 1755 528 1801 Qua
548 1769 590 1794 re
613 1755 784 1794 offensus
804 1755 993 1804 Bergkius
1007 1785 1017 1802 ,
1041 1763 1084 1793 ut
1103 1764 1226 1794 metro

150 1813 411 1860 consuleret,
434 1813 478 1851 τὰ
508 1813 575 1865 γὰρ
597 1813 765 1868 διάθρεξις
785 1814 924 1864 ἀμείὸει
951 1815 1130 1865 quamvis
1151 1815 1225 1853 du—

169 1871 340 1910 bitanter
356 1873 605 1912 scribendum
620 1873 866 1925 conjectavit.
885 1875 936 1911 At
952 1888 1031 1912 non
1049 1875 1126 1912 alia
1144 1889 1209 1912 mu

169 1933 315 1971 tatione
330 1946 444 1983 quam
461 1933 587 1971 deleto
603 1933 645 1970 τὰ
661 1942 699 1971 et
715 1934 963 1984 transpositis
977 1933 1110 1972 verbis
1127 1948 1225 1985 opus

165 2006 252 2031 esse
272 1993 375 2044 apud
392 1993 583 2031 Steinium
604 1993 705 2031 vidit
725 1993 976 2033 Bitschelius.
1000 1994 1102 2031 Hinc
1120 1995 1226 2045 opti—

169 2065 255 2090 mus
275 2051 448 2090 nascitur
465 2065 634 2091 versus:
654 2051 810 2104 γίγνεται
831 2052 1031 2090 ἀλλοιωποί·
1047 2052 1225 2098 διάπτυξις

165 2110 235 2162 γὰρ
257 2110 412 2162 ἀμείὸει.

223 2170 285 2210 Vs.
303 2171 490 2217 1341-44.
507 2171 610 2215 Ὡςδ’
626 2171 1222 2224 ὃπόταν-μυθονἀκούσα]3ἰιῃ-

169 2230 315 2281 plicius
336 2231 457 2282 Phys.
486 2233 501 2271 1
528 2233 554 2270 f.
585 2232 632 2276 34
653 2245 687 2273 a
695 2231 768 2270 hos
789 2244 927 2270 versus
950 2232 1224 2283 superioribus

170 2291 375 2343 (mo-133)
394 2290 620 2342 subjungit,
637 2289 698 2329 καὶ
713 2290 940 2343 παράδειγμα
957 2291 1004 2338 δὲ,
1022 2291 1222 2343 inquiens,

167 2349 308 2403 ἐναργὲς
333 2349 504 2403 παρέθετο
523 2354 582 2388 τοῦ
605 2352 644 2389 ἐκ
663 2352 731 2388 τῶν
758 2351 870 2388 αὐτῶν
891 2350 1047 2401 γίνεσθαι
1079 2350 1123 2389 τὰ
1148 2353 1223 2391 διοί-

166 2425 274 2463 φορα.
287 2410 539 2462 Empedocles
554 2411 761 2460 magnifica
769 2411 1222 2461 similitudineostendit,

166 2470 365 2521 quomodo
397 2483 446 2508 ex
470 2470 610 2508 iisdem
634 2470 836 2508 elementis
857 2470 1013 2508 infinita
1032 2470 1220 2511 diversis-

164 2530 355 2568 simarum
382 2542 513 2567 rerum
543 2529 658 2581 copia
688 2530 853 2567 oriatur.
877 2528 1089 2568 Contendit
1118 2532 1222 2569 enim

167 2588 341 2626 nativam
370 2588 652 2626 elementorum
685 2587 1010 2638 compositionem
1046 2602 1132 2627 cum
1163 2591 1224 2641 pi-

163 2647 286 2684 ctoris
309 2653 391 2684 arte
419 2646 488 2696 qui
514 2646 637 2684 variis
658 2645 861 2684 coloribus
879 2646 954 2684 rite
980 2648 1224 2688 concinnatis

166 2705 362 2755 ingentem
385 2705 596 2755 figurarum
625 2713 663 2743 et
689 2705 902 2754 imaginum
933 2706 1222 2746 multitudinem

167 2763 322 2803 format.
344 2764 421 2802 Vix
453 2762 618 2802 dubium
649 2772 706 2803 est
739 2764 837 2815 quin
853 2765 954 2803 vatis
976 2766 1223 2816 Agrigentini

151 2823 289 2862 ⁴verba
301 2824 467 2863 intuitus
479 2823 559 2862 haec
574 2823 776 2875 scripserit
789 2824 961 2863 Galenus
974 2824 1016 2862 in
1032 2825 1220 2877 Hippocr.

167 2884 215 2922 de
234 2884 339 2923 hom.
362 2893 441 2922 nat.
465 2884 615 2924 Comm.
641 2884 672 2923 Ι.
696 2884 742 2922 Τ.
764 2883 822 2921 ΙΙΙ
843 2898 882 2935 p.
914 2898 981 2922 101
1006 2885 1036 2922 B
1056 2899 1065 2923 ε
1085 2885 1221 2937 Ἐμπε-

163 2944 293 2992 δοκλῆς
307 2942 340 2990 ἐξ
357 2943 613 2994 ἀμεταὸλήτων
628 2945 697 2982 τῶν
713 2943 890 2996 τεττάρων
906 2943 1087 2996 στοιχείων
1105 2948 1222 2997 ἡγεῖτο

161 3002 343 3055 γίγνεσθαι
372 3002 434 3050 τὴν
468 3005 538 3041 τῶν
571 3003 743 3042 συνθέτων
777 3003 952 3053 σωμάτων
973 3003 1090 3056 φύσιν,
1113 3005 1222 3051 οὕτως

162 3061 461 3113 ἀναμεμιγμένων
482 3061 646 3109 ἀλλήλοις
665 3064 734 3101 τῶν
751 3061 912 3115 πρώτων,
931 3065 976 3107 ὡς
997 3062 1028 3101 εἴ
1047 3079 1097 3108 τις
1117 3064 1218 3104 λειώ-

165 3136 229 3165 σας
251 3121 406 3173 ἀκριὸῶς
422 3121 483 3160 καὶ
503 3120 642 3175 χνοώδη
661 3121 812 3170 ποιήσας
831 3122 880 3160 ἰὸν
898 3121 958 3160 καὶ
975 3123 1140 3174 χαλκῖτιν
1161 3125 1221 3163 καὶ

163 3178 338 3229 καδμείαν
375 3179 435 3218 καὶ
471 3180 555 3230 μίσυ
599 3179 740 3231 μίξειεν.
773 3181 916 3219 Eadem
950 3181 1221 3222 similitudinis

167 3248 366 3278 venustate
385 3239 509 3277 utitur
523 3249 658 3278 auctor
676 3239 769 3278 libri
790 3240 836 3278 de
857 3240 1005 3279 Mundo
1023 3239 1104 3292 (qui
1121 3242 1222 3280 iuter

166 3298 392 3338 Aristotelis
401 3299 547 3351 scripta
557 3298 844 3354 circumfertur)
856 3299 986 3352 cap.V,
996 3300 1065 3338 ubi
1077 3301 1124 3339 de
1132 3316 1221 3340 con-

163 3365 281 3396 centu
300 3371 440 3408 agens,
468 3372 584 3410 quem
615 3367 756 3397 natura
775 3372 796 3398 e
815 3361 1023 3399 contrariis
1052 3361 1217 3410 efficiat,

165 3417 219 3456 ita
238 3418 368 3470 pergit
386 3433 395 3456 :
413 3417 501 3457 ἔοικε
519 3417 554 3458 δὲ
572 3418 632 3458 καὶ
645 3422 667 3467 ἡ
687 3418 794 3472 τέχνη
815 3419 878 3467 τὴν
897 3420 998 3473 φύσιν
1017 3423 1218 3473 μιμουμένη

165 3479 266 3515 τοῦτο
285 3481 413 3515 ποιεῖν·
424 3477 604 3530 ζωγραφία
616 3477 679 3529 μὲν
691 3478 758 3531 γὰρ
771 3480 905 3518 λευκῶν
921 3495 957 3518 τε
968 3479 1028 3519 καὶ
1042 3481 1216 3533 μελάνων,

162 3536 289 3588 ὠχρῶν
306 3551 344 3575 τε
364 3536 426 3575 καὶ
448 3538 599 3590 ἓρυθρῶν
628 3538 834 3591 χρωμάτων
864 3540 1130 3591 ε’γκερασαμένη
1153 3540 1218 3593 φύ-

2307 302 2353 334 37

1297 389 1389 424 σεις,
1406 373 1470 418 τὰς
1495 375 1629 420 εἰκόνας
1657 380 1727 421 τοῖς
1753 380 2026 430 προηγουμένοις
2055 385 2158 420 ἀπετε
2153 383 2241 422 ’λεεσ
2267 400 2359 434 συμ-

1299 429 1431 486 φώνους
1450 463 1631 475 .....
1661 436 1772 482 οὕτως
1800 441 1859 476 οὖν
1894 439 1954 477 καὶ
1980 439 2043 487 τὴν
2076 445 2144 480 τῶν
2174 443 2264 482 ὅλων
2294 445 2356 482 σύ-

1299 507 1440 543 στασιν,
1478 494 1626 546 οὐρανοῦ
1656 495 1750 547 λέγω
1789 512 1849 536 και
1883 500 1948 549 γῆς
1980 503 2039 537 τοῦ
2075 517 2112 539 τε
2152 502 2355 552 σύμπαντος

1298 550 1453 603 κόσμου,
1485 553 1542 590 διὰ
1571 557 1634 601 τῆς
1662 557 1731 594 τῶν
1761 557 2022 595 ἐναντιωτάτων
2052 575 2170 612 αρχων
2198 577 2355 614 κρασεως

1298 611 1362 663 μία
1381 612 1651 663 διεκόσμησεν
1634 615 1798 667 αρμονία.

1352 672 1415 711 Vs.
1439 674 1529 720 134.
1555 676 1601 718 ὡς
1621 675 1652 713 δ’
1673 675 1803 715 ὁπόταν
1821 676 1991 730 γραφέες]
2010 678 2156 717 Ultima
2172 682 2355 721 vocabuli

1295 731 1444 785 γραφέες
1461 734 1614 785 syllaba
1644 736 1723 774 arsi
1743 737 1988 787 producitur.
2008 739 2069 778 Cf.
2088 740 2282 791 Spitzner.
2306 743 2353 780 de

1296 805 1413 830 versu
1431 806 1545 843 graec.
1570 795 1652 834 her.
1673 810 1712 848 p.
1744 802 1808 842 41.

1350 851 1413 890 Vs.
1442 855 1529 893 135.
1553 854 1671 908 ἀνέρες
1689 856 1780 909 ἀμφι
1797 856 1922 908 τέγνης
1935 860 2016 898 κτλ.
2025 859 2122 910 ]Sic
2134 860 2260 912 Orph.
2280 863 2354 899 Ab

1295 921 1451 959 gonaut.
1474 927 1534 953 vs.
1559 915 1622 962 33,
1645 916 1734 969 ἀμφὶ
1755 915 1791 954 δὲ
1816 917 1982 967 μαντείης
2002 918 2107 967 εδοίης
2130 921 2323 972 πολυπείρο
2327 944 2353 950 -

1294 984 1354 1014 νας
1374 970 1510 1022 οἴμους.
1531 973 1578 1011 In
1597 988 1692 1014 voce
1709 975 1837 1028 τέχνης
1860 978 1973 1028 prior
2000 979 2154 1030 syllaba
2179 981 2353 1032 corripi-

1295 1037 1358 1067 tur
1376 1030 1451 1069 hoc
1478 1033 1723 1084 Empedoclis
1751 1036 1856 1084 loco,
1886 1038 2216 1088 quemadmodum
2241 1041 2285 1079 fit
2313 1041 2353 1078 in

1294 1092 1468 1131 carmine
1495 1093 1698 1144 Κάμινος
1679 1111 1701 1142 η
1731 1096 1887 1149 Κεραμὶς
1913 1099 2105 1150 inscripto
2125 1100 2232 1151 quod
2250 1101 2352 1138 inter

1295 1149 1502 1191 Homerica
1515 1162 1639 1192 exstat
1655 1168 1713 1195 vs.
1741 1169 1816 1194 10:

1351 1241 1561 1293 Ὢμόδαμόν
1583 1243 1613 1281 θ’
1630 1241 1665 1287 ὃς
1678 1244 1762 1296 τῇδε
1778 1242 1885 1295 τέχνῃ
1903 1244 1997 1283 κακὰ
2013 1246 2128 1285 πολλὰ
2145 1249 2293 1301 πορίζει.

1290 1332 1404 1378 Quod
1422 1341 1464 1370 ut
1483 1332 1761 1372 animadvertit
1775 1333 1952 1372 Sturzius
1967 1365 1975 1381 ‚
2001 1335 2056 1373 ita
2071 1337 2171 1375 male
2187 1338 2352 1376 retinuit

1290 1397 1426 1436 Aldini
1449 1399 1687 1450 exemplaris
1713 1399 1812 1437 illud
1835 1399 1902 1437 ὑπὸ
1931 1398 2098 1451 μήτινος,
2127 1401 2241 1453 cujus
2262 1403 2350 1441 loco

1291 1456 1486 1507 flagitatur
1499 1457 1566 1497 ὑπὸ
1580 1458 1717 1509 μήτιος.
1734 1458 1826 1497 Eam
1844 1469 1970 1498 autem
1987 1461 2250 1512 conjecturam
2269 1453 2348 1501 tum

1291 1517 1379 1567 ipse
1399 1518 1508 1565 fecit,
1530 1527 1611 1556 tum
1631 1528 1719 1558 ante
1737 1533 1825 1558 eum
1846 1519 2019 1570 Scaliger
2038 1521 2082 1559 in
2106 1522 2241 1562 codice
2268 1524 2348 1563 Lu-

1292 1575 1583 1625 gdunobatavo.
1613 1578 1887 1617 Emendationi
1908 1580 2000 1618 huic
2020 1594 2156 1620 omnes
2177 1583 2350 1622 editores

1290 1635 1491 1685 suffragati
1521 1645 1635 1684 sunt,
1673 1637 1751 1676 nisi
1779 1638 1885 1689 quod
1924 1639 2249 1681 Panzerbieterus
2283 1644 2349 1681 ὑπὸ

1290 1693 1425 1741 Μήτιος
1443 1694 1658 1745 majuscula
1687 1697 1821 1735 littera
1842 1698 2022 1749 scripsit,
2045 1699 2159 1736 deam
2181 1713 2265 1739 esse
2286 1715 2346 1740 ra-

1289 1762 1371 1801 tus,
1391 1767 1507 1804 quam
1526 1754 1720 1794 Hesiodus
1738 1755 1940 1806 Theogon.
1961 1758 2035 1807 887
2059 1759 2229 1810 appellat

1340 1845 1489 1884 πλεῖστα
1508 1849 1594 1885 θεῶν
1615 1846 1744 1885 εἰδυῖαν
1764 1846 1814 1884 ἰδὲ
1834 1849 1969 1893 θνητῶν
1991 1846 2195 1900 ἀνθρώπων.

1287 1932 1362 1971 Sed
1377 1935 1558 1984 quamvis
1578 1934 1698 1985 vulgo
1725 1936 1842 1981 Μῆτις
1862 1934 2076 1973 haberetur
2096 1936 2184 1984 dea,
2207 1937 2272 1974 Em
2279 1952 2345 1988 pe·

1289 1993 1394 2031 docli
1413 2003 1541 2033 tamen
1568 1995 1677 2033 nulla
1705 1995 1935 2032 necessitate
1963 1994 2148 2034 subactus
2173 2009 2256 2034 eam
2276 1999 2346 2036 tri-

1286 2052 1408 2091 buere
1431 2054 1570 2093 nolim.
1593 2054 1723 2101 Quare
1747 2068 1795 2093 ne
1816 2054 2071 2093 Homericum
2097 2056 2256 2107 quidem
2285 2059 2342 2096 lo-

1286 2126 1372 2150 cum
1394 2113 1533 2164 Odyss.
1555 2113 1627 2154 lib.
1652 2113 1778 2165 XVII,
1800 2113 2002 2165 518-519,

1338 2202 1385 2245 ὡς
1404 2202 1434 2240 δ’
1451 2200 1501 2240 ὅτ’
1523 2202 1637 2241 ἀοιδὸν
1660 2202 1749 2255 ἀνὴρ
1766 2202 2032 2256 ποτιδέρκεται,
2058 2203 2092 2248 ὃς
2110 2220 2149 2243 τε
2166 2207 2251 2244 θεῶν
2268 2202 2303 2250 ἓξ

1340 2261 1447 2300 ἀείδει
1468 2262 1598 2306 δεδαὼς
1617 2261 1691 2300 ἔπε’
1710 2262 1894 2315 ἱμερόεντα
1914 2265 2087 2315 βροτοῖσι,

1286 2365 1399 2401 quem
1419 2352 1663 2391 simillimum
1679 2350 1906 2398 arbitratur,
1925 2365 2013 2389 cum
2029 2352 2102 2390 hoc
2118 2367 2343 2406 composue-

1286 2413 1374 2450 rim.
1397 2411 1508 2449 Adde
1531 2410 1638 2461 quod
1654 2423 1780 2462 nuper
1793 2412 1968 2449 excussis
1984 2412 2180 2463 Simplicii
2197 2414 2344 2452 codici-

1284 2470 1358 2509 b'us
1373 2471 1417 2510 C.
1437 2473 1485 2511 D.
1512 2471 1717 2508 inventum
1739 2479 1797 2508 est
1815 2470 1938 2521 μήτιος
1958 2485 2032 2522 pro
2057 2473 2192 2511 Aldini
2210 2487 2342 2512 exeni-

1284 2531 1342 2582 pli
1365 2530 1522 2581 μήτινος.
1539 2530 1681 2568 Verum
1704 2530 1810 2580 quod
1835 2531 1955 2571 iidem
1985 2532 2140 2571 codices
2157 2533 2344 2573 exhibent

1285 2591 1392 2645 ἄμφω
1413 2604 1484 2642 pro
1504 2590 1595 2644 ἀμφὶ
1616 2590 1793 2641 ineptum
1821 2603 1905 2629 esse
1934 2592 2071 2642 liquet.
2095 2596 2140 2630 In
2165 2593 2242 2631 fine
2258 2607 2343 2632 ver-

1287 2650 1403 2688 siculi
1435 2649 1558 2687 Aldus
1589 2649 1768 2698 vulgavit
1795 2650 1988 2698 δεδαῶτες;
2019 2660 2184 2702 uterque
2217 2653 2341 2690 codex

1285 2709 1435 2747 δεδαῶτε
1457 2708 1588 2758 habet,
1614 2722 1700 2759 quae
1719 2709 1857 2760 procul
1879 2709 2004 2748 dubio
2022 2723 2114 2748 vera
2137 2711 2252 2749 lectio
2270 2722 2339 2750 est.

1284 2769 1435 2807 Etenim
1465 2768 1720 2820 participium
1750 2769 1859 2808 duali
1891 2783 2055 2808 numero
2095 2772 2337 2808 enuntiatum

1284 2829 1525 2879 relatumque
1546 2828 1594 2865 ad
1611 2841 1753 2866 nomen
1771 2829 1923 2880 plurale
1948 2843 2035 2867 cum
2057 2830 2099 2867 in
2121 2830 2341 2867 Homericis

1284 2889 1443 2939 hymnis
1468 2888 1532 2940 (in
1549 2888 1679 2939 Apoll.
1700 2901 1761 2927 vs.
1781 2889 1878 2939 487)
1904 2888 2083 2936 obvium,
2107 2897 2187 2927 tum
2209 2898 2339 2939 poste-

1282 2947 1456 2985 rioribus
1474 2947 1601 2999 poetis
1626 2947 1816 2999 (Oppian.
1838 2948 1984 2999 Cyneg.
2015 2949 2067 2996 ll,
2099 2949 2243 2997 165;1‚
2274 2965 2337 2997 72.

1282 3008 1387 3046 Arat.
1410 3006 1586 3045 Diosem.
1609 3007 1710 3058 968)
1743 3006 2029 3058 frequentatum
2057 3021 2140 3046 esse
2170 3017 2336 3047 constat.

1282 3065 1368 3105 Vid.
1391 3065 1617 3103 Buttmanni
1643 3065 1818 3104 Gramm.
1839 3066 1959 3117 ampl.
1979 3065 2012 3112 l,
2029 3080 2066 3117 p.
2096 3066 2168 3103 135
2186 3074 2224 3103 et
2242 3067 2334 3110 348.

1281 3124 1356 3163 Sed
1372 3133 1415 3163 ut
1430 3125 1494 3163 hic
1516 3125 1669 3163 δεδαῶτε
1694 3124 1922 3176 Empedocli
1944 3124 2135 3163 ascribam
2160 3138 2240 3163 non
2261 3134 2337 3162 tam

1281 3185 1448 3222 aliorum
1471 3184 1717 3235 quorundam
1739 3193 1944 3236 poetarum
1969 3185 2200 3222 auctoritate
2221 3197 2336 3234 quam

1283 3245 1400 3283 totius
1421 3244 1497 3282 loci
1525 3243 1836 3282 conformatione
1867 3243 2054 3282 adducor.
2078 3243 2212 3294 Neque
2232 3243 2335 3281 enim

1281 3317 1400 3342 unum
1423 3303 1678 3355 participium
1711 3302 1819 3341 duali
1838 3316 2001 3340 numero
2032 3303 2158 3353 ponit,
2184 3302 2337 3352 reliqua

1280 3363 1486 3414 pluraliter
1520 3363 1717 3414 enuntiat,
1746 3362 1813 3401 sed
1848 3363 1924 3400 tria
1956 3362 2165 3413 participia
2198 3361 2334 3399 eodem

1279 3436 1443 3461 numero
1472 3422 1597 3460 effert.
1628 3422 1685 3459 Ex
1715 3421 1964 3473 Empedoclis
1997 3420 2217 3459 editoribus
2253 3421 2334 3471 pri·

1280 3495 1365 3521 mus
1385 3482 1537 3520 δεδαῶτε
1557 3481 1728 3519 Steinius
1749 3481 1906 3531 recepit.

1334 3541 1397 3580 Vs.
1423 3542 1509 3579 136.
1537 3538 1600 3579 οἵτ’
1622 3539 1696 3578 ἐπεὶ
1712 3532 1771 3578 οῧν
1802 3539 1993 3592 μάρψωσι]
2018 3540 2334 3576 membranarum
