2612 3814
341 237 417 273 27⁴

1014 219 1293 261 PRAEFATlo
1321 218 1395 260 An
1426 216 1764 258 ARISTOTELIS

336 312 496 365 νιστέρου
515 310 555 350 τὸ
573 308 796 364 ἰσχυρότερον
811 308 834 357 ἢ
855 308 892 355 ἐξ
908 308 1091 351 ἐλάττονος
1108 307 1148 347 τὸ
1165 309 1281 358 μεῖζον
1305 305 1328 354 ἢ
1351 306 1391 345 ἐν.
1451 310 1528 339 stus
1546 301 1743 338 memoriae
1758 299 1936 351 prodidit
1954 300 2003 338 de
2025 301 2166 338 horum
2189 301 2521 352 philosophorum

334 371 488 426 χείρονος
514 371 553 411 τὸ
571 372 729 424 κρεῖττον
766 368 790 417 ἢ
822 367 1024 408 τούναντίον
1055 368 1100 407 τὰ
1120 366 1231 421 χείρω
1259 366 1300 405 ἐκ
1322 367 1391 404 τῶν

335 430 570 484 κρειττόνων,
608 429 648 469 τὸ
681 427 718 468 ὃν
749 428 783 474 ἕξ
812 430 874 468 οὐκ
896 427 993 472 ὄντος
1023 426 1065 466 ἂν
1099 426 1281 479 γενέσθαι,
1307 423 1393 477 ὅπερ

336 490 506 531 ἀδύνατον
524 503 533 512 ·
558 485 671 528 ἀΐδιον
692 486 756 540 μὲν
778 480 837 526 οὖν
871 486 930 527 διὰ
962 489 1077 526 ταῦτα
1107 479 1195 525 εἶναι
1221 485 1280 525 τὸν
1301 483 1391 522 θεόν.

334 551 382 603 γ’.
399 547 509 590 ἀΐδιον
530 549 559 588 δ’
576 549 659 588 ὄντα
677 547 738 588 καὶ
754 547 816 587 ἕνα
836 546 897 586 καὶ
913 546 1122 600 σφαιροειδῆ
1134 574 1145 593 ,
1161 543 1233 584 οὔτ’
1248 543 1391 595 ἄπειρον

336 603 425 649 εἶναι
444 610 524 648 οὔτε
545 607 775 661 πεπεράνθαι.
797 606 942 658 ἄπειρον
975 603 1040 655 μὲν
1075 603 1115 643 τὸ
1138 603 1189 654 μὴ
1220 601 1258 642 ὂν
1283 596 1392 642 εἶναι·

335 674 438 710 τοῦτο
461 669 529 722 γὰρ
543 667 623 708 οὔτε
644 667 758 722 ἀρχὴν
780 666 860 706 οὔτε
877 665 983 718 μέσον
1001 662 1080 704 οὔτε
1096 662 1195 707 τέλος
1210 662 1284 701 οὔτ’
1305 661 1393 700 ἄλλο

337 728 439 781 μέρος
458 728 554 768 οὐδὲν
576 728 668 781 ἔχειν
682 743 690 752 ·
708 729 861 765 τοιοῦτον
895 724 924 762 δ’
953 717 1044 763 εἶναι
1062 722 1103 762 τὸ
1124 722 1288 775 ἄπειρον,
1319 714 1391 758 οἷον

336 786 372 826 δὲ
393 787 432 826 τὸ
452 786 501 838 μὴ
523 786 580 836 ὄν,
602 787 664 825 οὐκ
696 785 737 824 ἂν
767 778 859 823 εἶναι
885 782 925 822 τὸ
952 782 990 822 ὅν
1004 813 1015 829 ,
1034 784 1212 834 περαίνειν
1245 780 1281 818 δὲ
1305 778 1392 831 πρὸς

337 846 500 896 ἄλληλα,
524 847 553 884 εἰ
574 845 684 884 πλείω
709 843 776 891 εἴη.
799 842 838 881 τὸ
859 842 894 882 δὲ
911 844 946 880 ἓν
968 841 1046 880 οὔτε
1063 843 1112 893 τῷ
1128 842 1192 880 οὐκ
1214 840 1288 879 ὄντι
1313 838 1392 878 οὔτε

335 911 407 950 τοῖς
424 907 565 949 πολλοῖς
596 905 821 953 ὡμοιῶσθαι·
849 901 884 940 ἓν
912 900 980 954 γὰρ
998 902 1061 940 οὔκ
1085 899 1162 953 ἔχει
1185 898 1271 952 πρὸς
1297 897 1330 945 ὅ,
1357 914 1392 937 τι

337 971 496 1019 περανεῖ.
527 965 570 1005 δ’.
597 964 637 1003 τὸ
657 964 699 1009 δὴ
728 965 884 1002 τοιοῦτον
914 961 951 1000 ὃν
976 960 1034 1009 ἔν,
1059 959 1095 999 ὃν
1115 958 1175 998 τὸν
1197 958 1271 998 θεὸν
1302 952 1392 997 εἶναι

334 1025 451 1076 λέγει,
474 1023 552 1063 οὔτε
581 1025 750 1062 κινεῖσθαι
779 1020 858 1060 οὔτε
894 1020 1058 1068 ἀκίνητον
1090 1011 1191 1058 εἶναι.
1225 1018 1390 1066 ἀκίνητον

334 1085 399 1134 μὲν
425 1083 491 1137 γὰρ
510 1075 599 1122 εἶναι
617 1082 657 1121 τὸ
679 1081 729 1135 μὴ
750 1081 805 1120 ὄν·
828 1079 907 1120 οὔτε
923 1079 991 1133 γὰρ
1011 1078 1052 1118 ἂν
1076 1080 1124 1123 εἷς
1145 1078 1232 1117 αὐτὸ
1252 1079 1387 1131 ἕτερον,

333 1142 405 1182 οὔτ’
425 1143 535 1181 ἐκεῖνο
555 1143 602 1186 εἷς
617 1141 704 1196 ἄλλο
724 1142 835 1180 ἐλθεῖν
848 1155 857 1164 ·
872 1141 1043 1179 κινεῖσθαι
1063 1137 1098 1176 δὲ
1115 1137 1161 1178 τὰ
1180 1136 1292 1177 πλείω
1307 1136 1391 1176 ὄντα

333 1201 422 1246 ἑνός·
437 1201 552 1254 ἕτερον
570 1201 639 1255 γὰρ
654 1203 701 1247 εἷς
715 1201 835 1253 ἕτερον
851 1200 922 1238 δεῖν
937 1201 1126 1239 κινεῖσθαι.
1142 1201 1234 1247 Quae
1250 1199 1391 1236 verbo-

334 1274 420 1299 rum
437 1262 648 1299 similitudo
668 1275 714 1299 co
735 1262 950 1298 mirabilior
969 1266 1097 1310 potest
1117 1259 1266 1305 videri,
1284 1259 1392 1308 quod

332 1322 582 1371 Xenophanis
603 1322 757 1359 decreta
771 1349 782 1370 ‚
807 1333 891 1369 quae
920 1321 1004 1369 ipse
1026 1319 1173 1369 poetici
1206 1319 1392 1355 sermonis

332 1389 528 1418 venustate
558 1389 715 1418 ornarat
749 1393 794 1418 ac
820 1379 1029 1417 luminibus
1065 1379 1314 1425 distinxerat,
1342 1379 1391 1415 ab

334 1448 501 1490 utroque
525 1442 713 1491 scriptore
739 1442 866 1478 soluto
886 1448 1010 1477 metro
1039 1446 1074 1476 et
1096 1439 1187 1476 exili
1207 1440 1392 1476 orationis

332 1513 490 1551 genere,
521 1502 633 1550 quale
662 1501 950 1538 dialecticorum
971 1512 1049 1537 esse
1067 1500 1188 1546 solet,
1216 1499 1390 1536 referun-

332 1566 409 1597 tur.
424 1561 669 1610 Quapropter
686 1567 893 1607 utrumque
911 1559 1150 1608 scriptorem,
1169 1558 1236 1607 qui
1247 1558 1392 1607 ubique

333 1618 410 1655 sere
442 1618 574 1655 iisdem
599 1618 726 1655 verbis
755 1631 842 1655 usus
862 1619 929 1664 sit,
951 1625 1017 1655 aut
1042 1617 1202 1654 eundem
1223 1629 1301 1654 esse
1319 1618 1391 1655 ho-

331 1679 474 1715 minem
486 1690 638 1715 necesse
666 1686 740 1725 est,
764 1685 830 1715 aut
850 1690 896 1715 ex
917 1676 1056 1714 eodem
1077 1676 1183 1713 fonte
1204 1677 1388 1725 hausisse,

331 1746 396 1775 aut
426 1739 578 1775 alterius
605 1739 743 1775 scrinia
775 1738 1016 1787 compilasse.
1049 1737 1109 1773 Ob
1142 1737 1242 1774 il'lud
1262 1743 1389 1774 autem

331 1798 519 1847 Simplicii
534 1798 794 1835 testimonium
815 1801 857 1834 et*
869 1797 1044 1835 Vaticani
1060 1796 1206 1833 codicis
1224 1798 1391 1833 auctori-

331 1864 448 1894 tatem
468 1856 691 1894 Brandisius
712 1857 788 1893 hoc
807 1856 1036 1906 opusculum
1064 1857 1259 1894 Aristoteli
1279 1857 1388 1904 abju-

333 1917 478 1954 dicavit
507 1930 550 1954 ac
577 1916 839 1966 Theophrasto
861 1916 1059 1966 ascripsit,
1087 1916 1142 1952 ita
1174 1922 1327 1962 tamen,
1348 1925 1392 1953 ut

332 1977 446 2014 simul
471 1976 777 2026 Theophrastum
796 1975 1009 2026 integriore
1038 1975 1141 2012 libro
1173 1988 1285 2026 usum
1313 1988 1391 2013 esse

333 2036 598 2075 contenderet.
621 2035 877 2085 Theophrasti
904 2035 1026 2072 verba
1045 2047 1066 2072 a
1086 2035 1284 2084 Simplicio
1304 2036 1389 2085 lauf

333 2094 421 2132 data
439 2095 595 2133 brevius
620 2093 835 2133 enuntiavit
863 2101 902 2132 et
920 2095 1190 2144 interpretatus
1217 2103 1271 2132 est
1299 2097 1392 2132 Bes-

332 2154 459 2190 sarion
487 2154 574 2193 adv.
599 2154 773 2194 Calumn.
807 2154 903 2191 Plat.
935 2155 990 2201 11,
1019 2167 1062 2191 11
1094 2167 1137 2204 p.
1172 2155 1237 2194 32.
1259 2155 1301 2192 b.
1323 2156 1390 2192 Ait

333 2221 459 2250 autem
479 2226 489 2250 ι
510 2230 526 2248 ιι
540 2213 822 2263 Theophrastus
835 2215 1116 2264 Xenophanem
1127 2241 1139 2261 ,
1156 2227 1272 2264 quem
1292 2215 1385 2252 Par·

332 2273 503 2310 menides
536 2274 683 2311 audivit
712 2281 828 2323 atque
854 2281 1007 2311 secutus
1040 2281 1116 2321 est,
1145 2287 1392 2324 nequaquam

332 2333 432 2369 inter
457 2334 637 2382 physicos
658 2333 942 2370 numerandum
956 2361 966 2380 ,
984 2333 1053 2371 sed
1072 2332 1148 2372 alio
1179 2334 1269 2372 loco
1294 2348 1391 2372 con-

333 2393 567 2430 stituendum
612 2400 754 2432 censet.
790 2394 954 2431 Nomine
970 2421 981 2440 ,
1019 2395 1168 2443 inquit,
1209 2395 1323 2431 unius
1355 2403 1394 2432 et

332 2452 500 2488 universi
518 2452 633 2490 deum
655 2452 862 2502 appellavit
874 2481 885 2501 ,
906 2453 1011 2501 quod
1028 2466 1148 2490 unum
1162 2454 1389 2504 ingenitum,

334 2510 544 2559 immobile,
557 2518 740 2548 aeternum
757 2511 875 2558 dixit3
896 2511 946 2548 ad
960 2512 1041 2549 haec
1055 2539 1066 2559 ,
1088 2513 1218 2562 aliquo
1234 2512 1391 2562 quidem

335 2569 453 2605 modo
472 2582 596 2618 neque
623 2569 815 2607 infinitum
836 2583 964 2620 neque
992 2570 1165 2619 finitum,
1199 2572 1277 2608 alio
1297 2584 1391 2609 vero

335 2627 455 2664 modo
487 2629 599 2665 ctiam
627 2628 807 2679 linitum,
833 2637 914 2666 tum
947 2631 1064 2668 etiam
1089 2632 1389 2682 conglobatum,

338 2687 484 2724 diversa
521 2689 660 2725 scilicet
691 2690 836 2726 notitiae
866 2690 1038 2741 ratione3
1078 2699 1245 2728 mentem
1278 2692 1392 2728 etiam

337 2745 560 2781 universum
582 2746 657 2784 hoc
674 2747 777 2784 idem
798 2747 1105 2801 (Xenophanes)
1129 2763 1208 2788 esse
1224 2749 1391 2788 affirma—

336 2804 407 2839 vit.
447 2818 464 2835 2»
484 2805 656 2842 Fuerunt
686 2807 754 2854 qui
786 2807 861 2843 hoc
889 2809 1001 2844 etiam
1030 2810 1266 2847 Bessarionis
1301 2810 1391 2848 loco

338 2863 599 2901 demonstrare
624 2865 961 2916 vellent,librum,
985 2867 1032 2904 de
1056 2881 1134 2917 quo
1153 2869 1386 2919 disputatur,

335 2923 591 2972 Theophrasti
619 2936 710 2961 esse.
743 2924 818 2961 Sed
844 2925 911 2961 tali
941 2927 1159 2964 testimonio
1191 2929 1288 2966 nihil
1320 2931 1391 2967 tri-

337 2981 407 3018 bui
428 2990 609 3031 oportere
633 2984 674 3020 in
692 2992 849 3034 promtu
880 2993 948 3024 est.
976 2987 1274 3037 Theophrastum
1299 3003 1391 3028 vero

339 3040 495 3077 omnino
510 3040 591 3089 ejus
605 3043 713 3091 quod
726 3043 775 3081 ad
789 3052 957 3083 nostram
976 3054 1124 3084 aetatem
1136 3051 1389 3087 mansitvolu-

339 3100 450 3137 minis
479 3109 680 3139 auctorem
698 3103 833 3141 haberi
849 3117 927 3141 non
951 3119 1065 3155 posse
1091 3119 1136 3144 ex
1159 3120 1205 3145 eo
1238 3110 1394 3160 collegit

338 3159 488 3196 Theod.
519 3162 705 3211 Bergkius
728 3176 770 3213 p.
801 3164 841 3210 6,
869 3165 976 3213 quod
993 3167 1239 3215 reperiuntur
1254 3168 1294 3203 in
1319 3169 1393 3206 hoc

339 3220 471 3257 libello
486 3250 497 3269 ‚
519 3234 603 3270 quae
619 3223 727 3259 nullo
747 3231 861 3272 pacto
880 3235 903 3260 a
921 3224 1184 3274 Theophrasto
1199 3225 1394 3275 proficisci

338 3287 569 3329 potuerunt,
589 3294 673 3330 quae
694 3283 754 3320 vel
773 3283 934 3333 indigna
963 3290 1052 3320 sunt
1066 3284 1142 3321 hoc
1162 3285 1392 3335 philosopho

338 3339 399 3375 vel
424 3347 556 3388 aperte
572 3349 745 3391 pugnant
777 3355 865 3379 cum
886 3343 929 3379 iis
946 3355 1029 3391 quae
1051 3343 1143 3379 alibi
1172 3345 1396 3394 Theophra-

1452 362 1618 411 placitis.
1640 362 1779 409 Itaque
1806 360 1991 410 Bergkius
2019 360 2178 410 quidem
2199 361 2303 398 hunc
2339 362 2520 400 libellum

1455 428 1531 458 tam
1562 419 1828 469 Theophrasto
1850 432 1967 469 quam
1985 421 2184 459 Aristoteli
2215 419 2521 468 abjudicandum

1454 487 1606 530 censet,
1624 481 1679 517 ita
1703 487 1832 517 autem
1853 480 2067 517 arbitratur
2087 481 2317 530 scriptorem
2337 481 2377 518 in
2396 480 2518 520 confl-

1455 539 1593 577 ciendo
1622 539 1699 576 hoc
1729 551 1849 589 opere
1884 551 1962 577 esse
1995 547 2214 586 versatum,
2244 547 2289 577 ut
2311 541 2520 580 maximam

1452 606 1605 649 partem
1639 598 1690 636 ad
1724 598 2030 648 Theophrastum
2066 611 2106 637 se
2140 607 2415 650 componeret,
2445 602 2522 641 alia

1452 660 1532 708 ipse
1573 658 1774 707 adjiceret.
1806 658 1922 707 Quod
1948 657 2140 706 judicium
2174 659 2264 700 licet
2293 660 2408 699 nobis
2437 663 2522 700 non

1451 720 1567 769 plane
1590 718 1791 768 displiceat
1805 745 1816 764 ,
1838 729 2018 756 veremur
2038 725 2189 765 tamen,
2218 726 2263 756 ut
2282 721 2402 770 possit
2418 733 2519 771 pro,-

1451 779 1553 816 bari.
1576 779 1673 816 Nam
1701 777 1809 827 quod
1829 778 1884 814 ait
1902 778 2069 815 inveniri
2103 778 2144 815 in
2173 778 2250 816 hoc
2269 780 2404 820 libello
2433 793 2521 831 quae

1451 845 1625 888 pugnent
1646 851 1734 875 cum
1755 836 1801 874 iis
1825 850 1909 886 quae
1938 837 2030 874 alibi
2051 836 2340 887 Theophrastus
2367 846 2407 877 et
2424 840 2519 878 Ari-

1452 899 1606 935 stoteles
1626 897 1673 935 de
1690 896 1825 934 iisdem
1838 897 2086 946 philosophis
2102 898 2336 936 tradiderint
2347 927 2358 949 ,
2376 899 2418 938 id
2434 912 2519 951 gra·

1451 959 1647 996 vissimum
1662 957 1875 1004 videretur,
1890 957 1922 993 si
1938 969 2088 1007 semper
2105 958 2180 995 sibi
2203 966 2396 997 constaret
2426 960 2518 999 Ari-

1451 1024 1605 1060 stoteles
1627 1021 1744 1073 (nam
1767 1022 1815 1059 de
1835 1022 2102 1071 Theophrasto
2118 1023 2213 1060 nolo
2229 1024 2266 1061 ei
2290 1023 2518 1077 adversari),

1451 1083 1482 1118 si
1504 1082 1651 1131 ubique
1677 1082 1815 1120 eodem
1841 1081 1962 1119 modo
1985 1082 2032 1119 de
2060 1083 2142 1120 aliis
2160 1084 2355 1132 sapientiae
2380 1092 2517 1123 aucto-

1452 1142 1560 1179 ribus
1572 1141 1766 1190 judicaret
1781 1169 1792 1187 ,
1809 1142 1839 1178 si
1859 1154 2010 1192 semper
2020 1142 2123 1179 bona
2146 1141 2224 1180 fide
2240 1155 2400 1191 eorum,
2421 1157 2521 1194 quos

1452 1202 1628 1242 refellere
1641 1203 1875 1248 instituisset,
1885 1202 2090 1239 sententias
2101 1202 2275 1242 referret.
2290 1204 2383 1252 Quis
2390 1211 2519 1243 autem

1451 1274 1533 1297 non
1549 1260 1636 1309 jure
1661 1262 1824 1299 miretur
1854 1262 2149 1300 inconstantiam
2172 1261 2414 1311 Aristotelis,
2430 1276 2522 1314 qua

1453 1320 1692 1359 Parmenidis
1712 1322 1892 1372 dogmata
1911 1323 2023 1359 aliter
2047 1329 2163 1371 atque
2185 1321 2298 1360 aliter
2322 1325 2519 1362 enuntiata

1452 1382 1641 1432 proponit
1658 1389 1697 1419 et
1718 1394 1890 1419 errorem
1910 1383 1950 1418 in
1967 1395 2083 1431 quem
2112 1382 2175 1419 vel
2193 1384 2393 1420 memoriae
2412 1384 2520 1433 lapsu

1453 1433 1764 1491 vel'negligentia
1780 1442 1841 1478 vel
1855 1441 2070 1491 cupiditate
2087 1441 2270 1479 inductus
2283 1443 2359 1481 est?
2374 1443 2519 1491 Quam—

1454 1501 1590 1538 obrem
1615 1502 1798 1538 assentior
1814 1502 1986 1548 Murem,
2001 1502 2070 1550 qui
2090 1514 2213 1551 quum
2227 1503 2268 1539 in
2286 1505 2395 1542 Varr.
2410 1503 2518 1542 lectt.

1453 1561 1523 1600 lib.
1545 1561 1652 1608 XIV,
1684 1561 1731 1598 18
1754 1562 1998 1599 Aristotelem
2014 1574 2296 1612 nonnunquam
2313 1563 2524 1613 reprehen-

1454 1620 1674 1658 dendorum
1698 1627 1873 1658 veterum
1894 1621 2027 1670 paullo
2049 1634 2166 1670 quam
2194 1634 2268 1671 par
2293 1629 2398 1671 erat,
2431 1623 2519 1660 avi-

1455 1680 1606 1718 diorem
1627 1679 1740 1716 fuisse
1754 1680 1932 1726 dixisset,
1951 1681 2006 1716 ita
2022 1682 2148 1731 pergit
2167 1693 2176 1717 :
2199 1682 2335 1718 «Plato
2356 1682 2524 1720 civitatis

1453 1741 1615 1777 salutem
1647 1740 1688 1776 in
1726 1752 1774 1776 eo
1802 1740 1967 1789 positam
2007 1753 2086 1777 esse
2128 1740 2302 1788 dixerat,
2335 1742 2366 1778 si
2403 1753 2520 1791 quam

1452 1800 1620 1836 maxime
1633 1811 1709 1836 una
1725 1807 1835 1836 esset.
1853 1801 1977 1847 Quam
1990 1799 2032 1836 id
2047 1800 2254 1850 sophIstice
2268 1801 2521 1839 calumniatus

1453 1859 1531 1896 est?
1561 1859 1651 1896 Non
1671 1859 1768 1895 libet
1800 1859 1848 1896 de
1879 1859 1976 1896 ideis
2012 1859 2151 1897 dicere.
2185 1860 2258 1898 Sed
2280 1867 2409 1898 tamen
2437 1873 2520 1899 non

1454 1918 1591 1955 desunt
1623 1931 1669 1955 ex
1698 1919 1791 1968 ipsis
1822 1919 2085 1966 Aristoteleis,
2120 1920 2189 1968 qui
2210 1920 2455 1959 Aristotelem
2477 1921 2519 1958 in

1453 1979 1505 2015 eis
1536 1977 1816 2015 labefactandis
1842 1991 1922 2015 non
1955 1980 2103 2028 optima
2133 1978 2212 2017 fide
2238 1993 2328 2017 cum
2355 1979 2520 2018 Platone

1453 2033 1572 2082 egisse
1588 2030 1788 2070 fateantur.
1815 2047 1831 2065 1>
1852 2033 2000 2069 Invitus
2019 2033 2108 2070 talia
2122 2046 2387 2072 commemoro
2403 2034 2517 2073 ideo-

1454 2103 1531 2140 que
1552 2103 1597 2128 ea
1616 2092 1748 2128 alienis
1765 2104 1880 2140 quam
1905 2092 2000 2128 meis
2014 2091 2142 2129 verbis
2159 2092 2290 2129 dicere
2309 2092 2445 2132 malui.
2464 2095 2518 2131 At

1453 2162 1499 2186 ex
1521 2151 1565 2187 iis
1583 2163 1667 2200 quae
1682 2150 1802 2187 modo
1820 2151 1934 2188 allata
1952 2157 2040 2187 sunt
2055 2150 2282 2200 intelligitur
2301 2150 2518 2188 cavendum

1453 2222 1530 2247 esse
1542 2239 1552 2256 ,
1569 2223 1618 2247 ne
1644 2211 1764 2247 solam
1784 2210 2237 2258 judicii,inconstantiam
2253 2222 2298 2247 ac
2317 2210 2520 2251 diversita-

1453 2276 1530 2306 tem
1558 2277 1596 2307 et
1619 2277 1806 2319 praeterea
1831 2271 1974 2306 malam
1999 2268 2116 2306 fidem
2142 2270 2232 2307 satis
2258 2268 2412 2307 firmum
2441 2283 2523 2309 esse

1453 2337 1724 2380 argumentum
1750 2330 1970 2379 opinemur,
1990 2342 2062 2366 cur
2077 2330 2304 2367 Aristoteles
2331 2329 2447 2379 hujus
2477 2330 2521 2367 li-

1454 2392 1516 2428 bri
1537 2398 1675 2434 auctor
1701 2403 1780 2428 esse
1808 2403 1889 2427 non
1922 2397 2049 2439 queat.
2078 2391 2124 2427 In
2150 2402 2228 2439 quo
2254 2402 2394 2440 genere
2420 2390 2522 2428 illud

1455 2452 1571 2488 etiam
1594 2450 1912 2500 perincommode
1930 2450 2094 2494 accidit,
2111 2449 2219 2499 quod
2248 2450 2442 2500 nonnulli,
2458 2450 2518 2487 in-

1459 2519 1517 2548 ter
1537 2523 1635 2560 quos
1663 2510 1907 2561 Spaldingius
1929 2508 1985 2559 (5)
2017 2517 2085 2557 est,
2104 2522 2186 2546 non
2206 2510 2404 2546 intellecto
2437 2521 2525 2546 cor·

1452 2578 1655 2620 ruptarum
1668 2598 1678 2618 ,
1710 2583 1806 2620 quas
1838 2570 2085 2619 reperiebant
2122 2571 2162 2606 in
2207 2569 2283 2606 hoc
2330 2569 2524 2619 opusculo·

1453 2631 1760 2668 enuntiationum
1776 2643 1887 2668 sensu
1913 2631 2036 2667 multo
2062 2630 2193 2679 plures
2214 2640 2330 2678 quam
2352 2641 2436 2678 quae
2457 2629 2519 2666 in-

1453 2698 1541 2727 sunt
1559 2691 1600 2727 in
1613 2691 1695 2740 ipsa
1715 2691 1928 2739 scriptione
1948 2690 2154 2739 opiniones
2167 2689 2215 2726 ab
2231 2689 2315 2726 aliis
2328 2689 2524 2738 Stagiritae·

1453 2751 1547 2787 locis
1564 2750 1732 2787 diversas
1757 2749 2057 2799 deprehendisse
2073 2749 2146 2785 sibi
2164 2749 2236 2784 visi
2256 2755 2357 2785 sunt.
2379 2749 2524 2796 ltaque

1452 2809 1544 2845 inde
1568 2821 1591 2845 a
1608 2808 1822 2858 Spaldingii
1844 2815 2022 2857 tempore
2040 2807 2199 2856 plurimi
2219 2807 2292 2843 sibi
2320 2818 2523 2855 persuase·

1452 2877 1564 2918 runt,
1582 2870 1685 2906 hunc
1706 2869 1881 2904 libellum
1912 2881 1992 2905 non
2014 2880 2093 2905 esse
2122 2867 2414 2905 Aristoteleum.
2438 2866 2513 2904 Ac·

1453 2928 1550 2965 cedo
1571 2928 1621 2965 ad
1648 2929 1810 2964 alterum
1834 2928 1989 2977 Bergkii
2013 2933 2299 2976 argumentum.
2337 2923 2523 2962 Affirmat·

1454 2988 1620 3025 inveniri
1639 2989 1680 3024 in
1709 2988 1785 3024 hoc
1817 2987 2117 3034 commentario,
2147 2998 2232 3034 quae
2250 2985 2523 3034 Theophrasto¹

1453 3055 1491 3084 et
1510 3047 1715 3085 Aristotele
1730 3047 1887 3096 indigna
1905 3047 1993 3085 sint.
2024 3045 2138 3093 Quod
2153 3058 2226 3095 ego
2245 3052 2393 3082 tantum
2409 3044 2524 3081 abest:

1452 3114 1495 3143 ut
1514 3119 1648 3156 negem
1663 3133 1674 3154 ,
1697 3114 1741 3142 ut
1759 3107 1832 3142 nisi
1847 3105 1928 3153 jam
1949 3106 1997 3142 ab
2022 3105 2105 3141 aliis
2129 3103 2274 3140 dictum
2296 3111 2413 3149 esset,
2433 3103 2522 3153 ipse·

1453 3166 1590 3203 fuerim
1608 3166 1947 3203 demonstraturus.
1966 3166 2016 3203 At
2038 3164 2122 3213 quis
2138 3164 2277 3200 audeat
2294 3162 2513 3209 defendere,

1452 3227 1492 3262 in
1525 3226 1684 3275 reliquis
1717 3225 1906 3275 Stagiritae
1937 3224 2119 3274 operibus
2146 3224 2243 3259 nihil
2274 3224 2374 3273 legi,
2405 3222 2512 3272 quod

1453 3287 1622 3323 auctoris
1641 3285 1740 3323 fama
1760 3292 1798 3322 et
1818 3285 1884 3321 illa
1905 3297 1988 3333 quae
2010 3285 2183 3321 omnium
2205 3296 2273 3320 ore
2295 3282 2516 3320 celebratur

1454 3347 1591 3383 mentis
1600 3346 1802 3396 sagacitate
1813 3356 1857 3381 ac
1875 3343 2082 3381 disserendi
2096 3343 2302 3380 subtilitate
2313 3341 2518 3392 indignum

343 3408 2500 3426 w

381 3446 426 3490 (⁵)
445 3448 494 3480 Cf.
517 3448 690 3490 Spaldingii
723 3449 846 3483 vindic.
880 3450 959 3492 phil.
989 3453 1109 3494 Megar.
1143 3461 1212 3493 pag.
1243 3457 1294 3494 55,
1329 3458 1382 3494 66,
1399 3457 1438 3486 72
1460 3458 1522 3487 etc.
