2612 3814
958 196 1013 234 IN
1042 195 1263 235 AUREUM
1292 195 1521 234 CARMEN.

155 292 326 334 τούτων
345 305 371 343 χ
380 288 428 363 ρὴ
449 278 554 359 ἐκρέν
571 302 640 335 σε,
671 288 718 331 ὥς
745 287 871 325 οἰκεῖον
893 283 1135 336 συμπέρασμα
1154 286 1218 331 τῆς

159 351 343 396 πολιτικῆς
374 349 518 401 ἀρετῆς·
552 347 592 385 τὸ
626 345 684 394 δέ,
718 345 863 384 ταυτά
894 360 943 384 σε
980 348 1057 392 τῆς
1094 342 1219 391 θείης

164 411 330 462 ἀρετῆς
361 408 422 451 εἷς
449 406 574 460 ἴχνια
595 404 750 456 θήσει,
781 407 828 449 ως
849 405 942 458 ἀρχὴ
963 403 1137 451 καλλίστη
1157 406 1221 449 τῆς

163 470 376 522 θεωρητικῆς
397 465 610 516 ἐπιστήμης
676 463 749 504 Τὸν
780 463 847 517 γὰρ
881 462 1129 515 ἀπαλλαγέντα
1161 465 1222 510 τῆς

161 525 353 580 θηριώδους
384 527 495 573 ζωῆς,
529 523 590 563 καὶ
621 526 685 571 τῆς
705 523 873 575 ἀμετρίας
904 525 972 561 τῶν
1000 524 1138 573 παθῶν,
1156 520 1221 569 ὅση

166 586 332 637 δύναμις,
351 584 635 637 καθαρεύσαντα,
659 599 719 622 και
740 581 797 622 διὰ
816 586 917 622 τοῦτο
934 575 1004 622 οἷον
1035 583 1075 620 ἐκ
1104 581 1222 634 θηρίου

162 644 352 698 γενόμενον
384 644 590 717 ἄνθρωπον,
617 641 662 681 τὰ
693 641 770 690 ἑξῆς
803 641 1059 693 ἐπαγγέλλεται
1078 640 1169 680 Θεὸν
1190 639 1224 685 ἐξ

165 703 351 756 ἀνθρώπου
375 702 550 754 ποιήσειν,
575 701 628 755 ἐφ’
649 701 728 740 ὅσον
748 695 818 740 οἷόν
850 716 887 739 τε
918 700 1089 754 ἀνθρώπῳ
1122 699 1225 739 θεον

165 762 338 816 γενέσθαι.
396 760 485 802 Ὅτι
505 761 542 801 83
561 766 663 801 τοῦτο
682 763 745 808 τῆς
761 762 976 813 θεωρητικῆς
1005 759 1168 807 ἀληθείας
1187 758 1227 797 τὸ

167 821 287 870 τέλος,
317 823 361 860 δι’
394 822 509 860 αὐτῶν
534 821 702 867 δηλουται
729 823 798 858 τῶν
831 819 875 858 F
877 834 965 858 πων
995 820 1029 857 ἐν
1059 821 1108 862 οἷς
1142 833 1228 870 προς

168 885 219 921 τῶ
249 881 348 934 δτέλει
376 882 415 920 τὸ
445 881 633 920 κάλλιστον
670 879 730 918 καὶ
763 878 954 932 ἀκρότατον
987 878 1228 931 συμπέρασμα

169 939 311 992 ἐπάγει·

257 1038 319 1070 ’Ἦν
331 1037 359 1071 δ’
369 1037 541 1074 ἀπολείψας
556 1039 652 1077 σῶμα
665 1035 694 1071 ἐς
708 1035 801 1076 αἰθέρ’
815 1035 971 1075 ἐλεύθερον
987 1034 1092 1075 ἔλθῃς,

256 1085 364 1118 ἔσσεαι
378 1084 527 1121 ἀθάνατος
545 1084 611 1120 θεὸς
623 1109 631 1122 ,
646 1083 798 1124 ἀμὸροτος
808 1106 817 1122 ,
836 1083 896 1114 οὐκ
911 1082 954 1113 ἔτι
970 1082 1091 1119 θνητὸς.

174 1162 376 1215 Τυγχοίνειν
410 1160 446 1200 δὲ
478 1164 540 1208 τῆς
574 1158 894 1204 ἀποκαταστάσεως
916 1160 1011 1209 ἡμᾶς
1039 1156 1176 1208 (ταῦτον
1197 1156 1232 1195 83

175 1223 287 1261 εἰπεῖν
305 1223 370 1268 τῆς
398 1217 641 1271 ἀποθεώσεως)
666 1217 722 1256 διὰ
744 1220 805 1265 τῆς
825 1216 1108 1271 προασκηθείσης
1136 1218 1158 1254 ἀ
1155 1232 1233 1292 ’ἴρε-

176 1284 253 1328 τῆς
267 1310 278 1331 ,
299 1280 359 1318 καὶ
390 1282 451 1327 τῆς
471 1279 529 1317 ἐπὶ
549 1277 660 1331 ταύτῃ
683 1277 896 1328 γνωσθείσης
925 1275 1111 1329 ἀληθείας,
1137 1279 1235 1319 οὗτος

174 1343 195 1379 ὁ
208 1339 332 1393 ἱερὸς’
313 1338 543 1392 αποφαίνεται
555 1336 705 1390 λόγος,ε
686 1351 732 1380 ως
752 1335 916 1387 εἰσόμεθα
933 1349 1055 1387 μικρον
1074 1334 1233 1388 ὕστερον.

178 1401 254 1440 Νῦν
267 1399 303 1438 83
323 1397 380 1436 ἐπὶ
393 1397 435 1436 τὰ
456 1396 668 1450 προκείμενα
684 1394 752 1444 ἔπη
773 1395 878 1434 πάλιν
899 1394 1144 1439 ἐπανελθόντες
1161 1396 1235 1434 ἐπι-

177 1457 393 1512 σκεψώμεθα
426 1455 458 1495 εἴ
483 1472 518 1495 τι
539 1454 702 1508 βούλεται
721 1457 738 1493 ὁ
767 1453 901 1497 πόνος
937 1452 997 1492 καὶ
1017 1455 1038 1500 ἡ
1061 1469 1113 1505 με
1128 1455 1149 1492 λ
1163 1453 1235 1500 έτη

177 1516 241 1557 καὶ
260 1519 278 1555 ὁ
304 1515 413 1568 ἔρως
448 1514 505 1554 ἐπὶ
537 1520 613 1558 ταῖς
643 1513 904 1568 προλαὸούσαις
923 1512 1136 1562 ὑποθήκαις,
1156 1515 1179 1560 ἢ
1200 1513 1239 1552 τὸ

181 1576 268 1630 πρὸς
299 1574 363 1623 τὴν
392 1577 454 1622 τῆς
482 1576 609 1627 ἀρετῆς
644 1573 793 1620 ἄσκησιν
828 1571 913 1619 ὅλην
943 1572 1151 1627 ἐπιστρέψαι
1177 1573 1239 1619 τὴν

180 1634 316 1690 ψυχήν.
334 1633 558 1687 Τριδύναμος
580 1632 617 1672 δέ
635 1631 710 1677 πώς
728 1634 823 1684 ἐστι,
842 1631 903 1671 καὶ
919 1630 1009 1679 αῧτὴ
1033 1635 1112 1670 καθ’
1131 1633 1239 1679 αὑτὴν

185 1793 314 1824 autem
340 1784 391 1821 ad
410 1784 629 1833 superiora,
666 1795 750 1831 quae
783 1794 1012 1831 superorum
1042 1795 1245 1818 conversa·

187 1847 332 1883 tionem
367 1844 559 1881 conciliet.
599 1841 698 1879 Sunt
735 1853 829 1878 vero
865 1841 1027 1877 duarum
1061 1842 1244 1877 virtutum

189 1907 346 1943 istarum
384 1903 491 1951 quasi
542 1900 750 1938 confinium
791 1900 991 1949 quoddam
1030 1900 1246 1950 interpositi

189 1962 414 2012 hujusmodi
431 1974 562 1998 versus
574 1990 584 2008 ,
602 1961 697 1997 alter
711 1960 884 2009 quidem,
904 1963 943 1996 in
963 1960 1022 1995 his
1037 1960 1102 1996 tibi
1123 1961 1250 1996 elabo-

190 2023 352 2059 randum
369 2028 438 2065 est,
464 2020 549 2056 haec
569 2019 764 2064 medicare,
784 2018 867 2054 hoec
883 2019 953 2054 tibi
968 2019 1137 2054 amanda
1151 2026 1248 2064 sunt,

193 2089 380 2132 tanquam
405 2080 569 2129 propria
593 2078 714 2115 civilis
731 2078 883 2114 virtutis
911 2078 1125 2123 conclusio,
1156 2078 1252 2113 alter

191 2149 341 2187 autem,
355 2140 441 2176 lzoec
461 2147 496 2175 te
512 2139 712 2174 indivinoe
733 2140 884 2174 virtutis
899 2141 968 2173 via
991 2141 1144 2183 sistent,
1165 2143 1254 2172 tan-

193 2213 310 2251 quam
325 2198 629 2249 pulcherrimum
647 2189 949 2245 contemplativae
965 2196 1129 2232 scientiae
1148 2196 1254 2244 prin-

194 2261 366 2311 cipium.-
380 2261 432 2296 Ea
451 2259 572 2304 enim,
599 2269 683 2306 quae
705 2263 933 2305 sequuntur,
960 2256 1014 2291 illi
1033 2256 1100 2303 qui
1123 2255 1256 2290 bellui-

198 2333 287 2357 nam
305 2320 424 2355 vitam
444 2317 668 2367 deposuerit
691 2323 807 2365 atque
824 2314 1055 2351 immodicos
1074 2314 1230 2350 affectus
1242 2341 1252 2359 ‚

197 2386 382 2428 quantum
411 2383 558 2427 potest,
579 2376 750 2422 exuerit,
783 2374 950 2423 ideoque
972 2375 1078 2422 quasi
1107 2386 1152 2409 ex
1178 2372 1257 2409 fera

198 2440 316 2476 homo
340 2437 461 2473 factus
489 2435 562 2480 sit,
589 2435 823 2483 pollicentur
848 2445 887 2470 se
914 2445 1001 2469 eum
1032 2445 1078 2468 ex
1104 2432 1259 2468 homine

201 2497 318 2534 deum
351 2507 428 2532 esse
459 2494 606 2530 factura
621 2521 633 2542 ,
653 2491 782 2541 quoad
806 2492 924 2528 homo
951 2491 1044 2527 deus
1065 2489 1148 2526 fieri
1172 2502 1259 2539 pos-

201 2558 262 2593 sit.
297 2557 410 2592 Hunc
441 2561 568 2591 autem
597 2552 899 2608 contemplativae
937 2551 1106 2586 veritatis
1144 2547 1260 2585 finem

2252 201 2329 234 463

1280 281 1406 335 λογικὴ
1437 276 1543 321 ουσα·
1573 281 1614 320 τὸ
1647 282 1710 332 μέν
1740 298 1773 319 τι
1810 281 1939 334 ἔχουσα
1955 311 1965 330 ,
1992 286 2030 336 ’ᾡ
2063 283 2298 334 μανθάνομεν,
2321 282 2340 321 ὃ

1281 357 1424 380 ταυτα
1452 342 1618 391 ἐκμελε
1631 347 1704 379 τᾶν
1732 344 1791 379 νῦν
1811 341 2088 394 προστάττεται·
2107 342 2148 381 τὸ
2168 342 2204 381 δέ
2225 358 2281 393 τι,
2311 345 2341 395 ᾧ

1281 399 1533 452 τὰγνωσθέντα
1544 415 1753 453 κρατουμεν,
1763 399 1780 438 ὃ
1790 403 1900 439 ταῦτα
1909 416 2024 439 πονειν
2035 400 2335 453 παραγγέλλεται·

1282 459 1322 499 τὸ
1337 459 1375 499 δέ
1388 476 1441 507 τι,
1457 453 1486 512 ᾧ
1501 459 1690 510 στέργομεν
1707 459 1751 497 τὰ
1770 459 1969 510 γνωσθέντα
1986 460 2047 498 καὶ
2060 461 2277 511 κρατηθέντα
2290 491 2300 509 ,
2323 459 2341 499 ὃ

1284 518 1447 559 τούτων
1466 520 1567 571 ἐρᾶν
1587 523 1811 559 νουθετεῖται.
1823 518 1902 558 Ἵνα
1911 512 1968 558 οῧν
1979 519 2094 563 πάσας
2105 520 2166 563 τὰς
2178 519 2341 570 δυνάμεις

1289 581 1351 626 τῆς
1377 579 1519 630 λογικῆς
1540 579 1656 632 ψυχῆς
1671 578 1928 628 συντεταμένας
1955 577 2092 649 3'yzmu3v
2110 579 2195 631 πρὸς
2215 579 2259 617 τὰ
2275 581 2344 617 τῶν

1290 639 1422 690 ἀρετῶν
1444 637 1752 690 παραγγέλματα,
1777 637 1817 675 ἐκ
1847 635 1910 687 μὲν
1941 640 2001 675 τοῦ
2026 642 2115 675 νοεῖν
2149 636 2343 690 πεφυκότος

1288 699 1351 745 τὴν
1374 697 1568 749 μελέτην
1592 698 1754 736 ἀπαιτεῖ·
1774 700 1814 736 ἐκ
1835 696 1869 735 83
1889 711 1949 735 του
1980 711 2164 748 τηρουντος
2194 695 2239 734 τὰ
2268 712 2346 743 νοη-

1289 751 1418 799 θέντα,
1439 767 1497 790 τον
1519 751 1670 791 πόνον·
1686 752 1726 790 ἐκ
1746 751 1782 790 83
1801 765 1860 789 του
1883 749 2099 802 φιλοκάλου,
2115 749 2172 787 τὸν
2190 748 2347 801 ἔρωτα·

1288 810 1333 849 ιν’
1357 811 1430 856 ἐξ(
1413 811 1578 851 αποίντων
1600 813 1620 858 ἡ
1640 813 1762 858 κτῆσις
1778 811 1847 847 τῶν
1866 808 1972 853 ὅντως
2001 810 2140 881 ἀγαθῶν
2160 810 2245 859 ἧμιν
2275 825 2350 847 πα-

1293 869 1476 922 ραγίνηται
1497 868 1587 921 μετὰ
1616 871 1678 916 τῆς
1698 867 1932 921 ἀπαραὸοίτου
1952 867 2152 920 τηρήσεως,
2175 868 2236 906 καὶ
2258 884 2349 918 συμ-

1295 934 1397 982 φυοῦς
1427 932 1511 980 ἡμῖν
1513 945 1621 1000 ωπρος
1652 929 1768 967 ἐκεῖνα
1795 930 1960 981 στοργῆς·
1993 920 2042 972 οἶς
2073 926 2195 965 ἕπεται
2223 931 2245 975 ἡ
2280 928 2352 965 θεία

1294 989 1391 1032 ἐλπίς
1405 1019 1415 1038 ,
1436 989 1476 1026 τὸ
1493 991 1554 1035 τῆς
1575 987 1774 1035 ἀληθείας’
1760 1003 1818 1026 επε
1805 987 1996 1040 ισάγουσα
2021 985 2167 1040 φέγγος,
2188 988 2234 1031 ὡς
2256 986 2354 1029 αὐτὸς

1294 1050 1516 1098 ὑπισχνεῖται
1547 1046 1673 1098 λέγων,
1690 1062 1708 1084 τ
1722 1045 1840 1085 αῧτοί
1863 1061 1909 1085 σε
1943 1048 2019 1092 τῆς
2050 1045 2171 1091 θείης
2188 1049 2210 1083 ἀ
2224 1060 2242 1097 ρ
2257 1047 2355 1090 ετῆς

1295 1108 1358 1150 εἷς
1377 1105 1500 1157 ἴχνια
1530 1105 1685 1156 θήσει,
1702 1105 1882 1156 τουτέστι,
1904 1103 2015 1144 ταῦτά
2040 1120 2077 1142 σε
2114 1102 2280 1156 ὁμοιώσει
2306 1105 2355 1155 τῷ

1294 1166 1377 1217 Θεῷ
1398 1164 1455 1204 διὰ
1482 1168 1544 1212 τῆς
1567 1166 1634 1203 τῶν
1667 1165 1775 1204 ὄντων
1797 1165 2072 1215 ἐπιστημονικῆς
2090 1163 2263 1215 γνώσεως.
2305 1162 2358 1202 Τὸ

1294 1222 1362 1276 γὰρ
1385 1222 1446 1266 τὰς
1466 1223 1580 1267 αἰτίας
1602 1223 1852 1276 ἐκλογίσασθαι
1871 1239 1940 1262 των
1956 1222 2078 1270 ὄντων,
2097 1221 2158 1266 τὰς
2176 1223 2211 1260 ἐν
2231 1237 2282 1274 τῳ
2288 1222 2358 1295 ''8⁷1-

1298 1284 1453 1335 μιουργῶ
1474 1284 1541 1320 θεῶ
1545 1281 1717 1355 πρώτως
1720 1281 1895 1332 κειμένας,
1913 1297 1997 1334 προς
2010 1280 2109 1328 τὴν’
2091 1281 2268 1333 ακρότητα
2281 1280 2359 1331 ἄγει

1297 1341 1527 1393 θεογνωσίας,
1543 1344 1565 1394 ᾐ
1580 1342 1843 1394 συνεισέρχεται
1857 1357 1918 1380 και
1932 1344 1954 1388 ἦ
1969 1340 2054 1393 πρὸς
2070 1340 2162 1380 Θεὸν
2179 1339 2357 1389 ὁμοίωσις.

1297 1398 1373 1446 Τὴν
1396 1399 1432 1439 83
1449 1400 1616 1451 ὁμοίωσιν
1636 1399 1767 1448 ταύτην
1785 1398 1905 1438 θείαν
1928 1398 2091 1452 ἀρετὴν
2117 1401 2134 1437 ὁ
2166 1398 2266 1450 λόγος
2293 1413 2360 1437 κα-

1301 1459 1371 1506 λεῖ,
1389 1461 1435 1503 ὥς
1455 1458 1513 1498 ἐπὶ
1536 1459 1754 1512 ἀνθρωπίνην
1781 1458 1844 1506 τὴν
1871 1457 1940 1512 πρὸ
1970 1457 2099 1506 ταύτης
2131 1458 2248 1501 καλῶς
2279 1458 2361 1495 ἐπο-

1300 1517 1489 1570 χουμένην.
1548 1519 1610 1563 Εἷς
1630 1517 1779 1570 ἔρωτα
1799 1512 1858 1558 οῧν
1878 1516 2064 1571 φιλόσοφον
2093 1516 2153 1555 καὶ
2172 1515 2362 1570 φιλόκαλον

1302 1577 1600 1630 ἀποπερατούσθω
1619 1577 1666 1616 τὰ
1682 1580 1807 1631 πρῶτα
1829 1576 1897 1625 ἔπη
1913 1592 1921 1601 ·
1939 1576 2061 1615 τούτου
2082 1575 2118 1615 83
2145 1574 2337 1627 ἡγουμένου
2349 1604 2359 1623 ‚

1301 1638 1323 1682 ἡ
1356 1639 1417 1683 τῆς
1450 1636 1615 1685 ἀληθείας
1654 1640 1781 1689 γνῶσις
1814 1636 1951 1676 ἑπέσθω
1984 1634 2069 1688 πρὸς
2101 1633 2267 1686 ὁμοίωσιν
2298 1637 2363 1681 τῆς

1307 1787 1487 1824 animum.
1503 1788 1577 1834 Qui
1595 1801 1713 1836 quum
1728 1788 1922 1823 rationalis
1938 1787 2007 1831 sit,
2038 1785 2178 1834 triplici
2197 1783 2365 1833 quadam

1308 1852 1345 1881 et
1365 1846 1445 1894 ipse
1463 1859 1534 1895 per
1560 1858 1598 1882 se
1621 1846 1797 1882 facultate
1822 1845 2003 1902 praeditus
2031 1852 2106 1893 est3
2128 1843 2246 1879 habet
2264 1842 2365 1878 enim

1310 1905 1496 1953 quiddam
1514 1919 1591 1954 quo
1619 1906 1817 1951 discimus,
1837 1904 1945 1955 quod
1963 1893 2048 1940 lioec
2067 1903 2246 1938 meditari
2265 1913 2366 1938 nunc

1306 1963 1483 2012 jubetur3
1521 1965 1706 2015 quiddam
1733 1977 1825 2001 vero
1859 1977 1938 2013 quo
1962 1963 2112 2012 cognita
2134 1961 2364 2007 retinemus,

1312 2024 1374 2059 cui
1394 2027 1433 2060 in
1451 2024 1512 2060 his
1525 2026 1722 2061 elaborare
1741 2024 1986 2073 praecipitur3
2003 2021 2188 2070 quiddam
2205 2020 2369 2068 denique

1312 2096 1390 2132 quo
1421 2096 1463 2120 ea
1495 2083 1688 2133 diligimus
1725 2096 1809 2133 quae
1847 2083 2025 2119 novimus
2067 2087 2105 2116 et
2140 2080 2368 2124 retinemus,

1314 2143 1422 2192 quod
1441 2143 1525 2179 lzoec
1550 2156 1683 2179 amare
1715 2149 1908 2180 monetur.
1938 2143 1992 2178 Ut
2030 2138 2228 2176 rationalis
2253 2138 2370 2187 igitur

1315 2203 1433 2239 animi
1459 2202 1656 2240 facultates
1681 2215 1812 2238 omnes
1832 2201 1882 2237 ad
1900 2201 2086 2237 virtutum
2105 2204 2298 2247 praecepta
2317 2196 2372 2232 si-

1314 2262 1395 2298 mul
1416 2263 1579 2297 intentas
1591 2261 1801 2297 habeamus
1815 2288 1825 2305 ‚
1839 2260 1887 2296 ab
1907 2271 1952 2295 eo
1974 2257 2080 2306 quod
2095 2256 2143 2293 ad
2163 2255 2374 2303 intelligen-

1317 2322 1408 2358 dum
1432 2328 1570 2357 natura
1604 2328 1737 2371 aptum
1772 2327 1827 2356 est
1855 2319 2137 2355 meditationem
2176 2315 2370 2364 postulat3

1319 2382 1482 2417 laborem
1503 2393 1595 2416 vero
1623 2381 1670 2416 ab
1688 2392 1734 2416 eo
1760 2378 1868 2428 quod
1887 2378 2082 2414 intellecta
2100 2383 2244 2420 servat3
2266 2386 2373 2410 amo·
2404 2393 2408 2399 ·

1317 2452 1394 2475 rem
1420 2440 1585 2488 denique
1606 2440 1654 2476 ab
1676 2452 1722 2476 eo
1743 2439 1850 2487 quod
1867 2438 2021 2475 honesti
2044 2436 2234 2473 desiderio
2252 2434 2373 2471 affici-

1319 2506 1381 2535 tur
1400 2512 1409 2535 :
1426 2507 1469 2536 ut
1482 2500 1659 2536 omnibus
1674 2500 1751 2535 istis
1762 2511 1851 2534 vera
1866 2498 1969 2534 bona
1985 2497 2244 2546 adipiscamur
2257 2507 2374 2542 eaque

1319 2558 1499 2595 inviolate
1519 2570 1708 2595 servemus
1727 2563 1766 2594 et
1780 2558 1911 2593 innato
1944 2556 2054 2592 nobis
2071 2567 2160 2604 erga
2180 2559 2225 2591 ea
2242 2565 2374 2590 amore

203 2614 393 2663 esse,ipsi
418 2613 614 2649 declarant
630 2622 759 2650 versus
769 2636 780 2655 ,
800 2610 942 2659 quihus
962 2609 1011 2645 ad
1037 2610 1180 2645 exitum
1199 2608 1261 2644 ad·
1320 2629 1624 2666 prosequamur;
1662 2629 1828 2666 quorum
1858 2627 1985 2652 comes
2018 2622 2074 2651 est
2110 2626 2194 2662 Spes
2224 2613 2373 2661 divina,

204 2674 329 2712 ductis
344 2672 644 2722 pulcherrimam
660 2670 760 2706 hanc
776 2668 999 2706 coronidem
1016 2668 1206 2718 imponit:

289 2759 410 2800 Quodsi
423 2758 535 2792 relicto
550 2765 684 2799 corpore
700 2756 740 2788 ad
754 2756 890 2788 liberum
906 2755 1062 2787 aetherem
1075 2753 1263 2794 commigra-

1322 2677 1597 2724 quae·veritatis
1613 2676 1743 2712 lumen
1761 2674 1932 2720 inducit,
1956 2672 2282 2722 quemadmodum
2297 2672 2375 2720 ipsc

1321 2736 1538 2784 pollicetur,
1558 2735 1710 2781 dicens,
1733 2734 1818 2770 hoec
1835 2742 1870 2770 te
1892 2737 1931 2769 in
1957 2734 2095 2769 divinoe
2123 2735 2271 2768 virtutis
2305 2733 2373 2766 via

1148 2800 1264 2843 [veiis‚
1320 2798 1469 2841 sistent,
1491 2794 1530 2831 id
1552 2802 1627 2840 est,
1647 2762 1727 2830 hae’c
1756 2801 1790 2830 te
1817 2796 1900 2830 Deo
1920 2794 2084 2829 similem
2103 2791 2267 2828 reddent
2286 2790 2375 2839 phi-

290 2854 354 2888 eris
385 2852 578 2886 immortalis
605 2851 702 2891 deus,
728 2851 957 2892 incorruptus,
990 2857 1094 2890 neque
1126 2848 1265 2889 amplius

949 2897 1070 2939 [morti
1093 2895 1264 2928 obnoxius.

1323 2854 1520 2902 losophica
1559 2865 1688 2890 rerum
1718 2842 1950 2902 cognitione.
1991 2852 2087 2888 Nam
2129 2849 2375 2886 consideratis

1323 2925 1452 2949 rerum
1473 2914 1616 2959 causis,
1637 2925 1721 2962 quae
1754 2910 1933 2962 primitus
1952 2912 1991 2947 in
2018 2909 2156 2960 opifice
2183 2911 2264 2946 Deo
2296 2907 2375 2945 sitae

209 2980 388 3020 Ostendit
407 2987 534 3017 autem
555 2991 657 3016 sacer
691 2979 753 3015 hic
782 2990 931 3023 sermo,
965 2984 1008 3012 ut
1033 2976 1148 3025 paulo
1179 2982 1268 3023 post
1322 2978 1425 3016 sunt,
1459 2971 1508 3008 ad
1539 2971 1678 3008 divinae
1711 2970 1940 3021 cognitionis
1968 2969 2158 3019 fastigium
2189 2964 2391 3016 provehi—⁹

213 3041 418 3087 discemus,
436 3052 508 3076 nos
520 3039 666 3090 praevia
683 3038 834 3074 virtutis
850 3037 1123 3073 exercitatione
1143 3046 1187 3070 ac
1206 3046 1267 3070 ve-

1322 3043 1424 3077 mur,
1467 3031 1571 3068 unde
1606 3038 1644 3068 et
1679 3032 1819 3067 similes
1854 3032 1937 3067 Deo
1973 3028 2172 3065 efficimur.
2213 3026 2374 3065 Carmen

213 3100 359 3146 ritatis,
381 3112 464 3148 quae
488 3110 573 3136 eam
601 3098 785 3146 sequitur,
820 3096 1039 3145 cognitione
1060 3093 1268 3130 restitutio·
1323 3091 1557 3128 autemhanc
1570 3090 1858 3127 similitudinem
1874 3096 1990 3126 vocat
2003 3092 2179 3124 vtrtutem
2193 3087 2267 3122 du
2246 3098 2371 3130 mam,

213 3171 301 3195 nem
317 3159 355 3194 in
373 3159 577 3208 pristinum
592 3164 755 3203 statum,
773 3168 888 3205 quam
914 3155 1028 3191 etiam
1043 3153 1266 3190 relationem

214 3218 313 3254 inter
331 3217 440 3254 divos
464 3216 654 3267 appelles,
686 3227 766 3253 esse
786 3215 1009 3264 adepturos.
1040 3213 1152 3250 Nunc
1172 3223 1264 3248 vero

213 3289 342 3313 rursus
361 3276 410 3312 ad
434 3276 655 3325 propositos
673 3286 805 3313 versus
827 3273 1028 3311 redeuntes
1047 3270 1262 3309 considere-

213 3348 318 3382 mus,
347 3347 440 3371 num
473 3335 569 3385 quid
597 3334 700 3372 aliud
730 3335 798 3371 iste
827 3333 986 3370 laboret
1013 3331 1210 3368 meditatio
1229 3337 1266 3366 et

211 3407 320 3432 amor
338 3395 378 3431 in
394 3394 698 3443 praecedentibus
715 3393 911 3443 praeceptis
931 3391 1069 3436 velint,
1093 3401 1209 3438 quam
1224 3395 1267 3424 ut

212 3453 262 3490 ad
294 3454 443 3490 virtutis
478 3453 790 3490 exercitationem
832 3459 955 3488 totum
1002 3456 1266 3487 convertamus

1323 3158 1366 3187 ut
1400 3163 1483 3199 quae
1515 3151 1691 3187 humanae
1725 3150 1910 3199 praeeunti
1942 3149 2070 3184 innixa
2095 3147 2206 3182 altius
2237 3146 2374 3182 evolet.

1323 3212 1479 3261 Desinat
1498 3223 1589 3260 ergo
1611 3211 1788 3247 carminis
1815 3210 1941 3258 prima
1964 3220 2052 3256 pars
2069 3207 2107 3241 in
2126 3205 2318 3253 sapientiae
2337 3210 2374 3239 et

1322 3270 1529 3307 honestatis
1547 3282 1712 3307 amorem
1745 3282 1757 3304 .-
1783 3269 1858 3304 hoc
1875 3279 1967 3303 vero
1987 3272 2181 3314 praeeunte
2197 3270 2376 3311 sequatur

1323 3328 1489 3366 veritatis
1506 3328 1673 3377 cognitio
1687 3355 1697 3374 ‚
1715 3339 1798 3375 quae
1817 3325 1867 3362 ad
1881 3326 2017 3361 divinoe
2034 3326 2182 3360 virtutis
2199 3321 2377 3357 similitu-

1324 3389 1453 3425 dinem
1484 3387 1634 3432 evehit,
1679 3383 2008 3434 quemadmodum
2049 3382 2088 3417 in
2130 3378 2375 3428 sequentibus

1324 3447 1493 3484 versibus
1513 3446 1741 3482 declaratur.
1762 3445 1915 3480 Horum
1939 3449 2064 3479 autem
2093 3436 2376 3486 conjunctionis
