2612 3814
763 230 1072 272 SENTENTIAE
1107 229 1174 268 ET
1214 228 1693 271 APOPHTHEGMATA.
2249 240 2329 278 209

140 323 295 363 videtur
309 323 558 363 contrivisse.
578 322 673 360 Nam
691 330 952 374 praeterquam
971 317 1078 372 quod
1093 313 1202 368 'leges

140 384 266 423 soluta
279 383 459 422 oratione
479 381 632 421 civibus
647 381 820 432 scripsit,
836 380 982 418 dicitur
999 386 1202 418 sexcentos

139 456 277 483 versus
300 443 492 493 elegiacos
521 441 658 491 secisse
673 438 768 492 (43).
792 439 983 478 Caeterum
1017 438 1102 477 sive
1121 432 1203 476 Pit-

139 503 214 541 taci
234 503 316 541 sive
333 501 483 541 Biantis
508 513 698 552 responso
717 499 894 539 Croesum
915 512 938 536 a
957 498 1063 536 bello
1085 497 1204 536 insu-

138 560 239 600 lanis
255 561 459 600 inferendo
478 559 708 598 deterritum
728 571 812 597 esse
827 567 958 596 narrat
978 557 1203 596 Herodotus

138 619 210 659 lib.
235 619 270 670 l,
290 619 449 673 27(44).

191 679 342 718 Floruit
368 679 542 717 Pittacus
576 677 746 715 maxime
790 677 895 715 circa
929 675 1201 728 Olympiadem

136 738 268 790 XLII,
289 738 390 777 obiit
410 747 541 777 autem
573 738 784 776 admodum
808 749 928 775 senex
955 735 1029 775 sub
1053 736 1205 774 Aristo-

137 811 248 837 mene
275 798 391 836 tertio
427 797 497 836 Lll
541 796 779 848 olympiadis
817 809 942 844 anno,
977 795 1062 834 vita
1099 795 1203 833 ultra

135 857 462 911 septuagesimum
480 870 625 895 annum
647 855 836 908 producta
853 853 949 907 (45).

188 921 297 965 Bias,
339 917 521 956 Teutami
562 916 667 954 filius
680 945 691 964 ,
726 915 967 964 Prienensis,
1009 914 1202 965 Halyattis

134 976 299 1030 ejusque
316 977 390 1016 filii
410 976 538 1015 Croesi
573 975 735 1027 aequalis
756 973 853 1027 (46),
888 987 1004 1025 quem
1039 972 1202 1024 Satyrus

135 1037 302 1088 reliquis
325 1034 570 1088 sapientibus
603 1032 834 1086 praeferebat
855 1031 949 1087 (47),
988 1031 1201 1083 Hipponax

133 1103 171 1133 et
185 1095 403 1134 Heraclitus
423 1093 608 1133 laudibus
635 1091 888 1132 cumulabant
905 1089 1002 1143 (48),
1024 1092 1086 1129 sui
1104 1099 1199 1128 tem-

134 1156 244 1206 poris
278 1148 705 1204 disertissimus'atque
735 1151 1083 1203 eloquentissimus
1110 1150 1198 1200 fuit,

134 1215 203 1253 sed
228 1214 344 1265 longe
363 1215 478 1254 aliter
511 1227 556 1252 ac
586 1211 718 1251 caeteri
747 1210 974 1263 eloquentia
1001 1218 1058 1248 est
1089 1222 1197 1249 usuS.

132 1273 219 1312 Non
250 1275 356 1313 enim
389 1274 438 1312 ad
472 1271 754 1311 mercenariam
787 1283 967 1322 operam,
989 1282 1117 1319 neque
1152 1269 1200 1306 ad

131 1342 322 1384 quaestum
356 1333 480 1372 ullum
514 1330 732 1370 faciendum
747 1359 757 1378 ,
780 1330 848 1369 sed
868 1329 916 1368 ad
931 1342 1055 1381 ‚opem
1075 1329 1202 1367 homi-

131 1390 250 1430 nibus
264 1391 413 1444 injuria
424 1391 576 1430 affectis
594 1390 793 1429 ferendam
808 1389 1074 1441 eloquentiam
1089 1401 1198 1427 suam

130 1450 335 1500 adhibuit,
368 1451 475 1503 quod
509 1463 653 1502 paucos
688 1449 900 1488 admodum
915 1449 1065 1487 -fecisse
1090 1461 1199 1500 repe-

132 1510 210 1548 rias
227 1510 321 1562 (49).
345 1510 457 1549 Hunc
487 1510 722 1548 Prienenses
743 1518 905 1547 narrant
933 1521 1054 1560 quum
1075 1507 1199 1557 virgi-

131 1584 199 1609 nes
206 1570 417 1610 Messenias
434 1583 456 1608 a
473 1569 692 1608 latronibus
704 1577 834 1621 captas
851 1567 1079 1622 redemisset
1092 1566 1199 1605 domi

130 1639 314 1682 tanquam
325 1643 415 1669 suas
429 1629 759 1668 filiashonorifice
774 1627 960 1667 habuisse
979 1627 1076 1679 (50).
1094 1626 1198 1664 Post-

131 1689 292 1728 modum
300 1702 397 1728 vero
406 1689 643 1740 simulatque
659 1688 863 1739 virginum
881 1685 1092 1726 necessarii
1103 1699 1195 1724 con·

130 1748 318 1799 quii-endi
327 1761 443 1789 causa
451 1748 623 1787 Prienen
632 1755 840 1800 venerunt,
851 1760 915 1786 eas
925 1745 1115 1790 reddidit,
1126 1758 1198 1783 nec

132 1807 388 1845 redemtionis
403 1807 572 1859 pretium
583 1819 709 1858 neque
726 1806 912 1844 alimenta
920 1805 968 1843 ab
980 1805 1031 1843 iis
1042 1804 1198 1853 exigen-

128 1865 181 1904 da
198 1874 315 1912 ratus,
343 1866 411 1904 sed
430 1874 566 1904 contra
582 1865 754 1917 plurima
769 1866 930 1916 insuper
946 1876 1108 1902 munera
1125 1863 1198 1900 lar-

136 2091 139 2093 ,
172 2052 237 2093 (43)
254 2052 413 2093 Diogenes
430 2052 574 2085 Laertius
591 2053 648 2084 lib.
661 2054 687 2091 1,
703 2055 743 2085 79
761 2065 768 2084 :
788 2051 939 2090 Ἐποίησε
956 2052 989 2083 δὲ
1004 2051 1058 2083 καὶ
1077 2051 1198 2091 ἐλεγεῖα

128 2099 190 2138 ἔπη
205 2099 366 2140 ἑξακόσια,
382 2100 436 2132 καὶ
453 2100 531 2141 ὑπὲρ
550 2100 655 2141 νόμων
668 2100 888 2140 καταλογάδην
902 2103 966 2136 τοῖς
987 2098 1142 2135 πολίταις.

173 2147 240 2189 (44)
286 2146 467 2180 Herodotus
483 2147 538 2179 lil).
556 2148 580 2187 l,
593 2149 630 2179 27
649 2146 806 2179 2'E6v‘coev
826 2147 859 2178 δέ
870 2148 899 2178 οἱ
916 2146 1044 2178 πάντων
1061 2146 1198 2187 ἑτοίμων

131 2196 160 2233 ἐς
180 2195 237 2235 τὴν
253 2194 431 2235 ναυπηγίην
448 2195 477 2227 οἱ
493 2194 549 2236 μὲν
573 2194 689 2227 Βίαντα
706 2194 835 2234 λέγουσι
861 2195 915 2226 τὸν
934 2194 1070 2235 Πριηνέα
1087 2193 1197 2225 ἀπικό-

132 2254 223 2284 μενον
239 2243 270 2280 ἐς
294 2242 416 2284 Σάρδις,
434 2243 464 2274 οἱ
486 2243 518 2275 δὲ
542 2243 700 2274 Πιττακὸν
719 2243 774 2275 τὸν
791 2243 1015 2281 Μιτυληναῖον,
1037 2241 1198 2282 εἰρομένου

131 2290 269 2332 Κροίσου
286 2290 313 2322 εἷ
331 2301 360 2322 τι
379 2289 428 2328 εἴη
443 2290 593 2331 νεώτερον
610 2289 679 2330 περὶ
701 2290 757 2328 τὴν
774 2289 928 2330 Ἑλλάδα,
958 2288 1087 2321 εἰπόντα
1105 2287 1197 2326 τάδε,

130 2340 336 2377 καταπαῦσαι
358 2338 414 2376 τὴν
433 2337 609 2376 ναυπηγίην
621 2346 628 2354 ·
652 2349 669 2364 «
686 2336 730 2368 Ὦ
751 2337 882 2378 βασιλεῦ
894 2361 903 2376 ,
922 2338 1076 2374 νησιῶται
1101 2335 1198 2367 ἵππον

130 2387 340 2419 συνωνέονται
371 2385 495 2428 μυρίην,
522 2386 552 2422 ἐς
569 2385 676 2426 Σάρδις
701 2395 736 2416 τε
763 2385 816 2416 καὶ
841 2385 891 2417 ἐπὶ
910 2386 946 2416 σὲ
963 2384 1086 2426 ἔχοντες
1104 2383 1135 2415 ἐν
1154 2386 1199 2423 νῷ

132 2435 355 2476 στρατευέσθω
371 2447 401 2466 n.
417 2436 552 2475 Κροῖσον
569 2434 613 2472 δὲ,
633 2433 805 2466 ἐλπίσαντα
816 2434 916 2474 λέγειν
933 2433 1050 2464 ἐκεῖνον
1070 2432 1198 2471 ἀληθέα,

77 2478 82 2482 ’
130 2482 241 2513 εἰπεῖν·
265 2494 282 2509 «ι
301 2482 341 2514 Αἰ
353 2482 414 2522 γὰρ
436 2485 529 2513 τοῦτο
550 2482 613 2513 θεοὶ
642 2481 808 2520 ποιήσειαν
834 2481 886 2513 ἐπὶ
913 2480 985 2512 νόον
1009 2479 1198 2519 νησιώτῃσι,

133 2527 229 2559 ἐλθεῖν
245 2528 296 2560 ἐπὶ
313 2529 427 2561 Λυδῶν
448 2529 562 2565 παῖδας
590 2529 647 2560 σὺν
672 2529 810 2560 ἵπποισι.
826 2541 842 2556 ι»
865 2528 928 2560 Τὸν
947 2528 980 2559 δὲ
1001 2526 1200 2559 ὑπολαὸόντα

133 2574 237 2615 φάναι·
262 2588 279 2604 ιι
295 2574 342 2607 Ὦ
363 2575 506 2617 βασιλεῦ,
524 2575 690 2617 προθύμως
708 2586 760 2616 μοι
777 2575 899 2617 φαίνεαι
917 2575 1063 2612 εὔξασθαι
1080 2574 1198 2612 νησιώ-

131 2633 188 2659 τας
208 2623 435 2664 ἱππευομένους
451 2622 557 2654 λαὸεῖν
577 2622 609 2654 ἐν
622 2622 742 2664 ἠπείρῳ
755 2647 763 2662 ,
779 2622 891 2655 οἰκότα
907 2622 1049 2660 ἐλπίζων.
1068 2621 1199 2659 Νησιώ-

130 2681 188 2707 τας
206 2670 239 2702 δὲ
254 2670 284 2702 τί
299 2670 415 2707 δοκέεις
441 2670 588 2711 εὔχεσθαι
609 2670 697 2709 ἄλλο,
717 2671 737 2710 ἢ
761 2669 828 2702 ἐπεί
845 2681 880 2702 τε
899 2670 1037 2711 τάχιστα
1050 2668 1199 2701 ἐπύθοντό

133 2728 170 2749 σε
184 2717 338 2758 μέλλοντα
360 2717 410 2749 ἐπὶ
434 2716 523 2758 σφίσι
552 2718 785 2758 ναυπηγέεσθαι
814 2718 898 2758 νέας,
920 2718 1026 2751 λαὸεῖν
1044 2719 1199 2760 ἀρώμενοι

133 2765 255 2802 Λυδοὺς
275 2765 306 2797 ἐν
323 2761 480 2805 θαλάσσῃ,
509 2764 562 2796 ἴνα
578 2765 656 2807 ὑπὲρ
677 2769 740 2797 τῶν
767 2765 798 2797 ἐν
821 2769 860 2808 τῇ
882 2766 1002 2808 ἠπείρῳ
1024 2766 1200 2808 οἰκημένων

132 2812 288 2851 Ἑλλήνων
302 2811 451 2844 τίσωνταί
472 2822 520 2851 σε,
539 2812 610 2849 τοὺς
624 2814 664 2844 σὺ
683 2813 844 2851 δουλώσας
859 2813 958 2856 ἔχεις;
976 2826 991 2843 n

176 2859 243 2901 (45)
258 2860 418 2899 Diogenes
432 2859 579 2891 Laertius
595 2859 650 2892 lib.
673 2862 699 2899 1,
720 2863 759 2893 79
778 2873 786 2893 :
808 2861 955 2903 Ἤκμαζε
979 2861 1034 2902 μὲν
1057 2860 1110 2893 οὖν
1128 2863 1198 2904 περὶ

130 2907 190 2946 τὴν
212 2907 473 2949 τεσσαρακοστὴν
499 2907 644 2949 δευτέραν
674 2907 866 2949 ὀλυμπιάδα,
894 2908 1075 2947 ἐτελεύτησε
1095 2908 1122 2940 δ’
1151 2909 1199 2940 ἐπ’

134 2954 368 2997 Ἀριστομένους
382 2957 429 2996 τῷ
454 2953 548 2996 τρίτῳ
564 2954 624 2986 ἔτει
641 2958 695 2993 τῆς
713 2959 925 2994 πεντηκοστῆς
944 2956 1087 2999 δευτέρας
1107 2956 1200 2997 ὀλυμ-

132 3000 260 3041 πιάδος,
277 3001 363 3042 βιοὺς
376 3001 453 3043 ὑπὲρ
471 3001 525 3039 ἔτη
547 3001 764 3043 ἑὸδομήκοντα
777 3002 838 3041 ἤδη
853 3001 988 3044 γεραιός.

148 3065 162 3076 ··
179 3049 307 3091 (46-47)
332 3049 492 3090 Diogenes
520 3050 668 3081 Laertius
696 3049 749 3082 lib.
766 3050 793 3089 1,
822 3051 862 3082 82
883 3063 891 3082 ι
913 3050 989 3087 Βίας
1021 3049 1199 3092 Τευτάμου,

137 3096 305 3138 Πριηνεύς,
338 3095 579 3139 προκεκριμένος
604 3100 667 3129 τῶν
691 3097 771 3130 ἑπτὰ
785 3097 848 3131 ὑπὸ
866 3098 1017 3139 Σατύρου.
1047 3098 1098 3130 Cf.
1120 3099 1198 3131 ibid.

133 3145 163 3184 Ι,
176 3147 228 3177 83.

180 3192 246 3233 (48)
259 3191 336 3224 Vid.
355 3191 445 3233 Diog.
475 3193 579 3226 Laert.
594 3192 652 3226 lib.
672 3195 698 3233 1,
719 3195 832 3227 84-88.
1002 3222 1004 3224 ,

179 3240 246 3281 (49)
263 3239 423 3272 Diodorus
443 3240 570 3273 Siculus
590 3241 669 3282 epit.
691 3241 765 3274 libr.
801 3243 858 3281 lx,
889 3244 928 3274 23
949 3242 1047 3275 ιὍτι
1073 3241 1147 3279 Βίας
1164 3242 1202 3282 ἦν

132 3286 313 3324 δεινότατος
336 3287 390 3319 καὶ
410 3290 456 3329 τῷ
474 3287 559 3330 λόγῳ
588 3289 756 3330 πρωτεύων
776 3293 838 3322 τῶν
858 3290 928 3322 καθ’
956 3289 1079 3322 ἑαυτόν.
1103 3292 1201 3323 Κατε-

136 3334 281 3376 χρήσατο
298 3334 331 3367 δὲ
355 3338 394 3376 τῇ
425 3338 481 3367 τοῦ
497 3336 597 3377 λέγειν
615 3337 743 3380 δυνάμει
763 3338 888 3375 πολλοῖς
906 3337 1070 3370 ἀνάπαλιν·
1090 3339 1127 3370 οὗ
1142 3339 1201 3380 γὰρ

137 3384 181 3419 εἰς
196 3382 380 3425 μισθαρνίαν
399 3383 470 3416 οὐδὲ
486 3385 529 3422 εἰς
543 3386 731 3427 προσόδους,
747 3386 814 3419 ἀλλ’
831 3388 874 3423 εἰς
886 3387 942 3425 τήν
958 3390 1021 3419 τῶν
1037 3386 1201 3430 ἀδικουμέ-

133 3439 201 3462 νων
218 3429 397 3463 κατετίθετο
418 3431 575 3474 βοήθειαν,
594 3433 670 3476 ὅπερ
687 3435 908 3467 σπανιώτατον
926 3435 963 3466 ἄν
977 3446 1022 3471 τις
1042 3435 1138 3477 εὕροι.
1193 3472 1195 3474 ,

182 3478 246 3518 (50)
263 3478 421 3510 Diodorus
438 3479 566 3513 Siculus
584 3480 666 3522 Epit.
680 3481 736 3514 lib.
752 3483 917 3523 IX,21-22
937 3495 944 3515 ι
960 3482 1036 3515 Ὅτι
1060 3483 1153 3516 φασὶν
1173 3484 1202 3516 οἰ

285 3548 401 3573 vultos·
431 3549 530 3574 GEAEC.

1265 319 1382 370 gitus.
1407 319 1668 366 Quamobrem
1690 321 1829 371 puellae
1853 335 1942 360 eum
1958 331 2000 361 ut
2031 333 2179 375 patrem
2209 325 2327 364 bene-

1263 373 1438 412 volentia
1474 374 1856 425 complectebantur,
1884 385 1965 413 tum
2000 376 2052 414 ob
2075 378 2327 418 domestica-m

1262 432 1549 481 educationem,
1580 442 1661 471 tum
1695 433 1747 471 ob
1781 433 1966 474 beneficii
1999 438 2324 488 magnitudinem,

1263 492 1359 531 adeo
1376 502 1419 531 ut
1437 506 1525 531 cum
1542 493 1782 544 propinquis
1800 493 1960 532 domum
1976 508 2144 535 reversae
2165 499 2327 537 minime

1263 553 1474 591 amicitiam
1494 552 1617 600 illam,
1643 566 1761 604 quam
1790 554 1894 605 apud
1916 563 2070 593 exteros
2088 558 2327 608 experiendo

1263 621 1551 663 cognoverant,
1579 612 1921 654 obliviscerentur.
1958 614 2095 666 Itaque
2124 630 2203 667 quo
2234 627 2328 656 tem-

1264 686 1358 724 pore
1370 673 1583 724 piscatores
1604 673 1783 711 Messenii
1799 686 1948 712 aeneum
1966 674 2161 724 tripodem
2186 689 2207 714 e
2228 679 2327 715 mari

1262 741 1514 771 extraxerunt
1545 733 1610 771 cui
1643 733 1878 784 inscriptum
1906 741 1990 771 erat
2019 735 2326 784 Sapientissimo,

1264 791 1311 829 ad
1347 792 1522 831 Biantem
1551 793 1613 830 vel
1635 793 1811 844 ipsarum
1833 792 2070 845 puellarum,
2100 794 2178 842 vel,
2196 804 2239 833 ut
2259 796 2327 834 alii

1263 852 1418 900 dicunt,
1449 852 1574 904 patris
1602 865 1734 890 earum
1762 861 1900 903 rogatu
1931 853 2073 892 missus
2093 863 2164 892 est.
2196 857 2243 892 At
2263 856 2329 894 ille

1264 913 1456 965 tripodem
1472 911 1719 965 conspicatus
1737 927 1816 951 non
1836 913 1999 965 accepit,
2021 913 2088 951 sed
2102 913 2326 965 Apollinem

1262 973 1477 1025 sapientem
1495 986 1578 1012 esse
1598 973 1713 1012 dixit.

1315 1032 1391 1071 Sed
1413 1033 1564 1072 nullum
1589 1031 1675 1084 ejus
1697 1032 1837 1070 factum
1861 1031 2055 1071 illustrius
2074 1041 2132 1071 est
2150 1046 2196 1070 eo
2217 1033 2330 1084 cujus

1263 1093 1492 1131 memoriam
1537 1092 1676 1130 Cicero
1721 1091 1914 1129 Paradox.
1949 1091 1981 1139 1,
2022 1107 2037 1129 1
2080 1103 2117 1131 et
2150 1093 2330 1134 Valerius

1262 1152 1456 1191 Maximus
1475 1151 1546 1190 lib.
1579 1150 1651 1189 Vll
1680 1164 1763 1202 cap.
1787 1165 1809 1188 2
1832 1161 2052 1190 servarunt.
2079 1152 2174 1191 Nam
2207 1168 2330 1205 quum

1261 1211 1426 1263 patriam
1445 1210 1531 1262 ejus
1550 1210 1721 1248 Prienen
1753 1210 1948 1261 cepissent
1973 1210 2104 1250 hostes
2122 1213 2331 1266 caeterique

1261 1270 1433 1309 civesita
1453 1270 1650 1320 sugerent,
1684 1277 1727 1306 ut
1746 1268 1868 1306 multa
1885 1269 1932 1306 de
1952 1270 2032 1307 suis
2059 1270 2178 1309 rebus
2198 1285 2329 1311 secum

1261 1337 1530 1381 asportarent,
1552 1329 1641 1367 Bias
1661 1329 1887 1366 admonitus
1911 1342 1934 1366 a
1953 1330 2138 1380 quodam,
2163 1341 2206 1369 ut
2226 1332 2329 1370 idem

1261 1390 1404 1427 faceret
1435 1402 1444 1427 :
1474 1406 1491 1422 a
1510 1391 1594 1439 Ego
1617 1401 1724 1434 vero,
1763 1388 1911 1439 inquit,
1938 1388 2061 1437 facio3
2087 1403 2178 1428 nam
2198 1392 2331 1431 omnia

1261 1461 1346 1486 mea
1361 1460 1512 1486 mecum
1533 1456 1661 1499 porto.
1680 1465 1696 1482 υ
1725 1445 1778 1485 Ut
1794 1447 1932 1486 vivum
1953 1448 2201 1488 honorarunt
2218 1450 2328 1489 Prie-

1261 1520 1400 1546 nenses
1414 1537 1425 1555 ,
1460 1506 1566 1559 quod
1616 1506 1751 1545 multis
1793 1507 1996 1546 beneficiis
2043 1508 2328 1559 rempublicam

1261 1568 1505 1606 demeruerat
1523 1566 1601 1618 (51)
1634 1580 1643 1604 :
1673 1566 1729 1605 ita
1762 1575 1962 1605 mortuum
1996 1568 2203 1619 magnifice
2220 1581 2329 1621 sepe-

1261 1626 1407 1665 lierunt
1426 1627 1542 1678 eique
1569 1625 1758 1665 sacellum
1781 1625 2027 1672 dedicarunt,
2055 1627 2162 1678 quod
2182 1627 2216 1664 T
2219 1637 2329 1667 euta-

1262 1687 1384 1725 mium
1405 1685 1718 1737 dicebatur(52).
1741 1685 1930 1724 Condidit
1946 1699 2103 1725 carmen
2125 1687 2327 1726 heroicum

1259 1750 1301 1786 in
1321 1760 1401 1798 quo
1422 1746 1562 1785 Ionum
1591 1758 1654 1784 res
1674 1744 1830 1784 duobus
1851 1746 1931 1784 sere
1949 1745 2125 1785 millibus
2141 1760 2328 1786 versuum

1258 1809 1486 1853 persecutus
1509 1808 1592 1838 erat
1621 1799 1715 1848 (53),
1747 1813 1795 1837 eo
1819 1800 1988 1837 consilio
2014 1809 2058 1837 ut
2086 1801 2327 1850 ostenderet,

1258 1874 1336 1912 qua
1357 1860 1508 1898 ratione
1528 1859 1698 1896 maxime
1715 1859 1856 1897 florere
1885 1859 1996 1897 {onia
2015 1869 2158 1911 posset.

1263 2050 1422 2090 Πριηνεῖς,
1446 2047 1492 2079 ὅτι
1514 2045 1696 2083 Μεσσηνίας
1717 2047 1754 2078 τὸ
1781 2046 1871 2086 γένος
1895 2046 2068 2089 ἐπισήμους
2093 2048 2262 2089 παρθένους
2279 2049 2330 2080 λυ·

1261 2095 1462 2138 τρωσάμενος
1491 2095 1508 2126 ὁ
1535 2095 1610 2130 Βίας
1635 2093 1721 2135 παρὰ
1745 2094 1870 2134 λῃστῶν
1899 2094 1974 2135 ἦγεν
1997 2096 2039 2131 ὡς
2057 2094 2137 2132 ἰδίας
2160 2096 2330 2137 θυγατέρας

1261 2143 1404 2185 ἐντίμως.
1424 2143 1514 2174 Μετὰ
1531 2142 1564 2174 δέ
1584 2152 1670 2178 τινας
1695 2141 1827 2183 χρόνους
1851 2142 2116 2183 παραγενομένων
2133 2147 2196 2174 τῶν
2216 2155 2328 2185 συγγε-
2384 2155 2389 2167 ¹

1259 2195 1321 2223 νῶν
1343 2192 1426 2223 κατὰ
1442 2191 1582 2230 ζήτησιν,
1602 2190 1763 2221 ἀπέδωκεν
1786 2190 1881 2226 αὐτὰς
1896 2190 1968 2222 οὔτε
1993 2194 2121 2231 τροφεῖα
2138 2191 2329 2234 πραξάμενος

1261 2239 1335 2271 οὔτε
1359 2239 1467 2280 λύτρα,
1496 2237 1675 2270 τούναντίον
1697 2238 1730 2269 δὲ
1753 2241 1816 2269 τῶν
1848 2237 1937 2270 ἰδίων
1965 2238 2067 2270 πολλὰ
2094 2238 2327 2282 δωρησάμενος.

1262 2287 1359 2328 Εἶχον
1376 2285 1430 2318 οὖν
1450 2286 1526 2327 πρὸς
1546 2285 1642 2317 αὐτὸν
1662 2287 1695 2317 αἱ
1719 2284 1810 2327 κόραι
1839 2285 1992 2326 πατρικὴν
2011 2285 2134 2318 εὔνοιαν
2151 2286 2203 2319 διά
2218 2298 2251 2319 τε
2273 2289 2330 2327 τὴν

1260 2333 1448 2376 συντροφίαν
1474 2333 1580 2365 καὶτὸ
1603 2333 1730 2373 μέγεθος
1758 2336 1812 2371 τῆς
1835 2332 2034 2374 εὐεργεσίας,
2060 2334 2143 2365 ὥστε
2162 2335 2215 2366 καὶ
2237 2347 2328 2377 χωρι-

1260 2379 1383 2414 σθεῖσαι
1403 2382 1482 2423 μετὰ
1499 2384 1561 2412 τῶν
1577 2379 1666 2413 ἰδίων
1683 2381 1726 2417 εἷς
1746 2381 1803 2419 τὴν
1822 2381 1961 2422 πατρίδα
1984 2384 2039 2419 τῆς
2055 2382 2223 2423 ὑπερορίου
2242 2383 2329 2425 χάρι·

1260 2441 1312 2467 τος
1329 2430 1389 2461 οὐκ
1407 2428 1604 2461 ἐπελάθοντο.
1618 2448 1661 2456 --
1672 2428 1746 2460 ’Ότι
1760 2431 1907 2470 σαγηνεῖς
1923 2429 2099 2467 Μεσσήνιοι
2109 2431 2192 2462 κατὰ
2208 2431 2262 2463 τὸν
2277 2432 2331 2473 βό-

1259 2482 1312 2512 λον
1331 2481 1433 2523 ἕτερον
1452 2480 1507 2522 μὲν
1526 2480 1615 2512 οὐδὲν
1637 2478 1824 2511 ἀνείλκυσαν
1836 2503 1846 2519 ,
1872 2479 2012 2521 χαλκοῦν
2038 2479 2071 2512 δὲ
2086 2480 2218 2522 τρίποδα
2235 2482 2330 2524 μόνον

1260 2529 1432 2570 ἐπιγραφὴν
1443 2528 1557 2570 ἔχοντα
1575 2540 1590 2554 «
1604 2530 1649 2568 τῷ
1661 2526 1849 2568 σοφωτάτῳ.
1866 2540 1881 2555 υ
1901 2526 2098 2569 Ἀναχθέντος
2114 2528 2146 2559 δὲ
2160 2532 2216 2560 τοῦ
2233 2541 2329 2562 καται

1260 2575 1483 2616 σκευάσματος
1500 2575 1625 2613 δοθῆναι
1647 2577 1693 2615 τῷ
1711 2574 1831 2606 Βίαντι.
1862 2574 2023 2614 Diogenes
2050 2575 2198 2607 Laertius
2223 2577 2280 2609 lib.
2303 2580 2328 2617 1,

1262 2625 1300 2655 82
1319 2636 1326 2655 ε
1349 2622 1524 2659 Φανόδικος
1544 2622 1576 2654 δὲ
1596 2621 1697 2663 [φησὶ]
1714 2621 1809 2662 κόρας
1833 2622 2056 2663 αἰχμαλώτους
2092 2623 2330 2666 λυτρωσάμενον

1260 2670 1455 2709 Μεσσηνίας,
1479 2670 1586 2712 θρέψαι
1603 2680 1636 2702 τε
1653 2671 1695 2706 ὡς
1728 2670 1907 2711 θυγατέρας,
1928 2670 1982 2701 καὶ
2001 2673 2133 2711 προῖκας
2155 2671 2328 2711 ἐπιδοῦναι,

1260 2719 1314 2751 καὶ
1332 2720 1375 2755 εἰς
1389 2719 1446 2758 τήν
1463 2718 1634 2757 Μεσσήνην
1651 2718 1838 2750 ἀποστεῖλαι
1858 2720 1923 2754 τοῖς
1942 2718 2100 2760 πατράσιν
2115 2719 2230 2751 αὐτῶν.
2247 2721 2326 2762 Χρό-

1260 2781 1305 2810 νῳ
1323 2768 1350 2799 δ’
1370 2768 1402 2799 ἐν
1422 2766 1574 2807 Ἀθήναις,
1606 2768 1649 2803 ὡς
1667 2765 1859 2808 προείρηται,
1890 2769 1947 2799 τοῦ
1984 2766 2129 2808 τρίποδος
2159 2769 2329 2808 εὑρεθέντος

1259 2816 1322 2848 ὑπὸ
1343 2817 1406 2846 τῶν
1433 2814 1559 2855 ἁλιέων,
1575 2817 1632 2847 τοῦ
1657 2815 1780 2856 χαλκοῦ
1807 2814 1978 2856 ἐπιγραφὴν
1996 2815 2136 2856 ἔχοντος,
2155 2818 2201 2856 τῷ
2225 2819 2328 2857 σοφῷ,

1260 2863 1395 2904 Σάτυρος
1412 2863 1467 2904 μέν
1478 2873 1552 2903 φησι
1566 2863 1728 2904 παρελθεῖν
1738 2861 1793 2898 τὰς
1804 2861 1952 2903 κόρας(οῑ
1965 2862 1996 2894 δὲ
2010 2863 2064 2894 τὸν
2078 2863 2197 2904 πατέρα
2213 2862 2331 2903 αὐτῶν,

1259 2913 1301 2948 ὡς
1317 2911 1369 2942 καὶ
1387 2909 1637 2949 Φανόδικος)εἷς
1658 2910 1714 2949 τὴν
1734 2909 1917 2949 ἐκκλησίαν,
1943 2911 1996 2942 καὶ
2016 2911 2113 2942 εἰπεῖν
2134 2911 2189 2943 τὸν
2214 2911 2331 2943 Βίαντα

1261 2958 1369 2999 σοφόν,
1386 2958 1619 2999 διηγησαμένας
1633 2957 1672 2989 τὰ
1682 2956 1885 2994 καθ’ἑαυτάς.
1903 2958 1964 2989 Καὶ
1982 2957 2144 2995 ἀπεστάλη
2158 2959 2175 2989 ὁ
2186 2958 2327 3000 τρίπους,

1261 3007 1312 3038 καὶ
1328 3006 1345 3039 ὁ
1362 3005 1436 3044 Βίας
1449 3006 1537 3047 ἰδών,
1553 3005 1611 3048 ἔφη
1627 3005 1680 3038 τὸν
1696 3004 1878 3040 Ἀπόλλωνα
1895 3006 1991 3048 σοφὸν
2009 3006 2105 3047 εἶναι,
2122 3005 2193 3038 οὐδὲ
2211 3007 2329 3048 προσή-

1260 3066 1352 3087 κατο.

1303 3102 1369 3143 (51)
1391 3102 1586 3135 Plutarchus
1602 3101 1642 3135 de
1661 3101 1757 3134 unius
1778 3100 1811 3133 in
1833 3101 1997 3142 republica
2018 3101 2252 3141 dominatione,
2271 3111 2328 3142 po-

1262 3149 1365 3189 pulari
1382 3149 1468 3181 statu
1493 3151 1527 3181 et
1543 3157 1722 3190 paucorum
1742 3148 1894 3189 imperio,
1911 3149 1976 3181 vol.
1998 3150 2061 3182 ΧΠ
2083 3158 2116 3190 p.
2140 3151 2223 3181 209:
2242 3150 2330 3181 Καθὸ

1261 3200 1318 3239 τὴν
1335 3199 1520 3242 Περικλέους
1538 3199 1698 3232 πολιτείαν
1717 3198 1905 3241 ἐπαινοῦμεν
1918 3200 1971 3232 καὶ
1989 3200 2044 3238 τήν
2062 3198 2198 3236 Βίαντος.

1305 3247 1370 3289 (52)
1387 3248 1546 3289 Diogenes
1566 3248 1712 3280 Laertius
1729 3246 1785 3279 lib.
1802 3248 1830 3288 Ι,
1848 3251 1964 3280 85-88:
1993 3248 2054 3280 Καὶ
2079 3247 2174 3279 αὐτὸν
2194 3249 2328 3289 μεγαλο-

1262 3298 1387 3337 πρεπῶς
1404 3295 1516 3338 ἔθαψεν
1532 3297 1552 3335 ἡ
1563 3295 1669 3335 πόλις,
1686 3295 1740 3328 καὶ
1758 3294 1950 3337 ἐπέγραψαν·
1973 3296 2100 3334 Κλεινῆς
2117 3295 2148 3326 ἐν
2165 3295 2329 3328 δαπέδοισι

1266 3343 1403 3384 Πριήνης
1422 3343 1520 3386 φύντα
1553 3344 1703 3376 καλύπτει
1715 3343 1795 3375 Ἥδε
1820 3342 1940 3375 Βίαντα
1956 3344 2072 3386 πέτρα,
2099 3342 2221 3383 κόσμον
2239 3342 2329 3374 Ἴωσι

1267 3390 1418 3431 μέγαν....
1446 3391 1500 3423 καὶ
1517 3392 1546 3423 οἰ
1570 3393 1714 3433 Πριηνεῖς
1745 3390 1778 3422 δὲ
1807 3390 1895 3433 αὐτῷ
1922 3391 2047 3433 τέμενος
2079 3390 2274 3431 καθιέρωσαν
2292 3391 2330 3421 τὸ

1266 3437 1460 3480 Τευτάμειον
1474 3438 1652 3482 λεγόμενον.

1305 3482 1373 3526 (53)
1390 3485 1548 3528 Diogenes
1569 3487 1715 3520 Laertius
1736 3487 1790 3520 lib.
1815 3489 1843 3527 Ι,
1865 3491 1903 3520 &³
1922 3499 1931 3517 ι
1953 3485 2107 3525 Ἐποίησε
2123 3486 2155 3518 δὲ
2169 3485 2237 3522 περὶ
2261 3484 2330 3517 Ἰω-

2146 3543 2177 3573 14
