<?xml version="1.0" encoding="UTF-8"?>
<!DOCTYPE html PUBLIC "-//W3C//DTD XHTML 1.0 Transitional//EN"
    "http://www.w3.org/TR/xhtml1/DTD/xhtml1-transitional.dtd">
<html xmlns="http://www.w3.org/1999/xhtml" xml:lang="en" lang="en">
 <head>
  <title>
</title>
<meta http-equiv="Content-Type" content="text/html;charset=utf-8" />
  <meta name='ocr-system' content='tesseract 3.04.00' />
  <meta name='ocr-capabilities' content='ocr_page ocr_carea ocr_par ocr_line ocrx_word'/>
</head>
<body>
  <div class='ocr_page' id='page_1' title='image "./fragmentaphiloso01mulluoft_0544.png"; bbox 0 0 2612 3814; ppageno 0'>
   <div class='ocr_carea' id='block_1_1' title="bbox 267 303 1353 558">
    <p class='ocr_par' dir='ltr' id='par_1_1' title="bbox 267 303 1353 558">
     <span class='ocr_line' id='line_1_1' title="bbox 267 303 342 337; baseline -0.013 0"><span class='ocrx_word' id='word_1_1' title='bbox 267 303 342 337; x_wconf 74' lang='lat'><strong>50⁴</strong></span> 
     </span>
     <span class='ocr_line' id='line_1_2' title="bbox 341 387 1353 558; baseline 0.001 -107"><span class='ocrx_word' id='word_1_2' title='bbox 341 399 679 453; x_wconf 75' lang='grc' dir='ltr'><strong>ΣΥΜΒΟΛΑ</strong></span> <span class='ocrx_word' id='word_1_3' title='bbox 731 399 1231 474; x_wconf 72' lang='grc' dir='ltr'>ΠΥΘΑΓΟΡΙΚΑ.</span> <span class='ocrx_word' id='word_1_4' title='bbox 1347 387 1353 558; x_wconf 62' lang='lat' dir='ltr'>i</span> 
     </span>
    </p>
   </div>
   <div class='ocr_carea' id='block_1_2' title="bbox 265 502 1353 2278">
    <p class='ocr_par' dir='ltr' id='par_1_2' title="bbox 335 502 1353 1145">
     <span class='ocr_line' id='line_1_3' title="bbox 343 502 1318 558; baseline 0 -15"><span class='ocrx_word' id='word_1_5' title='bbox 343 503 412 543; x_wconf 85' lang='grc' dir='ltr'><strong>Καὶ</strong></span> <span class='ocrx_word' id='word_1_6' title='bbox 435 502 505 552; x_wconf 79' lang='grc' dir='ltr'><strong>μὴν</strong></span> <span class='ocrx_word' id='word_1_7' title='bbox 530 504 628 542; x_wconf 79' lang='grc' dir='ltr'>οὐδέν</span> <span class='ocrx_word' id='word_1_8' title='bbox 651 505 742 543; x_wconf 80' lang='grc' dir='ltr'>ἐστιν</span> <span class='ocrx_word' id='word_1_9' title='bbox 764 504 856 543; x_wconf 77' lang='grc' dir='ltr'>οὕτω</span> <span class='ocrx_word' id='word_1_10' title='bbox 874 507 937 552; x_wconf 75' lang='grc' dir='ltr'><strong>τῆς</strong></span> <span class='ocrx_word' id='word_1_11' title='bbox 958 507 1205 557; x_wconf 64' lang='grc' dir='ltr'>Πυθαγορικῆς</span> <span class='ocrx_word' id='word_1_12' title='bbox 1224 507 1318 558; x_wconf 79' lang='grc' dir='ltr'>φιλο-</span> 
     </span>
     <span class='ocr_line' id='line_1_4' title="bbox 339 558 1316 616; baseline 0.002 -16"><span class='ocrx_word' id='word_1_13' title='bbox 339 562 461 616; x_wconf 78' lang='grc' dir='ltr'>σοφίας</span> <span class='ocrx_word' id='word_1_14' title='bbox 492 562 594 611; x_wconf 81' lang='grc' dir='ltr'>ἴδιον,</span> <span class='ocrx_word' id='word_1_15' title='bbox 626 565 673 607; x_wconf 79' lang='grc' dir='ltr'>ὡς</span> <span class='ocrx_word' id='word_1_16' title='bbox 705 563 746 602; x_wconf 82' lang='grc' dir='ltr'><strong>τὸ</strong></span> <span class='ocrx_word' id='word_1_17' title='bbox 780 563 1006 614; x_wconf 71' lang='grc' dir='ltr'>συμὸολικόν·</span> <span class='ocrx_word' id='word_1_18' title='bbox 1034 558 1104 603; x_wconf 71' lang='grc' dir='ltr'>οἷον</span> <span class='ocrx_word' id='word_1_19' title='bbox 1132 566 1167 603; x_wconf 81' lang='grc' dir='ltr'><strong>ἐν</strong></span> <span class='ocrx_word' id='word_1_20' title='bbox 1193 566 1316 616; x_wconf 78' lang='grc' dir='ltr'>τελετῇ</span> 
     </span>
     <span class='ocr_line' id='line_1_5' title="bbox 340 622 1315 676; baseline 0.001 -16"><span class='ocrx_word' id='word_1_21' title='bbox 340 622 557 675; x_wconf 82' lang='grc' dir='ltr'>μεμιγμένον</span> <span class='ocrx_word' id='word_1_22' title='bbox 578 626 676 676; x_wconf 79' lang='grc' dir='ltr'>φωνῇ</span> <span class='ocrx_word' id='word_1_23' title='bbox 696 622 757 661; x_wconf 77' lang='grc' dir='ltr'><strong>καὶ</strong></span> <span class='ocrx_word' id='word_1_24' title='bbox 786 625 901 675; x_wconf 80' lang='grc' dir='ltr'>σιωπῇ</span> <span class='ocrx_word' id='word_1_25' title='bbox 934 622 1163 666; x_wconf 79' lang='grc' dir='ltr'>διδασκαλίας</span> <span class='ocrx_word' id='word_1_26' title='bbox 1194 623 1315 675; x_wconf 74' lang='grc' dir='ltr'>γένος,</span> 
     </span>
     <span class='ocr_line' id='line_1_6' title="bbox 338 680 1353 733; baseline -0.001 -14"><span class='ocrx_word' id='word_1_27' title='bbox 338 682 429 720; x_wconf 82' lang='grc' dir='ltr'>ὥστε</span> <span class='ocrx_word' id='word_1_28' title='bbox 448 680 497 732; x_wconf 84' lang='grc' dir='ltr'><strong>μὴ</strong></span> <span class='ocrx_word' id='word_1_29' title='bbox 517 681 643 733; x_wconf 82' lang='grc' dir='ltr'>λέγειν·</span> <span class='ocrx_word' id='word_1_30' title='bbox 659 682 766 720; x_wconf 81' lang='grc' dir='ltr'>ἀείσω</span> <span class='ocrx_word' id='word_1_31' title='bbox 787 680 976 728; x_wconf 83' lang='grc' dir='ltr'>ξυνετοῖσι,</span> <span class='ocrx_word' id='word_1_32' title='bbox 992 681 1100 733; x_wconf 83' lang='grc' dir='ltr'>θύρας</span> <span class='ocrx_word' id='word_1_33' title='bbox 1114 680 1143 719; x_wconf 85' lang='grc' dir='ltr'><strong>δ’</strong></span> <span class='ocrx_word' id='word_1_34' title='bbox 1158 681 1316 720; x_wconf 79' lang='grc' dir='ltr'>ἐπίθεσθε</span> <span class='ocrx_word' id='word_1_35' title='bbox 1349 681 1353 725; x_wconf 91' lang='grc'>1</span> 
     </span>
     <span class='ocr_line' id='line_1_7' title="bbox 341 728 1353 793; baseline -0.001 -15"><span class='ocrx_word' id='word_1_36' title='bbox 341 740 505 793; x_wconf 72' lang='grc' dir='ltr'>βεὸήλοις</span> <span class='ocrx_word' id='word_1_37' title='bbox 518 770 529 790; x_wconf 89' lang='grc'>,</span> <span class='ocrx_word' id='word_1_38' title='bbox 547 741 628 778; x_wconf 79' lang='grc' dir='ltr'>ἀλλ’</span> <span class='ocrx_word' id='word_1_39' title='bbox 644 741 787 779; x_wconf 82' lang='grc' dir='ltr'>αὐτόθεν</span> <span class='ocrx_word' id='word_1_40' title='bbox 816 739 909 792; x_wconf 80' lang='grc' dir='ltr'>ἔχειν</span> <span class='ocrx_word' id='word_1_41' title='bbox 931 741 1004 793; x_wconf 85' lang='grc' dir='ltr'><strong>φῶς</strong></span> <span class='ocrx_word' id='word_1_42' title='bbox 1024 738 1084 777; x_wconf 81' lang='grc' dir='ltr'><strong>καὶ</strong></span> <span class='ocrx_word' id='word_1_43' title='bbox 1104 742 1316 793; x_wconf 66' lang='grc' dir='ltr'>χαρακτῆρα</span> <span class='ocrx_word' id='word_1_44' title='bbox 1349 728 1353 790; x_wconf 85' lang='grc'>1</span> 
     </span>
     <span class='ocr_line' id='line_1_8' title="bbox 336 792 1353 860; baseline 0.002 -25"><span class='ocrx_word' id='word_1_45' title='bbox 336 803 406 841; x_wconf 78' lang='grc' dir='ltr'>τοῖς</span> <span class='ocrx_word' id='word_1_46' title='bbox 426 798 590 846; x_wconf 73' lang='grc' dir='ltr'>συνήθεσι</span> <span class='ocrx_word' id='word_1_47' title='bbox 611 798 650 837; x_wconf 78' lang='grc' dir='ltr'><strong>τὸ</strong></span> <span class='ocrx_word' id='word_1_48' title='bbox 667 798 895 852; x_wconf 83' lang='grc' dir='ltr'>φραζόμενον,</span> <span class='ocrx_word' id='word_1_49' title='bbox 907 797 1036 848; x_wconf 83' lang='grc' dir='ltr'>τυφλὸν</span> <span class='ocrx_word' id='word_1_50' title='bbox 1053 797 1088 836; x_wconf 84' lang='grc' dir='ltr'><strong>δὲ</strong></span> <span class='ocrx_word' id='word_1_51' title='bbox 1103 798 1164 837; x_wconf 81' lang='grc' dir='ltr'><strong>καὶ</strong></span> <span class='ocrx_word' id='word_1_52' title='bbox 1179 798 1317 850; x_wconf 85' lang='grc' dir='ltr'>ἄσημον</span> <span class='ocrx_word' id='word_1_53' title='bbox 1349 792 1353 860; x_wconf 52' lang='lat'>1</span> 
     </span>
     <span class='ocr_line' id='line_1_9' title="bbox 337 851 1317 912; baseline 0.001 -17"><span class='ocrx_word' id='word_1_54' title='bbox 337 851 426 895; x_wconf 69' lang='grc' dir='ltr'>εἶναι</span> <span class='ocrx_word' id='word_1_55' title='bbox 446 863 516 902; x_wconf 88' lang='grc' dir='ltr'>τοῖς</span> <span class='ocrx_word' id='word_1_56' title='bbox 546 858 714 910; x_wconf 80' lang='grc' dir='ltr'>ἀπείροις.</span> <span class='ocrx_word' id='word_1_57' title='bbox 737 856 803 902; x_wconf 89' lang='grc' dir='ltr'>Ὡς</span> <span class='ocrx_word' id='word_1_58' title='bbox 830 856 899 908; x_wconf 83' lang='grc' dir='ltr'><strong>γὰρ</strong></span> <span class='ocrx_word' id='word_1_59' title='bbox 930 861 949 897; x_wconf 87' lang='grc' dir='ltr'>ὁ</span> <span class='ocrx_word' id='word_1_60' title='bbox 976 856 1061 902; x_wconf 84' lang='grc' dir='ltr'>ἄναξ</span> <span class='ocrx_word' id='word_1_61' title='bbox 1078 860 1096 895; x_wconf 83' lang='grc' dir='ltr'>ὃ</span> <span class='ocrx_word' id='word_1_62' title='bbox 1116 860 1150 897; x_wconf 84' lang='grc' dir='ltr'><strong>ἐν</strong></span> <span class='ocrx_word' id='word_1_63' title='bbox 1171 859 1317 912; x_wconf 81' lang='grc' dir='ltr'>Δελφοῖς</span> 
     </span>
     <span class='ocr_line' id='line_1_10' title="bbox 335 915 1318 970; baseline 0.003 -16"><span class='ocrx_word' id='word_1_64' title='bbox 335 916 414 955; x_wconf 86' lang='grc' dir='ltr'>οὔτε</span> <span class='ocrx_word' id='word_1_65' title='bbox 433 916 528 968; x_wconf 81' lang='grc' dir='ltr'>λέγει</span> <span class='ocrx_word' id='word_1_66' title='bbox 549 915 628 955; x_wconf 89' lang='grc' dir='ltr'>οὔτε</span> <span class='ocrx_word' id='word_1_67' title='bbox 655 917 802 970; x_wconf 81' lang='grc' dir='ltr'>κρύπτει</span> <span class='ocrx_word' id='word_1_68' title='bbox 823 917 913 955; x_wconf 86' lang='grc' dir='ltr'>ἀλλὰ</span> <span class='ocrx_word' id='word_1_69' title='bbox 935 916 1124 970; x_wconf 78' lang='grc' dir='ltr'>σημαίνει,</span> <span class='ocrx_word' id='word_1_70' title='bbox 1145 917 1238 956; x_wconf 78' lang='grc' dir='ltr'>κατὰ</span> <span class='ocrx_word' id='word_1_71' title='bbox 1258 917 1318 957; x_wconf 82' lang='grc' dir='ltr'><strong>τὸν</strong></span> 
     </span>
     <span class='ocr_line' id='line_1_11' title="bbox 338 974 1316 1029; baseline -0.001 -14"><span class='ocrx_word' id='word_1_72' title='bbox 338 974 588 1027; x_wconf 81' lang='grc' dir='ltr'>Ἡράκλειτον,</span> <span class='ocrx_word' id='word_1_73' title='bbox 618 975 710 1014; x_wconf 80' lang='grc' dir='ltr'>οὕτω</span> <span class='ocrx_word' id='word_1_74' title='bbox 741 978 813 1016; x_wconf 83' lang='grc' dir='ltr'><strong>τῶν</strong></span> <span class='ocrx_word' id='word_1_75' title='bbox 847 978 1102 1029; x_wconf 80' lang='grc' dir='ltr'>Πυθαγορικῶν</span> <span class='ocrx_word' id='word_1_76' title='bbox 1129 975 1316 1027; x_wconf 77' lang='grc' dir='ltr'>συμὸόλων</span> 
     </span>
     <span class='ocr_line' id='line_1_12' title="bbox 336 1033 1317 1089; baseline 0.003 -17"><span class='ocrx_word' id='word_1_77' title='bbox 336 1033 396 1072; x_wconf 80' lang='grc' dir='ltr'><strong>καὶ</strong></span> <span class='ocrx_word' id='word_1_78' title='bbox 428 1033 468 1071; x_wconf 85' lang='grc' dir='ltr'><strong>τὸ</strong></span> <span class='ocrx_word' id='word_1_79' title='bbox 499 1035 691 1087; x_wconf 75' lang='grc' dir='ltr'>φράζεσθαι</span> <span class='ocrx_word' id='word_1_80' title='bbox 723 1035 845 1074; x_wconf 78' lang='grc' dir='ltr'>δοκοῦν</span> <span class='ocrx_word' id='word_1_81' title='bbox 881 1034 1122 1089; x_wconf 84' lang='grc' dir='ltr'>κρυπτόμενόν</span> <span class='ocrx_word' id='word_1_82' title='bbox 1152 1037 1226 1074; x_wconf 82' lang='grc' dir='ltr'>ἐστι</span> <span class='ocrx_word' id='word_1_83' title='bbox 1255 1035 1317 1075; x_wconf 85' lang='grc' dir='ltr'><strong>καὶ</strong></span> 
     </span>
     <span class='ocr_line' id='line_1_13' title="bbox 335 1093 770 1145; baseline 0 -13"><span class='ocrx_word' id='word_1_84' title='bbox 335 1093 550 1145; x_wconf 82' lang='grc' dir='ltr'>κρύπτεσθαι</span> <span class='ocrx_word' id='word_1_85' title='bbox 570 1094 770 1144; x_wconf 81' lang='grc' dir='ltr'>νοούμενον.</span> 
     </span>
    </p>

    <p class='ocr_par' dir='ltr' id='par_1_3' title="bbox 333 1153 1315 1325">
     <span class='ocr_line' id='line_1_14' title="bbox 393 1153 1315 1208; baseline 0.004 -17"><span class='ocrx_word' id='word_1_86' title='bbox 393 1153 584 1204; x_wconf 85' lang='lat' dir='ltr'><strong>(Stobaeus</strong></span> <span class='ocrx_word' id='word_1_87' title='bbox 622 1154 727 1194; x_wconf 80' lang='lat' dir='ltr'><strong>Flor.</strong></span> <span class='ocrx_word' id='word_1_88' title='bbox 756 1154 804 1205; x_wconf 86' lang='lat' dir='ltr'><strong>V,</strong></span> <span class='ocrx_word' id='word_1_89' title='bbox 841 1169 888 1203; x_wconf 84' lang='lat'><strong>72</strong></span> <span class='ocrx_word' id='word_1_90' title='bbox 921 1154 1165 1208; x_wconf 80' lang='grc' dir='ltr'>Πυθαγορικά.</span> <span class='ocrx_word' id='word_1_91' title='bbox 1196 1155 1315 1195; x_wconf 87' lang='lat' dir='ltr'><strong>Posui</strong></span> 
     </span>
     <span class='ocr_line' id='line_1_15' title="bbox 337 1212 1314 1268; baseline 0.007 -19"><span class='ocrx_word' id='word_1_92' title='bbox 337 1212 500 1266; x_wconf 69' lang='grc' dir='ltr'>βεὸήλοις</span> <span class='ocrx_word' id='word_1_93' title='bbox 518 1227 594 1265; x_wconf 89' lang='lat' dir='ltr'><strong>pro</strong></span> <span class='ocrx_word' id='word_1_94' title='bbox 616 1215 802 1253; x_wconf 88' lang='lat' dir='ltr'><strong>codicum</strong></span> <span class='ocrx_word' id='word_1_95' title='bbox 825 1214 993 1253; x_wconf 80' lang='lat' dir='ltr'><strong>lectione</strong></span> <span class='ocrx_word' id='word_1_96' title='bbox 1023 1215 1181 1268; x_wconf 74' lang='grc' dir='ltr'>βέὸηλοι.</span> <span class='ocrx_word' id='word_1_97' title='bbox 1203 1215 1314 1257; x_wconf 85' lang='lat' dir='ltr'><strong>conf.</strong></span> 
     </span>
     <span class='ocr_line' id='line_1_16' title="bbox 333 1271 708 1325; baseline 0.005 -16"><span class='ocrx_word' id='word_1_98' title='bbox 333 1271 490 1322; x_wconf 84' lang='lat' dir='ltr'><strong>Fragm.</strong></span> <span class='ocrx_word' id='word_1_99' title='bbox 512 1272 636 1325; x_wconf 82' lang='lat' dir='ltr'><strong>Orph.</strong></span> <span class='ocrx_word' id='word_1_100' title='bbox 660 1274 708 1324; x_wconf 76' lang='grc' dir='ltr'>ι.)</span> 
     </span>
    </p>

    <p class='ocr_par' dir='ltr' id='par_1_4' title="bbox 265 1330 1315 1975">
     <span class='ocr_line' id='line_1_17' title="bbox 498 1330 1066 1384; baseline 0.002 -14"><span class='ocrx_word' id='word_1_101' title='bbox 498 1345 524 1371; x_wconf 86' lang='lat'><strong>1.</strong></span> <span class='ocrx_word' id='word_1_102' title='bbox 554 1330 640 1371; x_wconf 81' lang='grc' dir='ltr'><strong>Ἐπὶ</strong></span> <span class='ocrx_word' id='word_1_103' title='bbox 658 1333 808 1384; x_wconf 89' lang='grc' dir='ltr'>χοίνικος</span> <span class='ocrx_word' id='word_1_104' title='bbox 829 1332 878 1382; x_wconf 80' lang='grc' dir='ltr'><strong>μὴ</strong></span> <span class='ocrx_word' id='word_1_105' title='bbox 900 1332 1066 1379; x_wconf 84' lang='grc' dir='ltr'>καθίζειν.</span> 
     </span>
     <span class='ocr_line' id='line_1_18' title="bbox 333 1389 1313 1445; baseline 0.003 -17"><span class='ocrx_word' id='word_1_106' title='bbox 333 1389 506 1429; x_wconf 81' lang='grc' dir='ltr'>Τουτέστί</span> <span class='ocrx_word' id='word_1_107' title='bbox 519 1419 531 1441; x_wconf 82' lang='grc'>,</span> <span class='ocrx_word' id='word_1_108' title='bbox 552 1389 691 1443; x_wconf 84' lang='grc' dir='ltr'>φεύγειν</span> <span class='ocrx_word' id='word_1_109' title='bbox 710 1389 835 1444; x_wconf 82' lang='grc' dir='ltr'>ἀργίαν</span> <span class='ocrx_word' id='word_1_110' title='bbox 855 1390 916 1429; x_wconf 83' lang='grc' dir='ltr'><strong>καὶ</strong></span> <span class='ocrx_word' id='word_1_111' title='bbox 938 1397 1097 1445; x_wconf 83' lang='grc' dir='ltr'>προνοεῖν</span> <span class='ocrx_word' id='word_1_112' title='bbox 1126 1391 1220 1437; x_wconf 80' lang='grc' dir='ltr'>ὅπως</span> <span class='ocrx_word' id='word_1_113' title='bbox 1250 1393 1313 1440; x_wconf 85' lang='grc' dir='ltr'><strong>τὴν</strong></span> 
     </span>
     <span class='ocr_line' id='line_1_19' title="bbox 336 1447 1312 1504; baseline 0.007 -19"><span class='ocrx_word' id='word_1_114' title='bbox 336 1447 532 1499; x_wconf 86' lang='grc' dir='ltr'>ἀναγκαίαν</span> <span class='ocrx_word' id='word_1_115' title='bbox 562 1448 893 1501; x_wconf 82' lang='grc' dir='ltr'>παρασκευάσωμεν</span> <span class='ocrx_word' id='word_1_116' title='bbox 928 1449 1059 1504; x_wconf 79' lang='grc' dir='ltr'>τροφήν</span> <span class='ocrx_word' id='word_1_117' title='bbox 1098 1451 1312 1501; x_wconf 82' lang='lat' dir='ltr'><strong>(Plutarch.</strong></span> 
     </span>
     <span class='ocr_line' id='line_1_20' title="bbox 331 1506 1314 1563; baseline 0.007 -19"><span class='ocrx_word' id='word_1_118' title='bbox 331 1506 413 1559; x_wconf 76' lang='grc' dir='ltr'>περὶ</span> <span class='ocrx_word' id='word_1_119' title='bbox 433 1507 571 1546; x_wconf 85' lang='grc' dir='ltr'>παίδων</span> <span class='ocrx_word' id='word_1_120' title='bbox 593 1510 704 1560; x_wconf 88' lang='grc' dir='ltr'>ἀγωγ.</span> <span class='ocrx_word' id='word_1_121' title='bbox 730 1521 812 1560; x_wconf 86' lang='lat' dir='ltr'><strong>cap.</strong></span> <span class='ocrx_word' id='word_1_122' title='bbox 836 1507 916 1562; x_wconf 85' lang='lat'><strong>17).</strong></span> <span class='ocrx_word' id='word_1_123' title='bbox 939 1509 981 1558; x_wconf 84' lang='grc' dir='ltr'><strong>ἤ·</strong></span> <span class='ocrx_word' id='word_1_124' title='bbox 1000 1511 1034 1548; x_wconf 84' lang='grc' dir='ltr'><strong>ἐν</strong></span> <span class='ocrx_word' id='word_1_125' title='bbox 1056 1509 1122 1563; x_wconf 82' lang='grc' dir='ltr'><strong>ἴσῳ</strong></span> <span class='ocrx_word' id='word_1_126' title='bbox 1143 1514 1205 1550; x_wconf 79' lang='grc' dir='ltr'><strong>τοῦ</strong></span> <span class='ocrx_word' id='word_1_127' title='bbox 1239 1515 1314 1551; x_wconf 83' lang='grc' dir='ltr'>ἐνε-</span> 
     </span>
     <span class='ocr_line' id='line_1_21' title="bbox 333 1567 1312 1621; baseline 0.006 -17"><span class='ocrx_word' id='word_1_128' title='bbox 333 1568 464 1610; x_wconf 77' lang='grc' dir='ltr'>στῶτος</span> <span class='ocrx_word' id='word_1_129' title='bbox 493 1567 660 1619; x_wconf 85' lang='grc' dir='ltr'>φροντίδα</span> <span class='ocrx_word' id='word_1_130' title='bbox 691 1570 867 1606; x_wconf 88' lang='grc' dir='ltr'>ποιεῖσθαι</span> <span class='ocrx_word' id='word_1_131' title='bbox 899 1569 958 1607; x_wconf 75' lang='grc' dir='ltr'><strong>καὶ</strong></span> <span class='ocrx_word' id='word_1_132' title='bbox 980 1572 1042 1608; x_wconf 78' lang='grc' dir='ltr'><strong>τοῦ</strong></span> <span class='ocrx_word' id='word_1_133' title='bbox 1063 1570 1270 1621; x_wconf 84' lang='grc' dir='ltr'>μέλλοντος·</span> <span class='ocrx_word' id='word_1_134' title='bbox 1291 1575 1312 1620; x_wconf 87' lang='grc' dir='ltr'>ἡ</span> 
     </span>
     <span class='ocr_line' id='line_1_22' title="bbox 332 1623 1309 1681; baseline 0.007 -18"><span class='ocrx_word' id='word_1_135' title='bbox 332 1623 399 1675; x_wconf 84' lang='grc' dir='ltr'><strong>γὰρ</strong></span> <span class='ocrx_word' id='word_1_136' title='bbox 429 1626 540 1678; x_wconf 84' lang='grc' dir='ltr'>χοῖνιξ</span> <span class='ocrx_word' id='word_1_137' title='bbox 573 1626 765 1679; x_wconf 81' lang='grc' dir='ltr'>ἡμερήσιος</span> <span class='ocrx_word' id='word_1_138' title='bbox 785 1627 898 1681; x_wconf 83' lang='grc' dir='ltr'>τροφή</span> <span class='ocrx_word' id='word_1_139' title='bbox 930 1629 1058 1680; x_wconf 84' lang='lat' dir='ltr'><strong>(Diog.</strong></span> <span class='ocrx_word' id='word_1_140' title='bbox 1083 1629 1211 1669; x_wconf 69' lang='lat' dir='ltr'><strong>Laert.</strong></span> <span class='ocrx_word' id='word_1_141' title='bbox 1237 1631 1309 1672; x_wconf 88' lang='lat' dir='ltr'><strong>lib.</strong></span> 
     </span>
     <span class='ocr_line' id='line_1_23' title="bbox 332 1682 1308 1740; baseline 0.008 -20"><span class='ocrx_word' id='word_1_142' title='bbox 332 1682 379 1720; x_wconf 91' lang='lat' dir='ltr'><strong>Vl</strong></span> <span class='ocrx_word' id='word_1_143' title='bbox 389 1684 445 1732; x_wconf 72' lang='lat'><strong>1³1,</strong></span> <span class='ocrx_word' id='word_1_144' title='bbox 484 1685 556 1737; x_wconf 86' lang='lat'><strong>18).</strong></span> <span class='ocrx_word' id='word_1_145' title='bbox 587 1685 629 1733; x_wconf 83' lang='grc' dir='ltr'><strong>ἤ·</strong></span> <span class='ocrx_word' id='word_1_146' title='bbox 651 1685 699 1736; x_wconf 82' lang='grc' dir='ltr'><strong>μὴ</strong></span> <span class='ocrx_word' id='word_1_147' title='bbox 736 1692 881 1725; x_wconf 86' lang='grc' dir='ltr'>σκοπεῖν</span> <span class='ocrx_word' id='word_1_148' title='bbox 901 1687 945 1725; x_wconf 82' lang='grc' dir='ltr'><strong>τὰ</strong></span> <span class='ocrx_word' id='word_1_149' title='bbox 964 1687 1017 1740; x_wconf 83' lang='grc' dir='ltr'>ἐφ’</span> <span class='ocrx_word' id='word_1_150' title='bbox 1037 1687 1190 1740; x_wconf 77' lang='grc' dir='ltr'>ἡμέραν,</span> <span class='ocrx_word' id='word_1_151' title='bbox 1217 1690 1308 1729; x_wconf 82' lang='grc' dir='ltr'>ἀλλὰ</span> 
     </span>
     <span class='ocr_line' id='line_1_24' title="bbox 332 1743 1313 1801; baseline 0.009 -20"><span class='ocrx_word' id='word_1_152' title='bbox 332 1743 392 1781; x_wconf 79' lang='grc' dir='ltr'><strong>καὶ</strong></span> <span class='ocrx_word' id='word_1_153' title='bbox 420 1743 484 1791; x_wconf 77' lang='grc' dir='ltr'><strong>τὴν</strong></span> <span class='ocrx_word' id='word_1_154' title='bbox 508 1745 676 1784; x_wconf 76' lang='grc' dir='ltr'>ἐπιοῦσαν</span> <span class='ocrx_word' id='word_1_155' title='bbox 709 1745 762 1784; x_wconf 80' lang='grc' dir='ltr'><strong>ἀεὶ</strong></span> <span class='ocrx_word' id='word_1_156' title='bbox 791 1747 1050 1800; x_wconf 83' lang='grc' dir='ltr'>προσδέχεσθαι</span> <span class='ocrx_word' id='word_1_157' title='bbox 1085 1749 1313 1801; x_wconf 84' lang='lat' dir='ltr'><strong>(Athenaeus</strong></span> 
     </span>
     <span class='ocr_line' id='line_1_25' title="bbox 265 1802 1315 1863; baseline 0.009 -23"><span class='ocrx_word' id='word_1_158' title='bbox 265 1818 273 1826; x_wconf 93' lang='lat'><strong>·</strong></span> <span class='ocrx_word' id='word_1_159' title='bbox 331 1802 400 1843; x_wconf 87' lang='lat' dir='ltr'><strong>lib.</strong></span> <span class='ocrx_word' id='word_1_160' title='bbox 416 1803 449 1841; x_wconf 89' lang='lat' dir='ltr'>X</span> <span class='ocrx_word' id='word_1_161' title='bbox 463 1818 505 1856; x_wconf 80' lang='lat' dir='ltr'><strong>p.</strong></span> <span class='ocrx_word' id='word_1_162' title='bbox 529 1805 620 1850; x_wconf 77' lang='lat'><strong>452.</strong></span> <span class='ocrx_word' id='word_1_163' title='bbox 638 1804 697 1858; x_wconf 88' lang='lat' dir='ltr'><strong>E).</strong></span> <span class='ocrx_word' id='word_1_164' title='bbox 719 1804 762 1852; x_wconf 83' lang='grc' dir='ltr'><strong>ἤ·</strong></span> <span class='ocrx_word' id='word_1_165' title='bbox 778 1806 936 1846; x_wconf 79' lang='grc' dir='ltr'>διδάσκει</span> <span class='ocrx_word' id='word_1_166' title='bbox 951 1807 1006 1846; x_wconf 86' lang='grc' dir='ltr'><strong>ἀεί</strong></span> <span class='ocrx_word' id='word_1_167' title='bbox 1022 1824 1055 1847; x_wconf 87' lang='grc' dir='ltr'><strong>τι</strong></span> <span class='ocrx_word' id='word_1_168' title='bbox 1065 1813 1126 1848; x_wconf 78' lang='grc' dir='ltr'><strong>τοῦ</strong></span> <span class='ocrx_word' id='word_1_169' title='bbox 1143 1810 1315 1863; x_wconf 85' lang='grc' dir='ltr'>παρόντος</span> 
     </span>
     <span class='ocr_line' id='line_1_26' title="bbox 337 1862 1313 1923; baseline 0.009 -23"><span class='ocrx_word' id='word_1_170' title='bbox 337 1864 384 1907; x_wconf 88' lang='grc' dir='ltr'><strong>εἷς</strong></span> <span class='ocrx_word' id='word_1_171' title='bbox 406 1863 445 1901; x_wconf 81' lang='grc' dir='ltr'><strong>τὸ</strong></span> <span class='ocrx_word' id='word_1_172' title='bbox 471 1862 600 1914; x_wconf 80' lang='grc' dir='ltr'>μέλλον</span> <span class='ocrx_word' id='word_1_173' title='bbox 632 1866 859 1915; x_wconf 81' lang='grc' dir='ltr'>καταλιπεῖν,</span> <span class='ocrx_word' id='word_1_174' title='bbox 880 1866 942 1905; x_wconf 78' lang='grc' dir='ltr'><strong>καὶ</strong></span> <span class='ocrx_word' id='word_1_175' title='bbox 967 1870 1029 1915; x_wconf 76' lang='grc' dir='ltr'><strong>τῆς</strong></span> <span class='ocrx_word' id='word_1_176' title='bbox 1056 1867 1175 1921; x_wconf 81' lang='grc' dir='ltr'>αὔριον</span> <span class='ocrx_word' id='word_1_177' title='bbox 1203 1870 1238 1908; x_wconf 79' lang='grc' dir='ltr'><strong>ἐν</strong></span> <span class='ocrx_word' id='word_1_178' title='bbox 1269 1873 1313 1923; x_wconf 85' lang='grc' dir='ltr'><strong>τῇ</strong></span> 
     </span>
     <span class='ocr_line' id='line_1_27' title="bbox 331 1921 753 1975; baseline 0.017 -16"><span class='ocrx_word' id='word_1_179' title='bbox 331 1921 485 1974; x_wconf 76' lang='grc' dir='ltr'>σήμερον</span> <span class='ocrx_word' id='word_1_180' title='bbox 506 1923 753 1975; x_wconf 78' lang='grc' dir='ltr'>μνημονεύειν.</span> 
     </span>
    </p>

    <p class='ocr_par' dir='ltr' id='par_1_5' title="bbox 332 1981 1310 2154">
     <span class='ocr_line' id='line_1_28' title="bbox 388 1981 1310 2039; baseline 0.009 -20"><span class='ocrx_word' id='word_1_181' title='bbox 388 1981 633 2032; x_wconf 81' lang='lat' dir='ltr'><strong>(Plutarchus</strong></span> <span class='ocrx_word' id='word_1_182' title='bbox 657 1984 838 2037; x_wconf 88' lang='lat' dir='ltr'><strong>Sympos.</strong></span> <span class='ocrx_word' id='word_1_183' title='bbox 862 1985 931 2025; x_wconf 88' lang='lat' dir='ltr'><strong>lib.</strong></span> <span class='ocrx_word' id='word_1_184' title='bbox 951 1986 1022 2024; x_wconf 88' lang='lat' dir='ltr'><strong>Vll</strong></span> <span class='ocrx_word' id='word_1_185' title='bbox 1041 1999 1125 2039; x_wconf 81' lang='lat' dir='ltr'><strong>cap,</strong></span> <span class='ocrx_word' id='word_1_186' title='bbox 1159 1993 1196 2034; x_wconf 91' lang='grc'><strong>4,</strong></span> <span class='ocrx_word' id='word_1_187' title='bbox 1217 1996 1310 2027; x_wconf 91' lang='lat' dir='ltr'><strong>tom.</strong></span> 
     </span>
     <span class='ocr_line' id='line_1_29' title="bbox 332 2039 1310 2092; baseline 0.008 -14"><span class='ocrx_word' id='word_1_188' title='bbox 332 2039 385 2078; x_wconf 86' lang='lat' dir='ltr'><strong>XI</strong></span> <span class='ocrx_word' id='word_1_189' title='bbox 401 2055 440 2092; x_wconf 85' lang='lat' dir='ltr'><strong>p.</strong></span> <span class='ocrx_word' id='word_1_190' title='bbox 456 2043 531 2080; x_wconf 81' lang='lat'><strong>302</strong></span> <span class='ocrx_word' id='word_1_191' title='bbox 549 2043 613 2083; x_wconf 87' lang='lat' dir='ltr'><strong>ed.</strong></span> <span class='ocrx_word' id='word_1_192' title='bbox 632 2043 790 2084; x_wconf 82' lang='lat' dir='ltr'><strong>Hutten.</strong></span> <span class='ocrx_word' id='word_1_193' title='bbox 808 2044 865 2083; x_wconf 87' lang='lat' dir='ltr'><strong>Cf.</strong></span> <span class='ocrx_word' id='word_1_194' title='bbox 880 2045 1125 2085; x_wconf 58' lang='lat' dir='ltr'><strong>«lamblichus</strong></span> <span class='ocrx_word' id='word_1_195' title='bbox 1143 2047 1244 2086; x_wconf 84' lang='lat' dir='ltr'><strong>Adh.</strong></span> <span class='ocrx_word' id='word_1_196' title='bbox 1263 2048 1310 2085; x_wconf 88' lang='lat' dir='ltr'><strong>ad</strong></span> 
     </span>
     <span class='ocr_line' id='line_1_30' title="bbox 332 2099 689 2154; baseline 0.011 -17"><span class='ocrx_word' id='word_1_197' title='bbox 332 2099 483 2141; x_wconf 79' lang='lat' dir='ltr'><strong>Philus.</strong></span> <span class='ocrx_word' id='word_1_198' title='bbox 503 2115 586 2154; x_wconf 92' lang='lat' dir='ltr'><strong>cap.</strong></span> <span class='ocrx_word' id='word_1_199' title='bbox 609 2101 689 2154; x_wconf 72' lang='grc' dir='ltr'>αἱ.)</span> 
     </span>
    </p>

    <p class='ocr_par' dir='ltr' id='par_1_6' title="bbox 331 2161 1312 2278">
     <span class='ocr_line' id='line_1_31' title="bbox 530 2161 1040 2216; baseline 0.008 -17"><span class='ocrx_word' id='word_1_200' title='bbox 530 2173 562 2201; x_wconf 81' lang='lat'><strong>2.</strong></span> <span class='ocrx_word' id='word_1_201' title='bbox 595 2161 708 2213; x_wconf 88' lang='grc' dir='ltr'>Ζυγὸν</span> <span class='ocrx_word' id='word_1_202' title='bbox 730 2161 779 2212; x_wconf 85' lang='grc' dir='ltr'><strong>μὴ</strong></span> <span class='ocrx_word' id='word_1_203' title='bbox 801 2163 1040 2216; x_wconf 68' lang='grc' dir='ltr'>ὖπερὸαίνειν.</span> 
     </span>
     <span class='ocr_line' id='line_1_32' title="bbox 331 2217 1312 2278; baseline 0.007 -21"><span class='ocrx_word' id='word_1_204' title='bbox 331 2217 422 2257; x_wconf 85' lang='grc' dir='ltr'>Ἀντὶ</span> <span class='ocrx_word' id='word_1_205' title='bbox 454 2222 515 2258; x_wconf 79' lang='grc' dir='ltr'><strong>τοῦ</strong></span> <span class='ocrx_word' id='word_1_206' title='bbox 546 2226 667 2260; x_wconf 78' lang='grc' dir='ltr'>πᾶσαν</span> <span class='ocrx_word' id='word_1_207' title='bbox 687 2222 887 2268; x_wconf 84' lang='grc' dir='ltr'>πλεονεξίαν</span> <span class='ocrx_word' id='word_1_208' title='bbox 914 2225 1053 2278; x_wconf 84' lang='grc' dir='ltr'>φεύγειν</span> <span class='ocrx_word' id='word_1_209' title='bbox 1076 2224 1138 2264; x_wconf 79' lang='grc' dir='ltr'><strong>καὶ</strong></span> <span class='ocrx_word' id='word_1_210' title='bbox 1157 2228 1312 2277; x_wconf 87' lang='grc' dir='ltr'>στυγεῖν,</span> 
     </span>
    </p>
   </div>
   <div class='ocr_carea' id='block_1_3' title="bbox 1348 565 1353 679">
    <p class='ocr_par' dir='ltr' id='par_1_7' title="bbox 1348 565 1353 679">
     <span class='ocr_line' id='line_1_33' title="bbox 1348 565 1353 679; baseline 0 3135"><span class='ocrx_word' id='word_1_211' title='bbox 1348 565 1353 679; x_wconf 95' lang='lat' dir='ltr'><strong> </strong></span> 
     </span>
    </p>
   </div>
   <div class='ocr_carea' id='block_1_4' title="bbox 928 294 1816 357">
    <p class='ocr_par' dir='ltr' id='par_1_8' title="bbox 928 294 1816 357">
     <span class='ocr_line' id='line_1_34' title="bbox 928 294 1816 357; baseline -0.002 -22"><span class='ocrx_word' id='word_1_212' title='bbox 928 294 1399 336; x_wconf 81' lang='lat' dir='ltr'><strong>PYTHAGOREOBUM</strong></span> <span class='ocrx_word' id='word_1_213' title='bbox 1434 295 1498 334; x_wconf 85' lang='lat' dir='ltr'><strong>ET</strong></span> <span class='ocrx_word' id='word_1_214' title='bbox 1529 294 1770 334; x_wconf 85' lang='lat' dir='ltr'>ALIORUM</span> <span class='ocrx_word' id='word_1_215' title='bbox 1813 353 1816 357; x_wconf 28' lang='grc' dir='ltr'>Ι</span> 
     </span>
    </p>
   </div>
   <div class='ocr_carea' id='block_1_5' title="bbox 1454 380 2441 2221">
    <p class='ocr_par' dir='ltr' id='par_1_9' title="bbox 1457 380 2439 494">
     <span class='ocr_line' id='line_1_35' title="bbox 1457 380 2439 430; baseline 0.003 -9"><span class='ocrx_word' id='word_1_216' title='bbox 1457 383 1573 430; x_wconf 85' lang='grc' dir='ltr'>ζητεῖν</span> <span class='ocrx_word' id='word_1_217' title='bbox 1609 382 1645 421; x_wconf 82' lang='grc' dir='ltr'><strong>δὲ</strong></span> <span class='ocrx_word' id='word_1_218' title='bbox 1678 383 1718 421; x_wconf 79' lang='grc' dir='ltr'><strong>τὸ</strong></span> <span class='ocrx_word' id='word_1_219' title='bbox 1748 382 1824 421; x_wconf 86' lang='grc' dir='ltr'>ἴσον</span> <span class='ocrx_word' id='word_1_220' title='bbox 1856 386 1919 430; x_wconf 84' lang='grc' dir='ltr'>τ’ῆς</span> <span class='ocrx_word' id='word_1_221' title='bbox 1949 398 1988 422; x_wconf 87' lang='grc' dir='ltr'><strong>τε</strong></span> <span class='ocrx_word' id='word_1_222' title='bbox 2019 380 2241 430; x_wconf 83' lang='grc' dir='ltr'>δικαιοσύνης</span> <span class='ocrx_word' id='word_1_223' title='bbox 2274 385 2439 424; x_wconf 73' lang='grc' dir='ltr'>πλεῖστον</span> 
     </span>
     <span class='ocr_line' id='line_1_36' title="bbox 1457 441 2326 494; baseline 0 -14"><span class='ocrx_word' id='word_1_224' title='bbox 1457 444 1632 480; x_wconf 86' lang='grc' dir='ltr'>ποιεῖσθαι</span> <span class='ocrx_word' id='word_1_225' title='bbox 1652 443 1755 493; x_wconf 87' lang='grc' dir='ltr'>λόγον</span> <span class='ocrx_word' id='word_1_226' title='bbox 1777 442 1837 481; x_wconf 73' lang='grc' dir='ltr'><strong>καὶ</strong></span> <span class='ocrx_word' id='word_1_227' title='bbox 1859 441 1908 493; x_wconf 88' lang='grc' dir='ltr'><strong>μὴ</strong></span> <span class='ocrx_word' id='word_1_228' title='bbox 1929 442 2063 489; x_wconf 88' lang='grc' dir='ltr'>ταύτην</span> <span class='ocrx_word' id='word_1_229' title='bbox 2087 441 2326 494; x_wconf 68' lang='grc' dir='ltr'>ὖπερςαίνειν.</span> 
     </span>
    </p>

    <p class='ocr_par' dir='ltr' id='par_1_10' title="bbox 1457 499 2441 672">
     <span class='ocr_line' id='line_1_37' title="bbox 1515 499 2441 553; baseline 0.004 -15"><span class='ocrx_word' id='word_1_230' title='bbox 1515 499 1736 553; x_wconf 79' lang='lat' dir='ltr'><strong>(Athenaeus</strong></span> <span class='ocrx_word' id='word_1_231' title='bbox 1756 500 1825 539; x_wconf 85' lang='lat' dir='ltr'><strong>lib.</strong></span> <span class='ocrx_word' id='word_1_232' title='bbox 1844 500 1878 539; x_wconf 84' lang='lat' dir='ltr'><strong>X</strong></span> <span class='ocrx_word' id='word_1_233' title='bbox 1901 515 1941 553; x_wconf 86' lang='lat' dir='ltr'><strong>p.</strong></span> <span class='ocrx_word' id='word_1_234' title='bbox 1966 501 2058 547; x_wconf 73' lang='lat'><strong>452.</strong></span> <span class='ocrx_word' id='word_1_235' title='bbox 2077 501 2125 540; x_wconf 89' lang='lat' dir='ltr'><strong>D.</strong></span> <span class='ocrx_word' id='word_1_236' title='bbox 2140 500 2374 542; x_wconf 79' lang='lat' dir='ltr'><strong>Plutarchus</strong></span> <span class='ocrx_word' id='word_1_237' title='bbox 2392 503 2441 542; x_wconf 89' lang='lat' dir='ltr'><strong>de</strong></span> 
     </span>
     <span class='ocr_line' id='line_1_38' title="bbox 1457 558 2437 612; baseline 0.004 -14"><span class='ocrx_word' id='word_1_238' title='bbox 1457 560 1567 599; x_wconf 89' lang='lat' dir='ltr'><strong>educ.</strong></span> <span class='ocrx_word' id='word_1_239' title='bbox 1585 558 1659 599; x_wconf 90' lang='lat' dir='ltr'><strong>lib.</strong></span> <span class='ocrx_word' id='word_1_240' title='bbox 1678 573 1762 612; x_wconf 90' lang='lat' dir='ltr'><strong>cap.</strong></span> <span class='ocrx_word' id='word_1_241' title='bbox 1784 574 1846 609; x_wconf 88' lang='lat'><strong>17,</strong></span> <span class='ocrx_word' id='word_1_242' title='bbox 1863 569 1956 599; x_wconf 90' lang='lat' dir='ltr'><strong>tom.</strong></span> <span class='ocrx_word' id='word_1_243' title='bbox 1972 559 2042 598; x_wconf 84' lang='lat' dir='ltr'><strong>Vll</strong></span> <span class='ocrx_word' id='word_1_244' title='bbox 2061 574 2100 612; x_wconf 86' lang='lat' dir='ltr'><strong>p.</strong></span> <span class='ocrx_word' id='word_1_245' title='bbox 2125 565 2172 608; x_wconf 97' lang='grc'><strong>47</strong></span> <span class='ocrx_word' id='word_1_246' title='bbox 2195 560 2256 600; x_wconf 88' lang='lat' dir='ltr'><strong>ed.</strong></span> <span class='ocrx_word' id='word_1_247' title='bbox 2278 562 2437 602; x_wconf 85' lang='lat' dir='ltr'><strong>Hutten.</strong></span> 
     </span>
     <span class='ocr_line' id='line_1_39' title="bbox 1459 619 2312 672; baseline 0.001 -14"><span class='ocrx_word' id='word_1_248' title='bbox 1459 619 1702 658; x_wconf 85' lang='lat' dir='ltr'><strong>Jamblichus</strong></span> <span class='ocrx_word' id='word_1_249' title='bbox 1722 620 1881 659; x_wconf 87' lang='lat' dir='ltr'><strong>Adhort.</strong></span> <span class='ocrx_word' id='word_1_250' title='bbox 1901 620 1948 659; x_wconf 88' lang='lat' dir='ltr'><strong>ad</strong></span> <span class='ocrx_word' id='word_1_251' title='bbox 1965 620 2109 672; x_wconf 86' lang='lat' dir='ltr'><strong>philos.</strong></span> <span class='ocrx_word' id='word_1_252' title='bbox 2127 633 2210 672; x_wconf 79' lang='lat' dir='ltr'><strong>cap.</strong></span> <span class='ocrx_word' id='word_1_253' title='bbox 2234 621 2312 670; x_wconf 72' lang='grc' dir='ltr'>αι.)</span> 
     </span>
    </p>

    <p class='ocr_par' dir='ltr' id='par_1_11' title="bbox 1459 678 2440 851">
     <span class='ocr_line' id='line_1_40' title="bbox 1579 678 2233 729; baseline 0.005 -12"><span class='ocrx_word' id='word_1_254' title='bbox 1579 692 1610 718; x_wconf 76' lang='lat' dir='ltr'><strong>a.</strong></span> <span class='ocrx_word' id='word_1_255' title='bbox 1625 713 1629 717; x_wconf 83' lang='lat'><strong>.</strong></span> <span class='ocrx_word' id='word_1_256' title='bbox 1643 679 1709 725; x_wconf 83' lang='grc' dir='ltr'><strong>Μὴ</strong></span> <span class='ocrx_word' id='word_1_257' title='bbox 1729 680 1871 723; x_wconf 86' lang='grc' dir='ltr'>πολλοῖς</span> <span class='ocrx_word' id='word_1_258' title='bbox 1890 678 2082 729; x_wconf 77' lang='grc' dir='ltr'>ἔμὸάλλειν</span> <span class='ocrx_word' id='word_1_259' title='bbox 2101 679 2233 726; x_wconf 76' lang='grc' dir='ltr'>δεξιάν.</span> 
     </span>
     <span class='ocr_line' id='line_1_41' title="bbox 1459 736 2440 793; baseline 0.002 -16"><span class='ocrx_word' id='word_1_260' title='bbox 1459 736 1631 777; x_wconf 85' lang='grc' dir='ltr'>Τουτέστι</span> <span class='ocrx_word' id='word_1_261' title='bbox 1653 736 1703 788; x_wconf 84' lang='grc' dir='ltr'><strong>μὴ</strong></span> <span class='ocrx_word' id='word_1_262' title='bbox 1725 736 1877 782; x_wconf 84' lang='grc' dir='ltr'>πολλοὺς</span> <span class='ocrx_word' id='word_1_263' title='bbox 1904 741 2080 777; x_wconf 87' lang='grc' dir='ltr'>ποιεῖσθαι</span> <span class='ocrx_word' id='word_1_264' title='bbox 2099 738 2237 793; x_wconf 86' lang='grc' dir='ltr'>φίλους,</span> <span class='ocrx_word' id='word_1_265' title='bbox 2266 738 2356 790; x_wconf 82' lang='grc' dir='ltr'>μηδὲ</span> <span class='ocrx_word' id='word_1_266' title='bbox 2376 755 2440 779; x_wconf 74' lang='grc' dir='ltr'><strong>πο·</strong></span> 
     </span>
     <span class='ocr_line' id='line_1_42' title="bbox 1460 793 2328 851; baseline 0.006 -18"><span class='ocrx_word' id='word_1_267' title='bbox 1460 795 1619 834; x_wconf 84' lang='grc' dir='ltr'>λύκοινον</span> <span class='ocrx_word' id='word_1_268' title='bbox 1638 793 1728 846; x_wconf 76' lang='grc' dir='ltr'>μηδὲ</span> <span class='ocrx_word' id='word_1_269' title='bbox 1748 796 1936 846; x_wconf 85' lang='grc' dir='ltr'>πάνδημον</span> <span class='ocrx_word' id='word_1_270' title='bbox 1957 797 2175 842; x_wconf 82' lang='grc' dir='ltr'>ἀσπάζεσθαι</span> <span class='ocrx_word' id='word_1_271' title='bbox 2196 797 2328 851; x_wconf 86' lang='grc' dir='ltr'>φιλίαν.</span> 
     </span>
    </p>

    <p class='ocr_par' dir='ltr' id='par_1_12' title="bbox 1459 854 2438 1029">
     <span class='ocr_line' id='line_1_43' title="bbox 1515 854 2437 905; baseline 0.003 -12"><span class='ocrx_word' id='word_1_272' title='bbox 1515 854 1765 905; x_wconf 76' lang='lat' dir='ltr'><strong>(Plutarchus</strong></span> <span class='ocrx_word' id='word_1_273' title='bbox 1794 855 1843 894; x_wconf 89' lang='lat' dir='ltr'><strong>de</strong></span> <span class='ocrx_word' id='word_1_274' title='bbox 1873 856 1985 894; x_wconf 86' lang='lat' dir='ltr'><strong>amic.</strong></span> <span class='ocrx_word' id='word_1_275' title='bbox 2013 856 2213 894; x_wconf 87' lang='lat' dir='ltr'><strong>multitud.</strong></span> <span class='ocrx_word' id='word_1_276' title='bbox 2237 865 2333 896; x_wconf 89' lang='lat' dir='ltr'><strong>tom.</strong></span> <span class='ocrx_word' id='word_1_277' title='bbox 2353 857 2437 896; x_wconf 87' lang='lat' dir='ltr'><strong>Vll.</strong></span> 
     </span>
     <span class='ocr_line' id='line_1_44' title="bbox 1459 916 2438 968; baseline 0.005 -14"><span class='ocrx_word' id='word_1_278' title='bbox 1459 931 1500 968; x_wconf 83' lang='lat' dir='ltr'><strong>p.</strong></span> <span class='ocrx_word' id='word_1_279' title='bbox 1530 918 1606 966; x_wconf 80' lang='lat'><strong>296</strong></span> <span class='ocrx_word' id='word_1_280' title='bbox 1628 917 1691 955; x_wconf 88' lang='lat' dir='ltr'><strong>ed.</strong></span> <span class='ocrx_word' id='word_1_281' title='bbox 1717 917 1873 956; x_wconf 86' lang='lat' dir='ltr'><strong>Hutten.</strong></span> <span class='ocrx_word' id='word_1_282' title='bbox 1903 918 1964 958; x_wconf 86' lang='lat' dir='ltr'><strong>Cf.</strong></span> <span class='ocrx_word' id='word_1_283' title='bbox 1995 916 2242 957; x_wconf 82' lang='lat' dir='ltr'><strong>Jamblichus</strong></span> <span class='ocrx_word' id='word_1_284' title='bbox 2276 919 2438 960; x_wconf 77' lang='lat' dir='ltr'><strong>Adhort.</strong></span> 
     </span>
     <span class='ocr_line' id='line_1_45' title="bbox 1459 976 2022 1029; baseline 0.005 -15"><span class='ocrx_word' id='word_1_285' title='bbox 1459 976 1506 1014; x_wconf 88' lang='lat' dir='ltr'><strong>ad</strong></span> <span class='ocrx_word' id='word_1_286' title='bbox 1527 977 1671 1029; x_wconf 88' lang='lat' dir='ltr'><strong>philos.</strong></span> <span class='ocrx_word' id='word_1_287' title='bbox 1692 990 1778 1029; x_wconf 88' lang='lat' dir='ltr'><strong>cap.</strong></span> <span class='ocrx_word' id='word_1_288' title='bbox 1799 978 1881 1026; x_wconf 70' lang='grc' dir='ltr'>αι.)</span> <span class='ocrx_word' id='word_1_289' title='bbox 2012 990 2022 1001; x_wconf 88' lang='grc'>·</span> 
     </span>
    </p>

    <p class='ocr_par' dir='ltr' id='par_1_13' title="bbox 1459 1035 2439 1202">
     <span class='ocr_line' id='line_1_46' title="bbox 1675 1035 2140 1089; baseline -0.002 -13"><span class='ocrx_word' id='word_1_290' title='bbox 1675 1050 1707 1076; x_wconf 72' lang='lat'><strong>⁴.</strong></span> <span class='ocrx_word' id='word_1_291' title='bbox 1740 1036 1902 1089; x_wconf 87' lang='grc' dir='ltr'>Καρδίαν</span> <span class='ocrx_word' id='word_1_292' title='bbox 1927 1035 1976 1087; x_wconf 84' lang='grc' dir='ltr'><strong>μὴ</strong></span> <span class='ocrx_word' id='word_1_293' title='bbox 1999 1036 2140 1075; x_wconf 81' lang='grc' dir='ltr'>ἐσθίειν.</span> 
     </span>
     <span class='ocr_line' id='line_1_47' title="bbox 1460 1094 2439 1149; baseline 0.001 -14"><span class='ocrx_word' id='word_1_294' title='bbox 1460 1094 1632 1135; x_wconf 81' lang='grc' dir='ltr'>Τουτέστι</span> <span class='ocrx_word' id='word_1_295' title='bbox 1653 1094 1703 1147; x_wconf 83' lang='grc' dir='ltr'><strong>μὴ</strong></span> <span class='ocrx_word' id='word_1_296' title='bbox 1728 1094 1794 1143; x_wconf 83' lang='grc' dir='ltr'><strong>τὴν</strong></span> <span class='ocrx_word' id='word_1_297' title='bbox 1819 1094 1937 1149; x_wconf 79' lang='grc' dir='ltr'>ψυχὴν</span> <span class='ocrx_word' id='word_1_298' title='bbox 1960 1094 2071 1140; x_wconf 87' lang='grc' dir='ltr'>ἀνίαις</span> <span class='ocrx_word' id='word_1_299' title='bbox 2095 1095 2155 1135; x_wconf 79' lang='grc' dir='ltr'><strong>καὶ</strong></span> <span class='ocrx_word' id='word_1_300' title='bbox 2174 1095 2303 1142; x_wconf 82' lang='grc' dir='ltr'>λύπαις</span> <span class='ocrx_word' id='word_1_301' title='bbox 2322 1113 2439 1136; x_wconf 84' lang='grc' dir='ltr'>κατα-</span> 
     </span>
     <span class='ocr_line' id='line_1_48' title="bbox 1459 1154 1967 1202; baseline 0.002 -10"><span class='ocrx_word' id='word_1_302' title='bbox 1459 1155 1592 1202; x_wconf 81' lang='grc' dir='ltr'>τήκειν,</span> <span class='ocrx_word' id='word_1_303' title='bbox 1614 1154 1637 1202; x_wconf 87' lang='grc' dir='ltr'>ἢ</span> <span class='ocrx_word' id='word_1_304' title='bbox 1654 1154 1808 1194; x_wconf 85' lang='grc' dir='ltr'>ἀλυπίαν</span> <span class='ocrx_word' id='word_1_305' title='bbox 1829 1157 1967 1194; x_wconf 82' lang='grc' dir='ltr'>ἀσκεῖν.</span> 
     </span>
    </p>

    <p class='ocr_par' dir='ltr' id='par_1_14' title="bbox 1456 1215 2435 1388">
     <span class='ocr_line' id='line_1_49' title="bbox 1511 1215 2435 1268; baseline 0.006 -16"><span class='ocrx_word' id='word_1_306' title='bbox 1511 1215 1668 1266; x_wconf 78' lang='lat' dir='ltr'><strong>(suidas</strong></span> <span class='ocrx_word' id='word_1_307' title='bbox 1693 1216 1734 1254; x_wconf 89' lang='lat' dir='ltr'><strong>in</strong></span> <span class='ocrx_word' id='word_1_308' title='bbox 1752 1230 1790 1256; x_wconf 85' lang='lat' dir='ltr'><strong>v.</strong></span> <span class='ocrx_word' id='word_1_309' title='bbox 1821 1215 2033 1268; x_wconf 75' lang='grc' dir='ltr'>Πυθαγόρας</span> <span class='ocrx_word' id='word_1_310' title='bbox 2063 1224 2101 1253; x_wconf 90' lang='lat' dir='ltr'><strong>et</strong></span> <span class='ocrx_word' id='word_1_311' title='bbox 2129 1215 2335 1257; x_wconf 84' lang='lat' dir='ltr'><strong>Athenaeus</strong></span> <span class='ocrx_word' id='word_1_312' title='bbox 2363 1217 2435 1259; x_wconf 88' lang='lat' dir='ltr'><strong>lib.</strong></span> 
     </span>
     <span class='ocr_line' id='line_1_50' title="bbox 1456 1273 2434 1326; baseline 0.005 -14"><span class='ocrx_word' id='word_1_313' title='bbox 1456 1273 1490 1312; x_wconf 92' lang='lat' dir='ltr'>X</span> <span class='ocrx_word' id='word_1_314' title='bbox 1510 1287 1598 1326; x_wconf 87' lang='lat' dir='ltr'><strong>pag.</strong></span> <span class='ocrx_word' id='word_1_315' title='bbox 1622 1275 1712 1320; x_wconf 66' lang='lat'><strong>452.</strong></span> <span class='ocrx_word' id='word_1_316' title='bbox 1728 1275 1774 1315; x_wconf 88' lang='lat' dir='ltr'><strong>D.</strong></span> <span class='ocrx_word' id='word_1_317' title='bbox 1791 1274 1982 1313; x_wconf 85' lang='lat' dir='ltr'><strong>Similiter</strong></span> <span class='ocrx_word' id='word_1_318' title='bbox 1997 1274 2245 1315; x_wconf 86' lang='lat' dir='ltr'><strong>Jamblichus</strong></span> <span class='ocrx_word' id='word_1_319' title='bbox 2265 1277 2365 1317; x_wconf 80' lang='lat' dir='ltr'><strong>Adh.</strong></span> <span class='ocrx_word' id='word_1_320' title='bbox 2385 1278 2434 1317; x_wconf 86' lang='lat' dir='ltr'><strong>ad</strong></span> 
     </span>
     <span class='ocr_line' id='line_1_51' title="bbox 1456 1334 2200 1388; baseline 0.004 -17"><span class='ocrx_word' id='word_1_321' title='bbox 1456 1334 1598 1385; x_wconf 82' lang='lat' dir='ltr'><strong>philos,</strong></span> <span class='ocrx_word' id='word_1_322' title='bbox 1620 1348 1706 1386; x_wconf 87' lang='lat' dir='ltr'><strong>cap.</strong></span> <span class='ocrx_word' id='word_1_323' title='bbox 1726 1348 1771 1372; x_wconf 80' lang='lat'><strong>21</strong></span> <span class='ocrx_word' id='word_1_324' title='bbox 1799 1348 1809 1372; x_wconf 73' lang='lat' dir='ltr'>z</span> <span class='ocrx_word' id='word_1_325' title='bbox 1828 1334 1975 1386; x_wconf 86' lang='grc' dir='ltr'>καρδίαν</span> <span class='ocrx_word' id='word_1_326' title='bbox 1993 1334 2042 1384; x_wconf 87' lang='grc' dir='ltr'><strong>μὴ</strong></span> <span class='ocrx_word' id='word_1_327' title='bbox 2059 1335 2200 1388; x_wconf 84' lang='grc' dir='ltr'>τρῶγε.)</span> 
     </span>
    </p>

    <p class='ocr_par' dir='ltr' id='par_1_15' title="bbox 1456 1394 2433 1624">
     <span class='ocr_line' id='line_1_52' title="bbox 1673 1394 2126 1446; baseline 0.004 -14"><span class='ocrx_word' id='word_1_328' title='bbox 1673 1407 1705 1433; x_wconf 81' lang='lat'><strong>5.</strong></span> <span class='ocrx_word' id='word_1_329' title='bbox 1739 1394 1897 1444; x_wconf 80' lang='grc' dir='ltr'>Κυᾶμων</span> <span class='ocrx_word' id='word_1_330' title='bbox 1918 1394 2126 1446; x_wconf 77' lang='grc' dir='ltr'>ἀπέχεσθαι.</span> 
     </span>
     <span class='ocr_line' id='line_1_53' title="bbox 1457 1451 2433 1508; baseline 0.002 -16"><span class='ocrx_word' id='word_1_331' title='bbox 1457 1451 1645 1492; x_wconf 85' lang='grc' dir='ltr'>Τουτέστιν</span> <span class='ocrx_word' id='word_1_332' title='bbox 1662 1452 1715 1491; x_wconf 84' lang='grc' dir='ltr'><strong>ὅτι</strong></span> <span class='ocrx_word' id='word_1_333' title='bbox 1736 1454 1775 1492; x_wconf 82' lang='grc' dir='ltr'><strong>οὗ</strong></span> <span class='ocrx_word' id='word_1_334' title='bbox 1793 1454 1848 1492; x_wconf 87' lang='grc' dir='ltr'><strong>δεῖ</strong></span> <span class='ocrx_word' id='word_1_335' title='bbox 1865 1454 2130 1493; x_wconf 79' lang='grc' dir='ltr'>πολιτεύεσθαι·</span> <span class='ocrx_word' id='word_1_336' title='bbox 2149 1454 2347 1506; x_wconf 73' lang='grc' dir='ltr'>κυαμευταὶ</span> <span class='ocrx_word' id='word_1_337' title='bbox 2363 1455 2433 1508; x_wconf 86' lang='grc' dir='ltr'><strong>γὰρ</strong></span> 
     </span>
     <span class='ocr_line' id='line_1_54' title="bbox 1456 1505 2432 1567; baseline 0.006 -19"><span class='ocrx_word' id='word_1_338' title='bbox 1456 1505 1547 1559; x_wconf 75' lang='grc' dir='ltr'>’ἦσαν</span> <span class='ocrx_word' id='word_1_339' title='bbox 1567 1512 1762 1565; x_wconf 88' lang='grc' dir='ltr'>ἔμπροσθεν</span> <span class='ocrx_word' id='word_1_340' title='bbox 1782 1514 1818 1551; x_wconf 75' lang='grc' dir='ltr'><strong>αἱ</strong></span> <span class='ocrx_word' id='word_1_341' title='bbox 1836 1513 2071 1567; x_wconf 82' lang='grc' dir='ltr'>ψηφοφορίαι,</span> <span class='ocrx_word' id='word_1_342' title='bbox 2090 1512 2133 1552; x_wconf 86' lang='grc' dir='ltr'>δι’</span> <span class='ocrx_word' id='word_1_343' title='bbox 2148 1507 2197 1552; x_wconf 66' lang='grc' dir='ltr'><strong>ὧν</strong></span> <span class='ocrx_word' id='word_1_344' title='bbox 2215 1514 2325 1567; x_wconf 80' lang='grc' dir='ltr'>πέρας</span> <span class='ocrx_word' id='word_1_345' title='bbox 2349 1517 2432 1554; x_wconf 88' lang='grc' dir='ltr'>ε’πε-</span> 
     </span>
     <span class='ocr_line' id='line_1_55' title="bbox 1460 1571 1856 1624; baseline -0.003 -14"><span class='ocrx_word' id='word_1_346' title='bbox 1460 1572 1599 1610; x_wconf 85' lang='grc' dir='ltr'>τίθεσαν</span> <span class='ocrx_word' id='word_1_347' title='bbox 1618 1577 1694 1615; x_wconf 86' lang='grc' dir='ltr'>ταῖς</span> <span class='ocrx_word' id='word_1_348' title='bbox 1716 1571 1856 1624; x_wconf 75' lang='grc' dir='ltr'>ἀρχαῖς.</span> 
     </span>
    </p>

    <p class='ocr_par' dir='ltr' id='par_1_16' title="bbox 1454 1630 2432 1862">
     <span class='ocr_line' id='line_1_56' title="bbox 1511 1630 2432 1682; baseline 0.001 -13"><span class='ocrx_word' id='word_1_349' title='bbox 1511 1631 1758 1682; x_wconf 83' lang='lat' dir='ltr'><strong>(Plutarchus</strong></span> <span class='ocrx_word' id='word_1_350' title='bbox 1784 1631 1832 1669; x_wconf 91' lang='lat' dir='ltr'><strong>de</strong></span> <span class='ocrx_word' id='word_1_351' title='bbox 1852 1630 1965 1671; x_wconf 86' lang='lat' dir='ltr'><strong>educ.</strong></span> <span class='ocrx_word' id='word_1_352' title='bbox 1991 1630 2061 1669; x_wconf 91' lang='lat' dir='ltr'><strong>lib.</strong></span> <span class='ocrx_word' id='word_1_353' title='bbox 2083 1645 2116 1670; x_wconf 93' lang='lat' dir='ltr'><strong>c.</strong></span> <span class='ocrx_word' id='word_1_354' title='bbox 2153 1645 2214 1679; x_wconf 84' lang='lat'><strong>17,</strong></span> <span class='ocrx_word' id='word_1_355' title='bbox 2234 1639 2330 1671; x_wconf 89' lang='lat' dir='ltr'><strong>tom.</strong></span> <span class='ocrx_word' id='word_1_356' title='bbox 2362 1631 2432 1670; x_wconf 77' lang='lat' dir='ltr'><strong>Vll</strong></span> 
     </span>
     <span class='ocr_line' id='line_1_57' title="bbox 1454 1690 2431 1742; baseline 0.001 -14"><span class='ocrx_word' id='word_1_357' title='bbox 1454 1705 1491 1742; x_wconf 84' lang='lat' dir='ltr'><strong>p.</strong></span> <span class='ocrx_word' id='word_1_358' title='bbox 1514 1697 1561 1739; x_wconf 91' lang='grc'><strong>47</strong></span> <span class='ocrx_word' id='word_1_359' title='bbox 1583 1704 1666 1742; x_wconf 87' lang='lat' dir='ltr'><strong>seq.</strong></span> <span class='ocrx_word' id='word_1_360' title='bbox 1689 1691 1750 1730; x_wconf 88' lang='lat' dir='ltr'><strong>ed.</strong></span> <span class='ocrx_word' id='word_1_361' title='bbox 1776 1691 1930 1729; x_wconf 84' lang='lat' dir='ltr'><strong>llutten.</strong></span> <span class='ocrx_word' id='word_1_362' title='bbox 1954 1690 2071 1732; x_wconf 85' lang='lat' dir='ltr'><strong>Conf.</strong></span> <span class='ocrx_word' id='word_1_363' title='bbox 2094 1692 2142 1732; x_wconf 86' lang='lat' dir='ltr'><strong>A.</strong></span> <span class='ocrx_word' id='word_1_364' title='bbox 2163 1690 2265 1729; x_wconf 82' lang='lat' dir='ltr'><strong>Geli.</strong></span> <span class='ocrx_word' id='word_1_365' title='bbox 2288 1691 2359 1733; x_wconf 88' lang='lat' dir='ltr'><strong>lib.</strong></span> <span class='ocrx_word' id='word_1_366' title='bbox 2381 1691 2431 1730; x_wconf 89' lang='lat' dir='ltr'><strong>lv</strong></span> 
     </span>
     <span class='ocr_line' id='line_1_58' title="bbox 1458 1750 2431 1802; baseline 0.002 -14"><span class='ocrx_word' id='word_1_367' title='bbox 1458 1764 1542 1802; x_wconf 84' lang='lat' dir='ltr'><strong>cap.</strong></span> <span class='ocrx_word' id='word_1_368' title='bbox 1563 1765 1605 1788; x_wconf 89' lang='lat'><strong>11</strong></span> <span class='ocrx_word' id='word_1_369' title='bbox 1630 1759 1667 1788; x_wconf 90' lang='lat' dir='ltr'><strong>et</strong></span> <span class='ocrx_word' id='word_1_370' title='bbox 1696 1750 1777 1790; x_wconf 86' lang='lat' dir='ltr'><strong>Cic.</strong></span> <span class='ocrx_word' id='word_1_371' title='bbox 1796 1751 1845 1789; x_wconf 90' lang='lat' dir='ltr'><strong>de</strong></span> <span class='ocrx_word' id='word_1_372' title='bbox 1869 1751 1996 1790; x_wconf 86' lang='lat' dir='ltr'><strong>divin.</strong></span> <span class='ocrx_word' id='word_1_373' title='bbox 2023 1750 2094 1789; x_wconf 88' lang='lat' dir='ltr'><strong>lib.</strong></span> <span class='ocrx_word' id='word_1_374' title='bbox 2127 1750 2158 1789; x_wconf 88' lang='grc' dir='ltr'><strong>Ῑ.</strong></span> <span class='ocrx_word' id='word_1_375' title='bbox 2186 1750 2431 1790; x_wconf 83' lang='lat' dir='ltr'><strong>Jamblichus</strong></span> 
     </span>
     <span class='ocr_line' id='line_1_59' title="bbox 1458 1809 2066 1862; baseline 0.003 -14"><span class='ocrx_word' id='word_1_376' title='bbox 1458 1811 1620 1848; x_wconf 80' lang='lat' dir='ltr'><strong>Adhort.</strong></span> <span class='ocrx_word' id='word_1_377' title='bbox 1649 1809 1696 1848; x_wconf 91' lang='lat' dir='ltr'><strong>ad</strong></span> <span class='ocrx_word' id='word_1_378' title='bbox 1717 1809 1862 1862; x_wconf 80' lang='lat' dir='ltr'><strong>philos,</strong></span> <span class='ocrx_word' id='word_1_379' title='bbox 1883 1823 1966 1862; x_wconf 85' lang='lat' dir='ltr'><strong>cap.</strong></span> <span class='ocrx_word' id='word_1_380' title='bbox 1985 1811 2066 1858; x_wconf 83' lang='lat'><strong>21.)</strong></span> 
     </span>
    </p>

    <p class='ocr_par' dir='ltr' id='par_1_17' title="bbox 1455 1869 2430 2036">
     <span class='ocr_line' id='line_1_60' title="bbox 1618 1869 2180 1923; baseline 0.002 -15"><span class='ocrx_word' id='word_1_381' title='bbox 1618 1883 1646 1908; x_wconf 86' lang='lat'><strong>6.</strong></span> <span class='ocrx_word' id='word_1_382' title='bbox 1680 1869 1743 1916; x_wconf 86' lang='grc' dir='ltr'><strong>Μὴ</strong></span> <span class='ocrx_word' id='word_1_383' title='bbox 1764 1869 1926 1921; x_wconf 87' lang='grc' dir='ltr'>γεύεσθαι</span> <span class='ocrx_word' id='word_1_384' title='bbox 1943 1869 2180 1923; x_wconf 88' lang='grc' dir='ltr'>μελανούρων.</span> 
     </span>
     <span class='ocr_line' id='line_1_61' title="bbox 1455 1926 2430 1983; baseline 0 -14"><span class='ocrx_word' id='word_1_385' title='bbox 1455 1926 1629 1969; x_wconf 81' lang='grc' dir='ltr'>Τουτέστι</span> <span class='ocrx_word' id='word_1_386' title='bbox 1648 1927 1696 1978; x_wconf 87' lang='grc' dir='ltr'><strong>μὴ</strong></span> <span class='ocrx_word' id='word_1_387' title='bbox 1718 1928 1973 1982; x_wconf 77' lang='grc' dir='ltr'>συνδιατρίὸειν</span> <span class='ocrx_word' id='word_1_388' title='bbox 1991 1927 2139 1981; x_wconf 85' lang='grc' dir='ltr'>μέλασιν</span> <span class='ocrx_word' id='word_1_389' title='bbox 2159 1929 2354 1983; x_wconf 86' lang='grc' dir='ltr'>ἀνθρώποις</span> <span class='ocrx_word' id='word_1_390' title='bbox 2372 1929 2430 1969; x_wconf 80' lang='grc' dir='ltr'>διὰ</span> 
     </span>
     <span class='ocr_line' id='line_1_62' title="bbox 1456 1988 1681 2036; baseline -0.004 -9"><span class='ocrx_word' id='word_1_391' title='bbox 1456 1988 1681 2036; x_wconf 84' lang='grc' dir='ltr'>κακοήθειαν.</span> 
     </span>
    </p>

    <p class='ocr_par' dir='ltr' id='par_1_18' title="bbox 1454 2047 2430 2221">
     <span class='ocr_line' id='line_1_63' title="bbox 1510 2047 2427 2102; baseline 0.003 -16"><span class='ocrx_word' id='word_1_392' title='bbox 1510 2047 1761 2098; x_wconf 81' lang='lat' dir='ltr'><strong>(Plutarchus</strong></span> <span class='ocrx_word' id='word_1_393' title='bbox 1789 2047 1838 2086; x_wconf 89' lang='lat' dir='ltr'><strong>de</strong></span> <span class='ocrx_word' id='word_1_394' title='bbox 1857 2048 1968 2088; x_wconf 91' lang='lat' dir='ltr'><strong>educ.</strong></span> <span class='ocrx_word' id='word_1_395' title='bbox 1993 2048 2064 2089; x_wconf 91' lang='lat' dir='ltr'><strong>lib.</strong></span> <span class='ocrx_word' id='word_1_396' title='bbox 2085 2063 2119 2089; x_wconf 87' lang='lat' dir='ltr'><strong>c.</strong></span> <span class='ocrx_word' id='word_1_397' title='bbox 2154 2063 2199 2098; x_wconf 89' lang='lat'><strong>17</strong></span> <span class='ocrx_word' id='word_1_398' title='bbox 2229 2063 2269 2102; x_wconf 89' lang='lat' dir='ltr'><strong>p.</strong></span> <span class='ocrx_word' id='word_1_399' title='bbox 2293 2054 2342 2098; x_wconf 87' lang='grc'><strong>47</strong></span> <span class='ocrx_word' id='word_1_400' title='bbox 2365 2049 2427 2089; x_wconf 89' lang='lat' dir='ltr'><strong>ed.</strong></span> 
     </span>
     <span class='ocr_line' id='line_1_64' title="bbox 1456 2106 2430 2162; baseline 0.003 -18"><span class='ocrx_word' id='word_1_401' title='bbox 1456 2108 1630 2157; x_wconf 86' lang='lat' dir='ltr'><strong>Hutten.)</strong></span> <span class='ocrx_word' id='word_1_402' title='bbox 1653 2106 1891 2160; x_wconf 88' lang='grc' dir='ltr'>Μελανούρων</span> <span class='ocrx_word' id='word_1_403' title='bbox 1914 2107 2048 2160; x_wconf 72' lang='grc' dir='ltr'>ἀπέχου</span> <span class='ocrx_word' id='word_1_404' title='bbox 2063 2121 2072 2130; x_wconf 91' lang='grc'>·</span> <span class='ocrx_word' id='word_1_405' title='bbox 2092 2109 2243 2161; x_wconf 82' lang='grc' dir='ltr'>χθονίων</span> <span class='ocrx_word' id='word_1_406' title='bbox 2260 2109 2330 2162; x_wconf 76' lang='grc' dir='ltr'><strong>γάρ</strong></span> <span class='ocrx_word' id='word_1_407' title='bbox 2355 2110 2430 2148; x_wconf 75' lang='grc' dir='ltr'>ἐστι</span> 
     </span>
     <span class='ocr_line' id='line_1_65' title="bbox 1454 2166 2427 2221; baseline 0.003 -16"><span class='ocrx_word' id='word_1_408' title='bbox 1454 2169 1552 2205; x_wconf 81' lang='grc' dir='ltr'>θεῶν.</span> <span class='ocrx_word' id='word_1_409' title='bbox 1581 2166 1848 2217; x_wconf 82' lang='lat' dir='ltr'><strong>(Jamblichus</strong></span> <span class='ocrx_word' id='word_1_410' title='bbox 1881 2167 2050 2207; x_wconf 85' lang='lat' dir='ltr'><strong>Adhort.</strong></span> <span class='ocrx_word' id='word_1_411' title='bbox 2085 2169 2134 2206; x_wconf 87' lang='lat' dir='ltr'><strong>ad</strong></span> <span class='ocrx_word' id='word_1_412' title='bbox 2161 2168 2311 2208; x_wconf 88' lang='lat' dir='ltr'><strong>Philos.</strong></span> <span class='ocrx_word' id='word_1_413' title='bbox 2341 2182 2427 2221; x_wconf 84' lang='lat' dir='ltr'><strong>cap.</strong></span> 
     </span>
    </p>
   </div>
   <div class='ocr_carea' id='block_1_6' title="bbox 1455 2225 1536 2279">
    <p class='ocr_par' dir='ltr' id='par_1_19' title="bbox 1455 2225 1536 2279">
     <span class='ocr_line' id='line_1_66' title="bbox 1455 2225 1536 2279; baseline 0.025 -16"><span class='ocrx_word' id='word_1_414' title='bbox 1455 2225 1536 2279; x_wconf 84' lang='lat'><strong>21.)</strong></span> 
     </span>
    </p>
   </div>
   <div class='ocr_carea' id='block_1_7' title="bbox 282 2331 2418 2354">
    <p class='ocr_par' dir='ltr' id='par_1_20' title="bbox 282 2331 2418 2354">
     <span class='ocr_line' id='line_1_67' title="bbox 282 2331 2418 2354; baseline 0.001 -14"><span class='ocrx_word' id='word_1_415' title='bbox 282 2331 2418 2354; x_wconf 42' lang='grc' dir='ltr'><strong>-ᾕ--ᾑ--ᾙ--ῂ-</strong></span> 
     </span>
    </p>
   </div>
   <div class='ocr_carea' id='block_1_8' title="bbox 517 2479 1053 2517">
    <p class='ocr_par' dir='ltr' id='par_1_21' title="bbox 517 2479 1053 2517">
     <span class='ocr_line' id='line_1_68' title="bbox 517 2479 1053 2517; baseline 0.007 -7"><span class='ocrx_word' id='word_1_416' title='bbox 517 2479 714 2512; x_wconf 79' lang='lat' dir='ltr'><strong>SYMBOLA</strong></span> <span class='ocrx_word' id='word_1_417' title='bbox 737 2481 968 2514; x_wconf 82' lang='lat' dir='ltr'><strong>PYTHAGOR</strong></span> <span class='ocrx_word' id='word_1_418' title='bbox 976 2484 1053 2517; x_wconf 81' lang='grc' dir='ltr'>ΙΟΑ.</span> 
     </span>
    </p>
   </div>
   <div class='ocr_carea' id='block_1_9' title="bbox 250 2584 1310 3105">
    <p class='ocr_par' dir='ltr' id='par_1_22' title="bbox 250 2584 1310 3105">
     <span class='ocr_line' id='line_1_69' title="bbox 293 2584 1307 2632; baseline 0.007 -16"><span class='ocrx_word' id='word_1_419' title='bbox 293 2584 391 2625; x_wconf 77' lang='lat' dir='ltr'><strong>Atqui</strong></span> <span class='ocrx_word' id='word_1_420' title='bbox 411 2584 489 2617; x_wconf 88' lang='lat' dir='ltr'><strong>nihil</strong></span> <span class='ocrx_word' id='word_1_421' title='bbox 510 2585 554 2618; x_wconf 86' lang='lat' dir='ltr'><strong>ita</strong></span> <span class='ocrx_word' id='word_1_422' title='bbox 576 2587 741 2628; x_wconf 88' lang='lat' dir='ltr'><strong>proprium</strong></span> <span class='ocrx_word' id='word_1_423' title='bbox 759 2593 809 2620; x_wconf 81' lang='lat' dir='ltr'><strong>est</strong></span> <span class='ocrx_word' id='word_1_424' title='bbox 827 2588 1042 2631; x_wconf 72' lang='lat' dir='ltr'><strong>philosophiae</strong></span> <span class='ocrx_word' id='word_1_425' title='bbox 1067 2589 1307 2632; x_wconf 82' lang='lat' dir='ltr'><strong>Pythagoricae,</strong></span> 
     </span>
     <span class='ocr_line' id='line_1_70' title="bbox 253 2643 1309 2690; baseline 0.009 -17"><span class='ocrx_word' id='word_1_426' title='bbox 253 2644 289 2674; x_wconf 87' lang='lat' dir='ltr'><strong>ut</strong></span> <span class='ocrx_word' id='word_1_427' title='bbox 312 2643 525 2684; x_wconf 84' lang='lat' dir='ltr'><strong>symbolicum</strong></span> <span class='ocrx_word' id='word_1_428' title='bbox 542 2644 621 2677; x_wconf 85' lang='lat' dir='ltr'><strong>illud</strong></span> <span class='ocrx_word' id='word_1_429' title='bbox 638 2645 796 2680; x_wconf 81' lang='lat' dir='ltr'><strong>doctrinoe</strong></span> <span class='ocrx_word' id='word_1_430' title='bbox 814 2656 932 2689; x_wconf 83' lang='lat' dir='ltr'><strong>genus,</strong></span> <span class='ocrx_word' id='word_1_431' title='bbox 946 2648 1033 2690; x_wconf 90' lang='lat' dir='ltr'><strong>quod</strong></span> <span class='ocrx_word' id='word_1_432' title='bbox 1047 2649 1181 2682; x_wconf 81' lang='lat' dir='ltr'><strong>velutin</strong></span> <span class='ocrx_word' id='word_1_433' title='bbox 1198 2658 1309 2682; x_wconf 81' lang='lat' dir='ltr'><strong>sacro-</strong></span> 
     </span>
     <span class='ocr_line' id='line_1_71' title="bbox 256 2701 1310 2750; baseline 0.008 -17"><span class='ocrx_word' id='word_1_434' title='bbox 256 2711 328 2733; x_wconf 83' lang='lat' dir='ltr'><strong>rum</strong></span> <span class='ocrx_word' id='word_1_435' title='bbox 348 2701 529 2737; x_wconf 84' lang='lat' dir='ltr'><strong>initiatione</strong></span> <span class='ocrx_word' id='word_1_436' title='bbox 545 2712 625 2736; x_wconf 88' lang='lat' dir='ltr'><strong>voce</strong></span> <span class='ocrx_word' id='word_1_437' title='bbox 643 2707 675 2737; x_wconf 86' lang='lat' dir='ltr'><strong>et</strong></span> <span class='ocrx_word' id='word_1_438' title='bbox 691 2705 819 2739; x_wconf 84' lang='lat' dir='ltr'><strong>silentio</strong></span> <span class='ocrx_word' id='word_1_439' title='bbox 836 2707 1031 2748; x_wconf 85' lang='lat' dir='ltr'><strong>permixtum</strong></span> <span class='ocrx_word' id='word_1_440' title='bbox 1047 2709 1117 2750; x_wconf 87' lang='lat' dir='ltr'><strong>est,</strong></span> <span class='ocrx_word' id='word_1_441' title='bbox 1133 2709 1169 2741; x_wconf 87' lang='lat' dir='ltr'><strong>ut</strong></span> <span class='ocrx_word' id='word_1_442' title='bbox 1185 2718 1250 2742; x_wconf 89' lang='lat' dir='ltr'><strong>non</strong></span> <span class='ocrx_word' id='word_1_443' title='bbox 1270 2709 1310 2742; x_wconf 87' lang='lat' dir='ltr'><strong>sit</strong></span> 
     </span>
     <span class='ocr_line' id='line_1_72' title="bbox 253 2764 1310 2810; baseline 0.011 -20"><span class='ocrx_word' id='word_1_444' title='bbox 253 2769 335 2801; x_wconf 86' lang='lat' dir='ltr'><strong>opus</strong></span> <span class='ocrx_word' id='word_1_445' title='bbox 353 2769 581 2801; x_wconf 83' lang='lat' dir='ltr'><strong>praemonere:</strong></span> <span class='ocrx_word' id='word_1_446' title='bbox 610 2775 626 2791; x_wconf 86' lang='lat'>«</span> <span class='ocrx_word' id='word_1_447' title='bbox 650 2764 808 2798; x_wconf 79' lang='lat' dir='ltr'><strong>cantabo</strong></span> <span class='ocrx_word' id='word_1_448' title='bbox 823 2766 956 2807; x_wconf 68' lang='lat' dir='ltr'><strong>doctis,</strong></span> <span class='ocrx_word' id='word_1_449' title='bbox 982 2767 1180 2801; x_wconf 75' lang='lat' dir='ltr'><strong>claudatur</strong></span> <span class='ocrx_word' id='word_1_450' title='bbox 1205 2771 1310 2810; x_wconf 81' lang='lat' dir='ltr'><strong>porta</strong></span> 
     </span>
     <span class='ocr_line' id='line_1_73' title="bbox 250 2819 1309 2865; baseline 0.009 -14"><span class='ocrx_word' id='word_1_451' title='bbox 250 2819 427 2861; x_wconf 67' lang='lat' dir='ltr'><strong>profanis,</strong></span> <span class='ocrx_word' id='word_1_452' title='bbox 448 2832 464 2849; x_wconf 74' lang='grc' dir='ltr'>υ</span> <span class='ocrx_word' id='word_1_453' title='bbox 482 2820 538 2853; x_wconf 92' lang='lat' dir='ltr'><strong>sed</strong></span> <span class='ocrx_word' id='word_1_454' title='bbox 554 2822 708 2854; x_wconf 87' lang='lat' dir='ltr'><strong>utstatim</strong></span> <span class='ocrx_word' id='word_1_455' title='bbox 729 2824 895 2865; x_wconf 85' lang='lat' dir='ltr'><strong>quodlibet</strong></span> <span class='ocrx_word' id='word_1_456' title='bbox 911 2826 1035 2858; x_wconf 85' lang='lat' dir='ltr'><strong>dictum</strong></span> <span class='ocrx_word' id='word_1_457' title='bbox 1052 2828 1237 2860; x_wconf 84' lang='lat' dir='ltr'><strong>exercitatis</strong></span> <span class='ocrx_word' id='word_1_458' title='bbox 1258 2828 1309 2860; x_wconf 92' lang='lat' dir='ltr'><strong>lu-</strong></span> 
     </span>
     <span class='ocr_line' id='line_1_74' title="bbox 255 2881 1308 2927; baseline 0.009 -18"><span class='ocrx_word' id='word_1_459' title='bbox 255 2887 325 2911; x_wconf 85' lang='lat' dir='ltr'><strong>cem</strong></span> <span class='ocrx_word' id='word_1_460' title='bbox 352 2881 568 2921; x_wconf 82' lang='lat' dir='ltr'><strong>naturamque</strong></span> <span class='ocrx_word' id='word_1_461' title='bbox 595 2889 686 2914; x_wconf 85' lang='lat' dir='ltr'><strong>suam</strong></span> <span class='ocrx_word' id='word_1_462' title='bbox 711 2883 876 2924; x_wconf 85' lang='lat' dir='ltr'><strong>ostendat,</strong></span> <span class='ocrx_word' id='word_1_463' title='bbox 900 2884 1058 2927; x_wconf 85' lang='lat' dir='ltr'><strong>imperitis</strong></span> <span class='ocrx_word' id='word_1_464' title='bbox 1078 2895 1156 2919; x_wconf 87' lang='lat' dir='ltr'><strong>vero</strong></span> <span class='ocrx_word' id='word_1_465' title='bbox 1185 2895 1308 2920; x_wconf 65' lang='lat' dir='ltr'><strong>caecum</strong></span> 
     </span>
     <span class='ocr_line' id='line_1_75' title="bbox 253 2938 1310 2988; baseline 0.009 -19"><span class='ocrx_word' id='word_1_466' title='bbox 253 2938 295 2970; x_wconf 88' lang='lat' dir='ltr'><strong>sit</strong></span> <span class='ocrx_word' id='word_1_467' title='bbox 313 2939 345 2971; x_wconf 91' lang='lat' dir='ltr'><strong>et</strong></span> <span class='ocrx_word' id='word_1_468' title='bbox 356 2938 546 2971; x_wconf 86' lang='lat' dir='ltr'><strong>obscurum.</strong></span> <span class='ocrx_word' id='word_1_469' title='bbox 569 2940 852 2978; x_wconf 85' lang='lat' dir='ltr'><strong>Quemadmodum</strong></span> <span class='ocrx_word' id='word_1_470' title='bbox 879 2944 966 2976; x_wconf 88' lang='lat' dir='ltr'><strong>enim</strong></span> <span class='ocrx_word' id='word_1_471' title='bbox 995 2945 1171 2987; x_wconf 85' lang='lat' dir='ltr'><strong>Delphicus</strong></span> <span class='ocrx_word' id='word_1_472' title='bbox 1198 2945 1310 2988; x_wconf 77' lang='lat' dir='ltr'><strong>Apollo</strong></span> 
     </span>
     <span class='ocr_line' id='line_1_76' title="bbox 253 2997 1309 3046; baseline 0.01 -18"><span class='ocrx_word' id='word_1_473' title='bbox 253 3006 316 3030; x_wconf 91' lang='lat' dir='ltr'><strong>non</strong></span> <span class='ocrx_word' id='word_1_474' title='bbox 336 2997 502 3039; x_wconf 84' lang='lat' dir='ltr'><strong>perspicue</strong></span> <span class='ocrx_word' id='word_1_475' title='bbox 527 2997 627 3039; x_wconf 88' lang='lat' dir='ltr'><strong>dicit,</strong></span> <span class='ocrx_word' id='word_1_476' title='bbox 643 3008 746 3040; x_wconf 87' lang='lat' dir='ltr'><strong>neque</strong></span> <span class='ocrx_word' id='word_1_477' title='bbox 769 3000 955 3043; x_wconf 84' lang='lat' dir='ltr'><strong>abscondit,</strong></span> <span class='ocrx_word' id='word_1_478' title='bbox 972 3003 1028 3036; x_wconf 87' lang='lat' dir='ltr'><strong>sed</strong></span> <span class='ocrx_word' id='word_1_479' title='bbox 1054 3004 1233 3046; x_wconf 83' lang='lat' dir='ltr'><strong>significat,</strong></span> <span class='ocrx_word' id='word_1_480' title='bbox 1257 3013 1309 3039; x_wconf 82' lang='lat' dir='ltr'><strong>se-</strong></span> 
     </span>
     <span class='ocr_line' id='line_1_77' title="bbox 251 3055 1307 3105; baseline 0.008 -17"><span class='ocrx_word' id='word_1_481' title='bbox 251 3055 394 3089; x_wconf 84' lang='lat' dir='ltr'><strong>cundum</strong></span> <span class='ocrx_word' id='word_1_482' title='bbox 419 3057 619 3090; x_wconf 78' lang='lat' dir='ltr'><strong>Heraclitum</strong></span> <span class='ocrx_word' id='word_1_483' title='bbox 641 3067 650 3090; x_wconf 75' lang='grc' dir='ltr'><strong>ε</strong></span> <span class='ocrx_word' id='word_1_484' title='bbox 674 3058 721 3091; x_wconf 87' lang='lat' dir='ltr'><strong>sic</strong></span> <span class='ocrx_word' id='word_1_485' title='bbox 747 3068 766 3091; x_wconf 91' lang='lat' dir='ltr'><strong>e</strong></span> <span class='ocrx_word' id='word_1_486' title='bbox 794 3061 1015 3102; x_wconf 81' lang='lat' dir='ltr'><strong>Pythagoricis</strong></span> <span class='ocrx_word' id='word_1_487' title='bbox 1039 3063 1196 3105; x_wconf 78' lang='lat' dir='ltr'><strong>symbolis</strong></span> <span class='ocrx_word' id='word_1_488' title='bbox 1223 3066 1255 3098; x_wconf 83' lang='lat' dir='ltr'><strong>et</strong></span> <span class='ocrx_word' id='word_1_489' title='bbox 1275 3064 1307 3097; x_wconf 89' lang='lat' dir='ltr'><strong>id</strong></span> 
     </span>
    </p>
   </div>
   <div class='ocr_carea' id='block_1_10' title="bbox 252 3115 1309 3573">
    <p class='ocr_par' dir='ltr' id='par_1_23' title="bbox 252 3115 1308 3269">
     <span class='ocr_line' id='line_1_78' title="bbox 253 3115 1308 3166; baseline 0.009 -20"><span class='ocrx_word' id='word_1_490' title='bbox 253 3115 341 3156; x_wconf 85' lang='lat' dir='ltr'><strong>quod</strong></span> <span class='ocrx_word' id='word_1_491' title='bbox 361 3116 423 3148; x_wconf 85' lang='lat' dir='ltr'><strong>dici</strong></span> <span class='ocrx_word' id='word_1_492' title='bbox 441 3116 581 3158; x_wconf 84' lang='lat' dir='ltr'><strong>videtur,</strong></span> <span class='ocrx_word' id='word_1_493' title='bbox 595 3116 818 3159; x_wconf 82' lang='lat' dir='ltr'><strong>absconditur,</strong></span> <span class='ocrx_word' id='word_1_494' title='bbox 835 3123 866 3152; x_wconf 86' lang='lat' dir='ltr'><strong>et</strong></span> <span class='ocrx_word' id='word_1_495' title='bbox 882 3121 968 3162; x_wconf 85' lang='lat' dir='ltr'><strong>quod</strong></span> <span class='ocrx_word' id='word_1_496' title='bbox 989 3122 1144 3156; x_wconf 85' lang='lat' dir='ltr'><strong>abscondi</strong></span> <span class='ocrx_word' id='word_1_497' title='bbox 1167 3124 1308 3166; x_wconf 73' lang='lat' dir='ltr'><strong>videtur,</strong></span> 
     </span>
     <span class='ocr_line' id='line_1_79' title="bbox 252 3173 450 3214; baseline 0 -8"><span class='ocrx_word' id='word_1_498' title='bbox 252 3173 450 3214; x_wconf 83' lang='lat' dir='ltr'><strong>intelligitur.</strong></span> 
     </span>
     <span class='ocr_line' id='line_1_80' title="bbox 569 3235 985 3269; baseline 0.005 -2"><span class='ocrx_word' id='word_1_499' title='bbox 569 3238 596 3267; x_wconf 87' lang='lat'><strong>1.</strong></span> <span class='ocrx_word' id='word_1_500' title='bbox 621 3235 764 3268; x_wconf 78' lang='lat' dir='ltr'><strong>Clioeniei</strong></span> <span class='ocrx_word' id='word_1_501' title='bbox 779 3244 820 3268; x_wconf 88' lang='lat' dir='ltr'><strong>ne</strong></span> <span class='ocrx_word' id='word_1_502' title='bbox 837 3235 985 3269; x_wconf 71' lang='lat' dir='ltr'><strong>insidens·</strong></span> 
     </span>
    </p>

    <p class='ocr_par' dir='ltr' id='par_1_24' title="bbox 252 3289 1309 3573">
     <span class='ocr_line' id='line_1_81' title="bbox 296 3289 1308 3340; baseline 0.006 -15"><span class='ocrx_word' id='word_1_503' title='bbox 296 3294 365 3325; x_wconf 83' lang='lat' dir='ltr'><strong>Hoc</strong></span> <span class='ocrx_word' id='word_1_504' title='bbox 391 3294 461 3334; x_wconf 87' lang='lat' dir='ltr'><strong>est,</strong></span> <span class='ocrx_word' id='word_1_505' title='bbox 490 3293 672 3335; x_wconf 79' lang='lat' dir='ltr'><strong>fugiendam</strong></span> <span class='ocrx_word' id='word_1_506' title='bbox 695 3289 766 3327; x_wconf 84' lang='lat' dir='ltr'><strong>esse</strong></span> <span class='ocrx_word' id='word_1_507' title='bbox 793 3295 947 3328; x_wconf 78' lang='lat' dir='ltr'><strong>desidiam</strong></span> <span class='ocrx_word' id='word_1_508' title='bbox 970 3297 1004 3329; x_wconf 91' lang='lat' dir='ltr'><strong>et</strong></span> <span class='ocrx_word' id='word_1_509' title='bbox 1029 3297 1308 3340; x_wconf 87' lang='lat' dir='ltr'><strong>prospiciendum,</strong></span> 
     </span>
     <span class='ocr_line' id='line_1_82' title="bbox 253 3351 1308 3398; baseline 0.007 -15"><span class='ocrx_word' id='word_1_510' title='bbox 253 3353 290 3384; x_wconf 90' lang='lat' dir='ltr'><strong>ut</strong></span> <span class='ocrx_word' id='word_1_511' title='bbox 317 3351 439 3384; x_wconf 86' lang='lat' dir='ltr'><strong>victum</strong></span> <span class='ocrx_word' id='word_1_512' title='bbox 469 3353 684 3386; x_wconf 88' lang='lat' dir='ltr'><strong>necessarium</strong></span> <span class='ocrx_word' id='word_1_513' title='bbox 704 3363 866 3396; x_wconf 85' lang='lat' dir='ltr'><strong>paremus.</strong></span> <span class='ocrx_word' id='word_1_514' title='bbox 884 3374 919 3382; x_wconf 93' lang='lat'><em>-</em></span> <span class='ocrx_word' id='word_1_515' title='bbox 941 3354 992 3388; x_wconf 83' lang='lat' dir='ltr'><strong>vel</strong></span> <span class='ocrx_word' id='word_1_516' title='bbox 1010 3357 1085 3388; x_wconf 85' lang='lat' dir='ltr'><strong>:Ex</strong></span> <span class='ocrx_word' id='word_1_517' title='bbox 1103 3365 1200 3397; x_wconf 77' lang='lat' dir='ltr'><strong>aequo</strong></span> <span class='ocrx_word' id='word_1_518' title='bbox 1226 3366 1308 3398; x_wconf 84' lang='lat' dir='ltr'><strong>prae-</strong></span> 
     </span>
     <span class='ocr_line' id='line_1_83' title="bbox 252 3397 1309 3450; baseline 0.007 -10"><span class='ocrx_word' id='word_1_519' title='bbox 252 3409 351 3441; x_wconf 83' lang='lat' dir='ltr'><strong>sentis</strong></span> <span class='ocrx_word' id='word_1_520' title='bbox 366 3412 398 3441; x_wconf 86' lang='lat' dir='ltr'><strong>et</strong></span> <span class='ocrx_word' id='word_1_521' title='bbox 415 3409 515 3442; x_wconf 80' lang='lat' dir='ltr'><strong>futuri</strong></span> <span class='ocrx_word' id='word_1_522' title='bbox 533 3410 690 3450; x_wconf 82' lang='lat' dir='ltr'><strong>agendam</strong></span> <span class='ocrx_word' id='word_1_523' title='bbox 707 3420 776 3444; x_wconf 89' lang='lat' dir='ltr'><strong>esse</strong></span> <span class='ocrx_word' id='word_1_524' title='bbox 791 3397 915 3444; x_wconf 80' lang='lat' dir='ltr'><strong>curam.</strong></span> <span class='ocrx_word' id='word_1_525' title='bbox 931 3412 1066 3445; x_wconf 79' lang='lat' dir='ltr'><strong>Clioenix</strong></span> <span class='ocrx_word' id='word_1_526' title='bbox 1084 3413 1169 3445; x_wconf 89' lang='lat' dir='ltr'><strong>enim</strong></span> <span class='ocrx_word' id='word_1_527' title='bbox 1183 3413 1309 3448; x_wconf 73' lang='lat' dir='ltr'><strong>diurnae</strong></span> 
     </span>
     <span class='ocr_line' id='line_1_84' title="bbox 254 3470 1307 3515; baseline 0.007 -16"><span class='ocrx_word' id='word_1_528' title='bbox 254 3476 336 3500; x_wconf 83' lang='lat' dir='ltr'><strong>escae</strong></span> <span class='ocrx_word' id='word_1_529' title='bbox 356 3477 508 3501; x_wconf 86' lang='lat' dir='ltr'><strong>mensura</strong></span> <span class='ocrx_word' id='word_1_530' title='bbox 526 3470 586 3502; x_wconf 89' lang='lat' dir='ltr'><strong>est.</strong></span> <span class='ocrx_word' id='word_1_531' title='bbox 602 3487 643 3494; x_wconf 92' lang='lat'>—</span> <span class='ocrx_word' id='word_1_532' title='bbox 659 3470 710 3503; x_wconf 81' lang='lat' dir='ltr'><strong>vel</strong></span> <span class='ocrx_word' id='word_1_533' title='bbox 732 3483 740 3503; x_wconf 92' lang='lat'><strong>:</strong></span> <span class='ocrx_word' id='word_1_534' title='bbox 759 3473 829 3504; x_wconf 88' lang='lat' dir='ltr'><strong>Non</strong></span> <span class='ocrx_word' id='word_1_535' title='bbox 850 3471 993 3504; x_wconf 76' lang='lat' dir='ltr'><strong>curanda</strong></span> <span class='ocrx_word' id='word_1_536' title='bbox 1009 3480 1077 3505; x_wconf 78' lang='lat' dir='ltr'><strong>esse</strong></span> <span class='ocrx_word' id='word_1_537' title='bbox 1093 3481 1168 3515; x_wconf 78' lang='lat' dir='ltr'><strong>quae</strong></span> <span class='ocrx_word' id='word_1_538' title='bbox 1184 3475 1260 3506; x_wconf 89' lang='lat' dir='ltr'><strong>sunt</strong></span> <span class='ocrx_word' id='word_1_539' title='bbox 1275 3473 1307 3506; x_wconf 89' lang='lat' dir='ltr'><strong>in</strong></span> 
     </span>
     <span class='ocr_line' id='line_1_85' title="bbox 254 3526 1308 3573; baseline 0.007 -15"><span class='ocrx_word' id='word_1_540' title='bbox 254 3526 360 3568; x_wconf 84' lang='lat' dir='ltr'><strong>diem,</strong></span> <span class='ocrx_word' id='word_1_541' title='bbox 377 3528 431 3560; x_wconf 83' lang='lat' dir='ltr'><strong>sed</strong></span> <span class='ocrx_word' id='word_1_542' title='bbox 455 3537 581 3570; x_wconf 81' lang='lat' dir='ltr'><strong>semper</strong></span> <span class='ocrx_word' id='word_1_543' title='bbox 601 3529 782 3570; x_wconf 85' lang='lat' dir='ltr'><strong>proximum</strong></span> <span class='ocrx_word' id='word_1_544' title='bbox 801 3530 888 3563; x_wconf 90' lang='lat' dir='ltr'><strong>diem</strong></span> <span class='ocrx_word' id='word_1_545' title='bbox 907 3531 1157 3573; x_wconf 81' lang='lat' dir='ltr'><strong>exspectandum</strong></span> <span class='ocrx_word' id='word_1_546' title='bbox 1175 3540 1254 3565; x_wconf 87' lang='lat' dir='ltr'><strong>esse.</strong></span> <span class='ocrx_word' id='word_1_547' title='bbox 1269 3554 1308 3560; x_wconf 88' lang='lat'><em>-</em></span> 
     </span>
    </p>
   </div>
   <div class='ocr_carea' id='block_1_11' title="bbox 1368 2408 2429 3222">
    <p class='ocr_par' dir='ltr' id='par_1_25' title="bbox 1369 2408 2429 2572">
     <span class='ocr_line' id='line_1_86' title="bbox 1369 2408 2429 2451; baseline 0.003 -11"><span class='ocrx_word' id='word_1_548' title='bbox 1369 2408 1420 2441; x_wconf 84' lang='lat' dir='ltr'><strong>vel</strong></span> <span class='ocrx_word' id='word_1_549' title='bbox 1439 2421 1447 2441; x_wconf 72' lang='grc' dir='ltr'>ι</span> <span class='ocrx_word' id='word_1_550' title='bbox 1467 2410 1568 2441; x_wconf 86' lang='lat' dir='ltr'><strong>Docet</strong></span> <span class='ocrx_word' id='word_1_551' title='bbox 1588 2417 1647 2441; x_wconf 89' lang='lat' dir='ltr'><strong>nos</strong></span> <span class='ocrx_word' id='word_1_552' title='bbox 1665 2417 1792 2450; x_wconf 82' lang='lat' dir='ltr'><strong>semper</strong></span> <span class='ocrx_word' id='word_1_553' title='bbox 1807 2418 1849 2442; x_wconf 86' lang='lat' dir='ltr'><strong>ex</strong></span> <span class='ocrx_word' id='word_1_554' title='bbox 1868 2409 2083 2451; x_wconf 64' lang='lat' dir='ltr'><strong>praesentibus</strong></span> <span class='ocrx_word' id='word_1_555' title='bbox 2099 2410 2219 2451; x_wconf 82' lang='lat' dir='ltr'><strong>aliquid</strong></span> <span class='ocrx_word' id='word_1_556' title='bbox 2235 2410 2266 2443; x_wconf 91' lang='lat' dir='ltr'><strong>in</strong></span> <span class='ocrx_word' id='word_1_557' title='bbox 2285 2411 2429 2444; x_wconf 79' lang='lat' dir='ltr'><strong>futurum</strong></span> 
     </span>
     <span class='ocr_line' id='line_1_87' title="bbox 1376 2468 2158 2510; baseline 0.003 -10"><span class='ocrx_word' id='word_1_558' title='bbox 1376 2468 1559 2510; x_wconf 83' lang='lat' dir='ltr'><strong>relinquere</strong></span> <span class='ocrx_word' id='word_1_559' title='bbox 1575 2469 1607 2501; x_wconf 88' lang='lat' dir='ltr'><strong>et</strong></span> <span class='ocrx_word' id='word_1_560' title='bbox 1624 2468 1755 2501; x_wconf 87' lang='lat' dir='ltr'><strong>crastini</strong></span> <span class='ocrx_word' id='word_1_561' title='bbox 1772 2468 1835 2501; x_wconf 90' lang='lat' dir='ltr'><strong>diei</strong></span> <span class='ocrx_word' id='word_1_562' title='bbox 1851 2468 1947 2502; x_wconf 88' lang='lat' dir='ltr'><strong>hodie</strong></span> <span class='ocrx_word' id='word_1_563' title='bbox 1962 2469 2158 2502; x_wconf 80' lang='lat' dir='ltr'><strong>meminisse.</strong></span> 
     </span>
     <span class='ocr_line' id='line_1_88' title="bbox 1620 2530 2169 2572; baseline 0.002 -9"><span class='ocrx_word' id='word_1_564' title='bbox 1620 2534 1651 2562; x_wconf 87' lang='lat'><strong>2.</strong></span> <span class='ocrx_word' id='word_1_565' title='bbox 1676 2531 1834 2563; x_wconf 82' lang='lat' dir='ltr'><strong>stateram</strong></span> <span class='ocrx_word' id='word_1_566' title='bbox 1853 2539 1894 2563; x_wconf 92' lang='lat' dir='ltr'><strong>ne</strong></span> <span class='ocrx_word' id='word_1_567' title='bbox 1912 2530 2169 2572; x_wconf 79' lang='lat' dir='ltr'><strong>transgrediaris.</strong></span> 
     </span>
    </p>

    <p class='ocr_par' dir='ltr' id='par_1_26' title="bbox 1369 2589 2429 2748">
     <span class='ocr_line' id='line_1_89' title="bbox 1417 2589 2428 2632; baseline 0.003 -11"><span class='ocrx_word' id='word_1_568' title='bbox 1417 2589 1481 2621; x_wconf 86' lang='lat' dir='ltr'><strong>Pro</strong></span> <span class='ocrx_word' id='word_1_569' title='bbox 1508 2597 1568 2629; x_wconf 86' lang='lat' dir='ltr'><strong>eo,</strong></span> <span class='ocrx_word' id='word_1_570' title='bbox 1590 2589 1676 2630; x_wconf 87' lang='lat' dir='ltr'><strong>quod</strong></span> <span class='ocrx_word' id='word_1_571' title='bbox 1706 2591 1755 2622; x_wconf 87' lang='lat' dir='ltr'><strong>est</strong></span> <span class='ocrx_word' id='word_1_572' title='bbox 1779 2599 1788 2621; x_wconf 81' lang='lat' dir='ltr'><strong><em>z</em></strong></span> <span class='ocrx_word' id='word_1_573' title='bbox 1811 2592 1948 2622; x_wconf 90' lang='lat' dir='ltr'><strong>Omnem</strong></span> <span class='ocrx_word' id='word_1_574' title='bbox 1970 2590 2136 2623; x_wconf 86' lang='lat' dir='ltr'><strong>avaritiam</strong></span> <span class='ocrx_word' id='word_1_575' title='bbox 2161 2590 2262 2632; x_wconf 81' lang='lat' dir='ltr'><strong>fugias</strong></span> <span class='ocrx_word' id='word_1_576' title='bbox 2281 2599 2320 2623; x_wconf 89' lang='lat' dir='ltr'><strong>ac</strong></span> <span class='ocrx_word' id='word_1_577' title='bbox 2338 2591 2428 2625; x_wconf 81' lang='lat' dir='ltr'><strong>dete·</strong></span> 
     </span>
     <span class='ocr_line' id='line_1_90' title="bbox 1369 2648 2429 2693; baseline 0.004 -14"><span class='ocrx_word' id='word_1_578' title='bbox 1369 2648 1482 2689; x_wconf 83' lang='lat' dir='ltr'><strong>steris;</strong></span> <span class='ocrx_word' id='word_1_579' title='bbox 1500 2656 1626 2689; x_wconf 77' lang='lat' dir='ltr'><strong>quaeras</strong></span> <span class='ocrx_word' id='word_1_580' title='bbox 1643 2650 1751 2680; x_wconf 88' lang='lat' dir='ltr'><strong>autem</strong></span> <span class='ocrx_word' id='word_1_581' title='bbox 1773 2648 1860 2689; x_wconf 91' lang='lat' dir='ltr'><strong>quod</strong></span> <span class='ocrx_word' id='word_1_582' title='bbox 1879 2657 2010 2690; x_wconf 87' lang='lat' dir='ltr'><strong>aequum</strong></span> <span class='ocrx_word' id='word_1_583' title='bbox 2031 2651 2098 2688; x_wconf 84' lang='lat' dir='ltr'><strong>est,</strong></span> <span class='ocrx_word' id='word_1_584' title='bbox 2123 2649 2429 2693; x_wconf 79' lang='lat' dir='ltr'><strong>maximamqueju·</strong></span> 
     </span>
     <span class='ocr_line' id='line_1_91' title="bbox 1369 2707 2255 2748; baseline 0.003 -9"><span class='ocrx_word' id='word_1_585' title='bbox 1369 2707 1464 2740; x_wconf 78' lang='lat' dir='ltr'><strong>stitioe</strong></span> <span class='ocrx_word' id='word_1_586' title='bbox 1484 2708 1641 2740; x_wconf 83' lang='lat' dir='ltr'><strong>rationem</strong></span> <span class='ocrx_word' id='word_1_587' title='bbox 1654 2707 1789 2748; x_wconf 81' lang='lat' dir='ltr'><strong>habeas,</strong></span> <span class='ocrx_word' id='word_1_588' title='bbox 1813 2707 1893 2740; x_wconf 78' lang='lat' dir='ltr'><strong>fines</strong></span> <span class='ocrx_word' id='word_1_589' title='bbox 1915 2708 1984 2748; x_wconf 79' lang='lat' dir='ltr'><strong>ejus</strong></span> <span class='ocrx_word' id='word_1_590' title='bbox 2002 2717 2067 2741; x_wconf 91' lang='lat' dir='ltr'><strong>non</strong></span> <span class='ocrx_word' id='word_1_591' title='bbox 2083 2708 2255 2742; x_wconf 84' lang='lat' dir='ltr'><strong>excedens.</strong></span> 
     </span>
    </p>

    <p class='ocr_par' dir='ltr' id='par_1_27' title="bbox 1621 2766 2166 2808">
     <span class='ocr_line' id='line_1_92' title="bbox 1621 2766 2166 2808; baseline 0.002 -9"><span class='ocrx_word' id='word_1_592' title='bbox 1621 2769 1651 2799; x_wconf 88' lang='lat'><strong>3.</strong></span> <span class='ocrx_word' id='word_1_593' title='bbox 1673 2768 1721 2800; x_wconf 76' lang='lat' dir='ltr'><strong>Ne</strong></span> <span class='ocrx_word' id='word_1_594' title='bbox 1736 2767 1849 2799; x_wconf 84' lang='lat' dir='ltr'><strong>multis</strong></span> <span class='ocrx_word' id='word_1_595' title='bbox 1865 2766 2013 2799; x_wconf 86' lang='lat' dir='ltr'><strong>dextram</strong></span> <span class='ocrx_word' id='word_1_596' title='bbox 2031 2767 2166 2808; x_wconf 82' lang='lat' dir='ltr'><strong>injicias.</strong></span> 
     </span>
    </p>

    <p class='ocr_par' dir='ltr' id='par_1_28' title="bbox 1371 2825 2429 2927">
     <span class='ocr_line' id='line_1_93' title="bbox 1414 2825 2429 2869; baseline 0.002 -10"><span class='ocrx_word' id='word_1_597' title='bbox 1414 2825 1449 2859; x_wconf 88' lang='lat' dir='ltr'><strong>ld</strong></span> <span class='ocrx_word' id='word_1_598' title='bbox 1472 2827 1535 2866; x_wconf 85' lang='lat' dir='ltr'><strong>est,</strong></span> <span class='ocrx_word' id='word_1_599' title='bbox 1561 2826 1608 2858; x_wconf 86' lang='lat' dir='ltr'><strong>Ne</strong></span> <span class='ocrx_word' id='word_1_600' title='bbox 1635 2826 1755 2859; x_wconf 81' lang='lat' dir='ltr'><strong>multos</strong></span> <span class='ocrx_word' id='word_1_601' title='bbox 1778 2826 1874 2859; x_wconf 81' lang='lat' dir='ltr'><strong>facias</strong></span> <span class='ocrx_word' id='word_1_602' title='bbox 1892 2827 2030 2868; x_wconf 85' lang='lat' dir='ltr'><strong>amicos,</strong></span> <span class='ocrx_word' id='word_1_603' title='bbox 2050 2835 2134 2860; x_wconf 83' lang='lat' dir='ltr'><strong>neve</strong></span> <span class='ocrx_word' id='word_1_604' title='bbox 2155 2826 2372 2869; x_wconf 74' lang='lat' dir='ltr'><strong>promiscuam</strong></span> <span class='ocrx_word' id='word_1_605' title='bbox 2397 2829 2429 2861; x_wconf 82' lang='lat' dir='ltr'><strong>et</strong></span> 
     </span>
     <span class='ocr_line' id='line_1_94' title="bbox 1371 2884 1964 2927; baseline 0.003 -9"><span class='ocrx_word' id='word_1_606' title='bbox 1371 2886 1534 2926; x_wconf 82' lang='lat' dir='ltr'><strong>vulgarem</strong></span> <span class='ocrx_word' id='word_1_607' title='bbox 1552 2884 1726 2918; x_wconf 83' lang='lat' dir='ltr'><strong>amicitiam</strong></span> <span class='ocrx_word' id='word_1_608' title='bbox 1742 2885 1964 2927; x_wconf 74' lang='lat' dir='ltr'><strong>amplectaris.</strong></span> 
     </span>
    </p>

    <p class='ocr_par' dir='ltr' id='par_1_29' title="bbox 1753 2945 2055 2978">
     <span class='ocr_line' id='line_1_95' title="bbox 1753 2945 2055 2978; baseline 0 -1"><span class='ocrx_word' id='word_1_609' title='bbox 1753 2947 1787 2977; x_wconf 86' lang='grc'><strong>4.</strong></span> <span class='ocrx_word' id='word_1_610' title='bbox 1815 2945 1879 2977; x_wconf 91' lang='lat' dir='ltr'><strong>Cor</strong></span> <span class='ocrx_word' id='word_1_611' title='bbox 1898 2954 1938 2977; x_wconf 91' lang='lat' dir='ltr'><strong>ne</strong></span> <span class='ocrx_word' id='word_1_612' title='bbox 1958 2945 2055 2978; x_wconf 86' lang='lat' dir='ltr'><strong>edito.</strong></span> 
     </span>
    </p>

    <p class='ocr_par' dir='ltr' id='par_1_30' title="bbox 1368 3002 2427 3097">
     <span class='ocr_line' id='line_1_96' title="bbox 1415 3002 2427 3046; baseline -0.001 -9"><span class='ocrx_word' id='word_1_613' title='bbox 1415 3004 1453 3037; x_wconf 87' lang='lat' dir='ltr'><strong>Id</strong></span> <span class='ocrx_word' id='word_1_614' title='bbox 1473 3006 1534 3046; x_wconf 87' lang='lat' dir='ltr'><strong>est,</strong></span> <span class='ocrx_word' id='word_1_615' title='bbox 1551 3007 1598 3039; x_wconf 85' lang='lat' dir='ltr'><strong>Ne.</strong></span> <span class='ocrx_word' id='word_1_616' title='bbox 1625 3005 1792 3037; x_wconf 83' lang='lat' dir='ltr'><strong>excrucies</strong></span> <span class='ocrx_word' id='word_1_617' title='bbox 1809 3005 1953 3036; x_wconf 88' lang='lat' dir='ltr'><strong>animum</strong></span> <span class='ocrx_word' id='word_1_618' title='bbox 1979 3012 2116 3036; x_wconf 88' lang='lat' dir='ltr'><strong>moerore</strong></span> <span class='ocrx_word' id='word_1_619' title='bbox 2135 3005 2167 3036; x_wconf 91' lang='lat' dir='ltr'><strong>et</strong></span> <span class='ocrx_word' id='word_1_620' title='bbox 2183 3002 2312 3036; x_wconf 84' lang='lat' dir='ltr'><strong>tristitia</strong></span> <span class='ocrx_word' id='word_1_621' title='bbox 2324 3026 2334 3043; x_wconf 91' lang='lat'>,</span> <span class='ocrx_word' id='word_1_622' title='bbox 2349 3003 2398 3036; x_wconf 86' lang='lat' dir='ltr'><strong>vel</strong></span> <span class='ocrx_word' id='word_1_623' title='bbox 2415 3012 2427 3036; x_wconf 73' lang='grc' dir='ltr'><strong>ε</strong></span> 
     </span>
     <span class='ocr_line' id='line_1_97' title="bbox 1368 3064 1887 3097; baseline -0.006 0"><span class='ocrx_word' id='word_1_624' title='bbox 1368 3064 1575 3097; x_wconf 83' lang='lat' dir='ltr'><strong>Vacuitatem</strong></span> <span class='ocrx_word' id='word_1_625' title='bbox 1591 3064 1711 3097; x_wconf 87' lang='lat' dir='ltr'><strong>doloris</strong></span> <span class='ocrx_word' id='word_1_626' title='bbox 1726 3072 1887 3095; x_wconf 85' lang='lat' dir='ltr'><strong>exerceas.</strong></span> 
     </span>
    </p>

    <p class='ocr_par' dir='ltr' id='par_1_31' title="bbox 1413 3121 2426 3222">
     <span class='ocr_line' id='line_1_98' title="bbox 1713 3121 2076 3156; baseline -0.006 0"><span class='ocrx_word' id='word_1_627' title='bbox 1713 3127 1744 3156; x_wconf 86' lang='lat'><strong>5.</strong></span> <span class='ocrx_word' id='word_1_628' title='bbox 1767 3123 1795 3154; x_wconf 84' lang='grc' dir='ltr'>Α</span> <span class='ocrx_word' id='word_1_629' title='bbox 1810 3121 1891 3154; x_wconf 80' lang='lat' dir='ltr'><strong>sabis</strong></span> <span class='ocrx_word' id='word_1_630' title='bbox 1906 3121 2076 3154; x_wconf 84' lang='lat' dir='ltr'><strong>abstineto.</strong></span> 
     </span>
     <span class='ocr_line' id='line_1_99' title="bbox 1413 3178 2426 3222; baseline -0.003 -8"><span class='ocrx_word' id='word_1_631' title='bbox 1413 3183 1482 3214; x_wconf 84' lang='lat' dir='ltr'><strong>Hoc</strong></span> <span class='ocrx_word' id='word_1_632' title='bbox 1497 3184 1565 3222; x_wconf 88' lang='lat' dir='ltr'><strong>est,</strong></span> <span class='ocrx_word' id='word_1_633' title='bbox 1583 3181 1650 3214; x_wconf 85' lang='lat' dir='ltr'><strong>vita</strong></span> <span class='ocrx_word' id='word_1_634' title='bbox 1666 3179 1911 3222; x_wconf 82' lang='lat' dir='ltr'><strong>rempublicam.</strong></span> <span class='ocrx_word' id='word_1_635' title='bbox 1930 3181 2012 3212; x_wconf 88' lang='lat' dir='ltr'><strong>Nam</strong></span> <span class='ocrx_word' id='word_1_636' title='bbox 2034 3178 2180 3211; x_wconf 81' lang='lat' dir='ltr'><strong>fabarum</strong></span> <span class='ocrx_word' id='word_1_637' title='bbox 2196 3187 2258 3221; x_wconf 88' lang='lat' dir='ltr'><strong>ope</strong></span> <span class='ocrx_word' id='word_1_638' title='bbox 2273 3178 2426 3220; x_wconf 76' lang='lat' dir='ltr'><strong>suffragia</strong></span> 
     </span>
    </p>
   </div>
   <div class='ocr_carea' id='block_1_12' title="bbox 1329 3236 2426 3280">
    <p class='ocr_par' dir='ltr' id='par_1_32' title="bbox 1329 3236 2426 3280">
     <span class='ocr_line' id='line_1_100' title="bbox 1329 3236 2426 3280; baseline 0.001 -11"><span class='ocrx_word' id='word_1_639' title='bbox 1329 3266 1335 3269; x_wconf 74' lang='lat'><strong>.</strong></span> <span class='ocrx_word' id='word_1_640' title='bbox 1371 3238 1448 3271; x_wconf 88' lang='lat' dir='ltr'><strong>olim</strong></span> <span class='ocrx_word' id='word_1_641' title='bbox 1469 3239 1633 3280; x_wconf 77' lang='lat' dir='ltr'><strong>terebant,</strong></span> <span class='ocrx_word' id='word_1_642' title='bbox 1653 3247 1709 3280; x_wconf 88' lang='lat' dir='ltr'><strong>per</strong></span> <span class='ocrx_word' id='word_1_643' title='bbox 1727 3246 1802 3279; x_wconf 81' lang='lat' dir='ltr'><strong>quae</strong></span> <span class='ocrx_word' id='word_1_644' title='bbox 1819 3246 1928 3270; x_wconf 88' lang='lat' dir='ltr'><strong>rerum</strong></span> <span class='ocrx_word' id='word_1_645' title='bbox 1946 3237 2086 3269; x_wconf 87' lang='lat' dir='ltr'><strong>civitatis</strong></span> <span class='ocrx_word' id='word_1_646' title='bbox 2110 3236 2426 3270; x_wconf 80' lang='lat' dir='ltr'><strong>administratoribus</strong></span> 
     </span>
    </p>
   </div>
   <div class='ocr_carea' id='block_1_13' title="bbox 1370 3297 2301 3398">
    <p class='ocr_par' dir='ltr' id='par_1_33' title="bbox 1370 3297 2301 3398">
     <span class='ocr_line' id='line_1_101' title="bbox 1370 3297 1822 3340; baseline -0.004 -9"><span class='ocrx_word' id='word_1_647' title='bbox 1370 3299 1595 3340; x_wconf 76' lang='lat' dir='ltr'><strong>magistratum</strong></span> <span class='ocrx_word' id='word_1_648' title='bbox 1611 3297 1822 3338; x_wconf 82' lang='lat' dir='ltr'><strong>abrogabant.</strong></span> 
     </span>
     <span class='ocr_line' id='line_1_102' title="bbox 1497 3354 2301 3398; baseline -0.005 -7"><span class='ocrx_word' id='word_1_649' title='bbox 1497 3362 1529 3391; x_wconf 84' lang='grc'><strong>6.</strong></span> <span class='ocrx_word' id='word_1_650' title='bbox 1552 3356 1624 3390; x_wconf 82' lang='lat' dir='ltr'><strong>Noli</strong></span> <span class='ocrx_word' id='word_1_651' title='bbox 1637 3357 1765 3398; x_wconf 86' lang='lat' dir='ltr'><strong>gustare</strong></span> <span class='ocrx_word' id='word_1_652' title='bbox 1777 3355 1880 3397; x_wconf 84' lang='lat' dir='ltr'><strong>pisces</strong></span> <span class='ocrx_word' id='word_1_653' title='bbox 1895 3356 1982 3396; x_wconf 85' lang='lat' dir='ltr'><strong>nigra</strong></span> <span class='ocrx_word' id='word_1_654' title='bbox 1998 3354 2102 3387; x_wconf 82' lang='lat' dir='ltr'><strong>cauda</strong></span> <span class='ocrx_word' id='word_1_655' title='bbox 2117 3355 2301 3388; x_wconf 82' lang='lat' dir='ltr'><strong>instructos.</strong></span> 
     </span>
    </p>
   </div>
   <div class='ocr_carea' id='block_1_14' title="bbox 1369 3413 2423 3517">
    <p class='ocr_par' dir='ltr' id='par_1_34' title="bbox 1369 3413 2423 3517">
     <span class='ocr_line' id='line_1_103' title="bbox 1411 3413 2422 3456; baseline -0.005 -6"><span class='ocrx_word' id='word_1_656' title='bbox 1411 3418 1484 3450; x_wconf 88' lang='lat' dir='ltr'><strong>Hoc</strong></span> <span class='ocrx_word' id='word_1_657' title='bbox 1499 3417 1568 3456; x_wconf 90' lang='lat' dir='ltr'><strong>est,</strong></span> <span class='ocrx_word' id='word_1_658' title='bbox 1585 3416 1632 3449; x_wconf 86' lang='lat' dir='ltr'><strong>Ne</strong></span> <span class='ocrx_word' id='word_1_659' title='bbox 1647 3413 1850 3448; x_wconf 82' lang='lat' dir='ltr'><strong>converseris</strong></span> <span class='ocrx_word' id='word_1_660' title='bbox 1874 3421 1950 3445; x_wconf 88' lang='lat' dir='ltr'><strong>cum</strong></span> <span class='ocrx_word' id='word_1_661' title='bbox 1973 3413 2157 3446; x_wconf 82' lang='lat' dir='ltr'><strong>bominibus</strong></span> <span class='ocrx_word' id='word_1_662' title='bbox 2172 3413 2270 3455; x_wconf 86' lang='lat' dir='ltr'><strong>nigris</strong></span> <span class='ocrx_word' id='word_1_663' title='bbox 2290 3413 2333 3445; x_wconf 92' lang='lat' dir='ltr'><strong>ob</strong></span> <span class='ocrx_word' id='word_1_664' title='bbox 2351 3421 2422 3446; x_wconf 88' lang='lat' dir='ltr'><strong>mo-</strong></span> 
     </span>
     <span class='ocr_line' id='line_1_104' title="bbox 1369 3471 2423 3517; baseline -0.004 -8"><span class='ocrx_word' id='word_1_665' title='bbox 1369 3485 1442 3508; x_wconf 86' lang='lat' dir='ltr'><strong>rum</strong></span> <span class='ocrx_word' id='word_1_666' title='bbox 1461 3473 1758 3517; x_wconf 70' lang='lat' dir='ltr'><strong>pravitatem-vel</strong></span> <span class='ocrx_word' id='word_1_667' title='bbox 1778 3485 1787 3506; x_wconf 75' lang='grc' dir='ltr'><strong>ε</strong></span> <span class='ocrx_word' id='word_1_668' title='bbox 1809 3471 1858 3505; x_wconf 77' lang='lat' dir='ltr'><strong>Ab</strong></span> <span class='ocrx_word' id='word_1_669' title='bbox 1878 3481 1916 3504; x_wconf 90' lang='lat' dir='ltr'><strong>eo</strong></span> <span class='ocrx_word' id='word_1_670' title='bbox 1933 3472 2019 3513; x_wconf 90' lang='lat' dir='ltr'><strong>quod</strong></span> <span class='ocrx_word' id='word_1_671' title='bbox 2033 3472 2156 3512; x_wconf 86' lang='lat' dir='ltr'><strong>nigram</strong></span> <span class='ocrx_word' id='word_1_672' title='bbox 2170 3472 2306 3504; x_wconf 81' lang='lat' dir='ltr'><strong>caudam</strong></span> <span class='ocrx_word' id='word_1_673' title='bbox 2326 3471 2423 3505; x_wconf 60' lang='lat' dir='ltr'><strong>habet</strong></span> 
     </span>
    </p>
   </div>
   <div class='ocr_carea' id='block_1_15' title="bbox 1371 3533 2069 3568">
    <p class='ocr_par' dir='ltr' id='par_1_35' title="bbox 1371 3533 2069 3568">
     <span class='ocr_line' id='line_1_105' title="bbox 1371 3533 2069 3568; baseline 0 -2"><span class='ocrx_word' id='word_1_674' title='bbox 1371 3533 1531 3568; x_wconf 83' lang='lat' dir='ltr'><strong>abstineto</strong></span> <span class='ocrx_word' id='word_1_675' title='bbox 1550 3548 1558 3568; x_wconf 70' lang='grc' dir='ltr'>ι</span> <span class='ocrx_word' id='word_1_676' title='bbox 1575 3543 1651 3568; x_wconf 88' lang='lat' dir='ltr'><strong>nam</strong></span> <span class='ocrx_word' id='word_1_677' title='bbox 1665 3534 1840 3567; x_wconf 77' lang='lat' dir='ltr'><strong>interorum</strong></span> <span class='ocrx_word' id='word_1_678' title='bbox 1859 3533 1993 3567; x_wconf 86' lang='lat' dir='ltr'><strong>deorum</strong></span> <span class='ocrx_word' id='word_1_679' title='bbox 2011 3535 2069 3567; x_wconf 69' lang='lat' dir='ltr'><strong>est.</strong></span> 
     </span>
    </p>
   </div>
   <div class='ocr_carea' id='block_1_16' title="bbox 2570 0 2612 3814">
    <p class='ocr_par' dir='ltr' id='par_1_36' title="bbox 2570 0 2612 3814">
     <span class='ocr_line' id='line_1_106' title="bbox 2570 0 2612 3814; baseline 0 0"><span class='ocrx_word' id='word_1_680' title='bbox 2570 0 2612 3814; x_wconf 95' lang='lat' dir='ltr'><strong> </strong></span> 
     </span>
    </p>
   </div>
  </div>
 </body>
</html>
