2612 3814
939 311 1361 352 DISPUTATIONES
1393 311 1502 350 MOR
1512 310 1655 349 ALES.

209 401 246 441 δὲ
271 402 386 455 κάρτα
409 400 516 448 εὐήθη
543 398 673 451 νομίζω
702 397 801 439 τόνδε
834 399 892 438 τὸν
921 399 1038 451 λόγον.
1099 398 1268 439 Γινώσκω

208 462 274 515 γὰρ
294 461 361 505 τὼς
378 460 597 504 διδασκάλως
610 458 807 512 γράμματα
826 459 1069 508 διδάσκοντας,
1084 457 1106 496 ἃ
1121 457 1268 502 ἕκαστος

208 522 322 563 αὐτῶν
335 519 351 544 b
363 518 592 569 ἐπιστάμενος
603 518 784 570 τυγχάνει,
796 517 855 557 καὶ
865 516 1067 570 κιθαριστὰς
1080 517 1267 570 κιθαρίζεν.

211 579 303 632 Πρὸς
314 578 351 618 δὲ
361 577 424 617 τὰν
435 577 598 630 δευτέραν
612 577 853 625 ἀπόδειξιν,ὡς
868 578 933 630 ἄρα
946 579 1010 617 οὐκ
1022 576 1091 615 ἐντὶ
1105 575 1270 615 διδάσκα-

205 640 260 677 λοι
275 636 558 690 ἀποδεδεγμένοι,
571 635 605 676 τί
620 636 690 687 μὰν
706 636 758 676 τοὶ
779 636 942 689 σοφισταὶ
958 636 1174 683 διδάσκοντι,
1191 636 1269 674 ἀλλ’

206 696 229 745 ἢ
250 696 375 750 σοφίαν
395 696 455 734 καὶ
477 695 620 749 ἀρετάν;
638 695 661 743 ἢ
678 695 714 734 τί
735 694 771 734 δὲ
791 694 1048 745 Ἀναξαγόρειοι
1064 693 1125 734 καὶ
1143 696 1270 734 Πυθα-

208 756 339 809 γόρειοι
360 750 450 804 ἦσαν
466 762 500 804 ⁰;
522 755 561 794 τὸ
586 755 622 795 δὲ
649 755 779 810 τρίτον,
802 755 935 800 ἐδίδαξε
958 754 1192 798 Πολύκλειτος
1211 752 1269 792 τὸν

205 816 278 855 υἱὸν
299 816 507 870 ἀνδριάντας
527 815 640 854 ποιέν.
702 815 774 854 Καὶ
795 815 830 853 αἷ
853 814 916 865 μέν
934 830 987 858 τις
1005 813 1054 864 μὴ
1071 812 1190 865 διδάξῃ
1205 843 1214 860 ,
1232 814 1269 851 οὔ

205 870 357 929 σαμῇον·
379 877 415 914 αἶ
447 875 476 914 δ’
499 875 569 913 ε’ντὶ
590 874 606 898 ‘¹
637 873 793 922 διδάξαι,
824 873 1013 927 τεκμάριον
1043 873 1096 911 ὅτι
1126 871 1269 911 δυνατόν

205 938 274 974 ἐντι
305 933 455 980 διίδάξαι.
514 934 691 987 Τέταρτον
723 933 783 981 δέ,
808 935 843 972 αἶ
865 933 915 983 μή
935 948 989 971 τοι
1021 931 1119 984 παρὰ
1152 934 1268 985 σοφῶν

205 996 380 1048 σοφιστῶν
398 993 499 1048 σοφοὶ
519 992 686 1043 γίνονται.
750 993 821 1032 Καὶ
843 993 911 1044 γὰρ
931 991 1130 1044 γράμματα
1146 990 1271 1029 πολλοὶ

205 1055 267 1093 οὔκ
289 1052 420 1104 ἔμαθον
454 1052 636 1102 μαθόντες.
694 1052 802 1092 Ἐστι
829 1051 866 1090 δέ
892 1067 943 1097 τις
965 1052 1026 1091 καὶ
1054 1049 1166 1104 φύσις.
1224 1053 1271 1090 Αἰ

206 1112 243 1152 δέ
260 1129 312 1158 τις
335 1113 384 1165 μὴ
406 1112 513 1164 ἔμαθε
535 1117 549 1135 '³
573 1111 671 1165 παρὰ
692 1113 882 1165 σοφιστῶν,
906 1111 1024 1155 ἱκανὸς
1055 1109 1190 1161 ἐγένετο
1211 1110 1271 1147 εὐ-

205 1173 319 1225 φυής,
352 1171 413 1212 καὶ
449 1171 632 1224 γενόμενος
665 1171 793 1226 ῥᾳδίως
826 1169 1046 1224 συναρπάξαι
1083 1169 1127 1208 τὰ
1156 1170 1271 1208 πολλὰ

207 1231 310 1284 ὀλίγα
329 1230 463 1283 μαθών,
480 1233 564 1284 παρ’
583 1225 700 1283 ὧνπερ
716 1231 776 1270 καὶ
796 1230 840 1268 τὰ
854 1230 1013 1281 ὀνόματα
1033 1229 1270 1280 μανθάνομεν,

204 1291 265 1330 καὶ
294 1291 428 1331 τούτων
456 1307 491 1330 τι
511 1291 588 1339 ἤτοι
612 1290 734 1339 πλέον,
757 1289 836 1338 ἤτοι
861 1288 1023 1328 ἔλασσον·
1042 1293 1059 1329 6
1080 1288 1142 1339 μὲν
1174 1288 1272 1342 παρὰ

204 1350 356 1403 πατρός,
379 1352 396 1389 6
417 1350 452 1389 δὲ
474 1349 572 1402 παρὰ
593 1351 740 1402 ματρός.
774 1350 820 1388 At
840 1347 877 1387 δέ
896 1364 947 1402 τῳ
972 1346 1021 1399 μὴ
1038 1348 1161 1387 πιστόν
1178 1349 1276 1392 ἐντιῑ

206 1408 251 1448 τὰ
282 1409 440 1460 ὀνόματα
474 1409 662 1459 μανθάνειν
694 1409 796 1459 ἅμα,
819 1410 898 1447 ἀλλ’
924 1407 1168 1458 ἐπισταμένως
1195 1406 1271 1458 ἅμα

204 1468 386 1522 γίνεσθαι,
417 1468 539 1522 γνώτω
562 1470 602 1507 ἐκ
630 1469 754 1508 τῶνδε.
787 1466 836 1508 Αἴ
875 1483 926 1511 τις
955 1466 1053 1510 εὐθὺς
1086 1466 1271 1518 γενόμενον

205 1528 344 1568 παιδίον
363 1530 395 1572 ἐς
415 1526 558 1579 Πέρσας
576 1527 809 1581 ἀποπέμψαι,
831 1526 892 1566 καὶ
912 1526 1010 1573 τηνεὶ
1030 1527 1156 1579 τράφοι
1169 1556 1180 1574 ,
1201 1541 1272 1564 κω·

205 1587 268 1640 φὸν
289 1586 459 1631 Ἑλλάδος
479 1592 616 1640 φωνᾶς,
639 1586 798 1639 περσίζοι
818 1602 863 1625 κα
875 1601 886 1629 ,·
910 1585 970 1624 καὶ
992 1584 1030 1624 αἴ
1050 1601 1102 1629 τις
1130 1583 1272 1632 τηνόθεν

204 1647 290 1699 τῇδε
324 1645 480 1697 κομίζοι,
514 1643 698 1692 ἑλλανίζοι4
717 1662 775 1685 κα.
833 1644 939 1685 Οὕτω
974 1645 1195 1696 μανθάνομες
1228 1644 1272 1683 τὰ

207 1708 390 1757 ὀνύματα,
412 1706 472 1744 καὶ
493 1704 562 1750 τὼς
584 1705 806 1749 διδασκάλως
830 1705 905 1743 οὐκὶ
927 1704 1098 1756 ἀκούομες
1118 1710 1147 1744 ¹³.
1199 1703 1271 1743 Ἤ-

205 1765 354 1817 λεγκταί
383 1781 442 1816 μοι
463 1767 480 1803 ὁ
498 1764 618 1816 λόγος,
643 1764 704 1804 καὶ
735 1763 828 1818 ἔχεις
855 1763 969 1817 ἀρχὴν
1000 1760 1060 1803 καῖ
1088 1763 1185 1808 τέλος
1213 1763 1273 1802 καὶ

209 1824 314 1876 μέσον
333 1823 365 1848 ¹¹·
385 1824 446 1863 καὶ
469 1826 506 1863 οὐ
527 1824 640 1876 λέγω,
659 1827 704 1868 ὡς
725 1824 887 1868 διδακτός
907 1826 1017 1871 ἐστιν,
1040 1823 1118 1863 ἀλλ’
1137 1823 1190 1862 ὅτι
1209 1825 1272 1863 οὐκ

205 1883 410 1937 ἀποχρῶντί
432 1899 491 1933 μοι
511 1888 614 1932 τ’ῆναι
635 1885 670 1922 αἱ
697 1883 905 1928 ἀποδείξεις.
964 1883 1113 1935 Λέγοντι
1131 1882 1169 1922 δέ
1184 1898 1273 1926 τινες

205 1945 275 1981 τῶν
302 1942 614 1996 δημαγορούντων,
646 1946 692 1987 ὡς
726 1942 798 1997 χρὴ
827 1942 890 1987 τὰς
922 1942 1033 1996 ἀρχὰς
1056 1941 1126 1981 ἀπὸ
1152 1941 1272 1994 κλάρω

206 2002 384 2055 γίνεσθαι,
408 2004 447 2041 οὔ
470 2003 639 2055 βέλτιστοι
662 2006 774 2042 ταῦτα
804 2002 1015 2053 νομίζοντες.
1078 2001 1174 2041 Καὶἰ
1204 2001 1272 2054 γάρ

206 2077 258 2107 τις
287 2062 390 2101 αὐτὸν
421 2061 463 2100 ἂν
483 2064 500 2088 k
523 2061 666 2116 ἐρωτῴη
688 2061 745 2100 τὸν
772 2065 884 2100 ταῦτα
908 2062 1077 2112 λέγοντα,
1101 2060 1136 2099 τί
1156 2060 1198 2108 δὴ
1230 2059 1272 2099 σὺ

207 2127 278 2165 τοῖς
307 2121 458 2165 οἰκέταις
489 2122 551 2159 οὐκ
582 2121 652 2159 ἀπὸ
686 2121 808 2173 κλάρω
837 2119 880 2159 τὰ
909 2120 995 2173 ἔργα
1025 2119 1270 2173 προστάσσῃς,

207 2180 302 2222 ὅπως
323 2182 340 2218 6
359 2179 421 2232 μὲν
445 2180 683 2232 ζευγηλάτας,
704 2180 774 2219 αἴκ’
791 2181 954 2233 ὀψοποιὸς
976 2180 1089 2245 λάχῃ,
1109 2181 1270 2233 ὂψοποιῇ,

209 2297 303 2334 puto.
350 2294 432 2328 Novi
458 2295 544 2326 enim
574 2298 789 2336 praeceptores
817 2294 939 2326 litteras
974 2293 1156 2333 tradentes,
1195 2302 1276 2334 quas

210 2353 349 2395 quisque
365 2362 478 2386 eorurn
494 2355 594 2392 tenet,
610 2357 643 2384 et
655 2353 838 2385 citharistas
852 2353 974 2385 cithara
984 2341 1100 2386 canere
1113 2353 1275 2384 docentes.

213 2412 308 2450 Quod
329 2415 440 2445 autem
462 2412 500 2444 ad
522 2412 702 2445 secundum
721 2414 948 2453 argumentum
965 2412 1099 2451 attinet,
1116 2421 1182 2453 quo
1197 2421 1277 2453 proe·

211 2473 358 2513 ceptores
372 2481 435 2504 non
451 2471 588 2503 cotiduci
600 2471 774 2512 affirmant,
786 2471 864 2513 quid
877 2471 1008 2504 tandem
1023 2471 1110 2504 aliud
1124 2471 1276 2512 sophistae

211 2531 350 2571 docent,
367 2539 466 2572 quam
489 2530 644 2563 virtutem
662 2532 695 2563 et
710 2531 924 2572 sapientiam?
944 2533 999 2563 aut
1022 2531 1132 2572 quales
1148 2532 1275 2562 Anaxa-

211 2592 297 2633 gorei
314 2595 346 2625 et
359 2591 550 2633 Pythagorei
573 2592 681 2625 fuere?
703 2594 867 2630 Quantum
885 2591 925 2624 ad
947 2591 1078 2624 tertium
1104 2600 1276 2632 argumen-

213 2653 283 2683 tum
296 2675 304 2690 ‚
325 2651 510 2693 Polycletus
529 2651 628 2683 tilium
646 2660 742 2683 suum
760 2652 885 2684 statuas
901 2651 1004 2684 tacere
1021 2651 1141 2683 docuit.
1187 2653 1233 2683 Ac
1251 2651 1276 2683 si

213 2713 286 2753 quis
304 2712 421 2745 docere
446 2712 535 2745 nolet
548 2736 557 2752 ,
575 2712 637 2744 hoc
657 2712 735 2745 nihil
766 2712 872 2753 arguit
892 2724 900 2744 :
923 2711 977 2743 sed
1005 2711 1031 2743 si
1045 2711 1120 2744 licet
1138 2711 1276 2750 docere,

213 2773 339 2804 constat
370 2781 465 2814 posse
494 2772 569 2804 talia
594 2771 715 2804 doceri.
761 2774 923 2810 Quartum
947 2771 1048 2811 illud,
1067 2770 1242 2811 si·quidam
1259 2779 1278 2802 a

213 2831 318 2864 doctis
336 2831 489 2872 sophistis
504 2831 659 2872 sapientia
676 2840 740 2863 non
759 2830 963 2872 imbuuntur,
981 2839 1046 2862 non
1071 2831 1120 2862 est
1137 2829 1254 2862 mirum
1268 2853 1277 2869 ,

213 2891 288 2931 quia
302 2889 395 2922 multi
407 2890 521 2923 litteris
531 2890 654 2931 operati
670 2889 748 2922 nihil
762 2889 957 2923 didicerunt.
981 2889 1161 2921 Plurimum
1176 2888 1274 2920 etiam

214 2949 378 2990 ingenium
410 2949 505 2982 valet.
554 2950 585 2981 Si
621 2949 694 2990 quis
726 2948 811 2981 enim
831 2957 849 2981 a
881 2948 1030 2990 sophistis
1055 2956 1120 2980 non
1146 2947 1277 2987 didicit,

216 3007 310 3041 bonae
327 3007 443 3041 indolis
458 3017 519 3050 ope
532 3007 666 3040 idoneus
679 3008 781 3040 evasit
801 3008 961 3049 natusque
975 3007 1013 3039 ad
1031 3007 1168 3048 plurima
1183 3015 1279 3047 prope

217 3067 286 3115 sine
319 3066 503 3100 litterarum
535 3067 653 3100 studiis
683 3067 775 3100 facile
802 3066 1002 3108 arripienda,
1034 3065 1278 3107 suggerentibus

217 3126 295 3158 satis
311 3126 456 3159 materiae
474 3126 512 3159 iis
533 3135 551 3159 a
569 3126 688 3168 quibus
705 3127 802 3159 etiam
824 3135 931 3159 rerum
953 3125 1083 3157 nomina
1100 3124 1255 3156 discimus
1268 3148 1277 3164 ,

216 3184 268 3216 vel
286 3184 360 3226 plus
377 3184 427 3217 vel
448 3185 575 3226 minus,
595 3185 713 3227 partim
732 3186 840 3227 patre,
859 3184 1075 3229 partim—vero
1095 3185 1208 3216 matre.
1239 3185 1279 3215 At

219 3244 245 3275 si
265 3243 337 3284 quis
356 3252 419 3276 non
440 3243 550 3276 credat
575 3244 706 3277 nomina
726 3244 867 3284 addisci,
884 3243 938 3276 sed
957 3252 1031 3275 cum
1049 3242 1180 3275 scientia
1203 3251 1280 3282 qua-

219 3303 294 3335 dam
311 3302 408 3335 simul
426 3302 566 3344 exoriri,
585 3313 626 3336 ex
647 3303 735 3337 hisce
754 3304 936 3345 cognoscat.
982 3302 1014 3335 Si
1034 3302 1107 3343 quis
1127 3301 1281 3334 infantem

222 3363 332 3394 statim
350 3364 521 3403 postquam
537 3364 630 3395 natus
646 3366 694 3396 est
712 3363 744 3395 in
761 3363 919 3395 Persidem
940 3362 1065 3400 mittat,
1082 3360 1190 3402 ibique
1210 3359 1283 3392 edu-

220 3421 273 3453 cet
291 3429 407 3462 graecae
425 3421 541 3462 linguae
557 3420 704 3462 ignarum
717 3445 727 3463 ,
739 3422 868 3455 Persice
884 3422 1033 3462 loquetur
1050 3432 1057 3453 :
1075 3420 1100 3453 si
1120 3428 1197 3452 vero
1210 3418 1284 3451 inde

223 3487 334 3511 rursus
348 3478 414 3512 huc
427 3481 640 3521 transportet,
659 3489 765 3522 graeco
788 3489 937 3513 sermone
954 3480 1075 3512 utetur.
1119 3479 1168 3510 Ita
1184 3477 1282 3510 verba

225 3537 402 3577 discimus,
429 3539 646 3580 praeceptores
671 3548 735 3572 non
761 3540 989 3573 auscultantes.
1044 3537 1075 3571 Si
1102 3546 1282 3571 sermonem

2314 319 2391 352 551

1333 399 1349 436 6
1371 398 1406 437 δὲ
1427 397 1593 450 ὀψοποιὸς
1613 399 1810 448 ζευγηλατῗ,
1823 427 1832 443 ,
1850 396 1910 434 καὶ
1930 397 2044 435 τᾶλλα
2077 399 2259 438 καττωυτό
2276 398 2306 447 ¹3
2333 401 2395 438 καὶ

1332 460 1405 501 πῶς
1425 459 1463 496 οὐ
1482 456 1542 495 καὶ
1556 455 1623 501 τὼς
1636 455 1807 509 χαλκέας,
1823 455 1882 494 καὶ
1901 455 1967 499 τὼς
1982 457 2127 502 σκυτέας
2142 459 2398 511 συναγαγόντες

1332 516 1392 555 καὶ
1426 515 1590 560 τέκτονας
1649 515 1710 555 καὶ
1753 515 1961 569 χρυσοχόως
2009 517 2301 571 διακλαρώσομεν
2337 520 2398 560 καὶ

1333 575 1580 628 ἀναγκάσομεν
1592 580 1633 624 ω,
1656 575 1696 614 ἃν
1719 575 1760 614 ἄν
1780 576 1820 628 χ’
1840 575 1986 620 ἕκαστος
2005 576 2123 629 λάχῃ,
2147 577 2274 630 τέχναν
2293 578 2399 630 ἐργά-

1333 636 1453 680 ζεσθαι
1466 664 1476 684 ,
1500 633 1591 672 ἀλλὰ
1628 632 1677 684 μὴ
1711 633 1751 672 ἃν
1779 633 1985 682 ἐπίσταται;
2019 636 2164 674 Τωυτὸν
2201 635 2236 674 δὲ
2269 637 2328 675 καὶ
2363 639 2396 675 ἐν

1335 695 1448 746 ἀγῶσι
1476 699 1539 738 τᾶς
1560 701 1719 744 μωσικᾶς
1740 695 1983 747 διακλαρῶσαι
2007 694 2073 739 τὼς
2094 695 2314 746 ἀγωνιστάς,
2338 697 2399 735 καὶ

1335 753 1373 801 ὅ,
1406 769 1440 792 τι
1474 755 1512 806 χ’
1533 753 1682 799 ἕκαστος
1718 754 1779 793 καὶ
1812 754 1931 807 λάχῃ,
1957 755 2208 805 ἀγωνίζεσθαι·
2245 756 2401 803 αὐλητὰς

1335 812 1545 866 κιθαριζέτω
1564 813 1671 866 τυχόν
1686 818 1719 863 “,
1743 813 1803 852 καὶ
1825 813 2016 867 κιθαρῳδὸς
2037 813 2197 861 αὐλήσει·
2213 815 2272 853 καὶ
2295 817 2329 854 ἐν
2350 819 2401 868 τῷ

1339 873 1487 927 πολέμῳ
1511 875 1529 912 6
1549 872 1690 918 τοξότας
1716 873 1777 912 καὶ
1811 876 1829 912 6
1854 883 1872 901 ⁰
1903 873 2050 918 ὁπλίτας
2069 875 2301 924 ἱππασεῒται,
2325 878 2343 914 6
2365 876 2401 914 δὲ

1334 930 1460 976 ἱππεὺς
1491 931 1672 980 τοξεύσει,
1696 931 1786 971 ὥστε
1813 932 1942 976 πάντες
1963 932 1985 971 ἃ
2006 934 2070 972 οὔκ
2091 933 2300 973 ἐπίστανται
2321 937 2401 974 οὐδὲ

1336 990 1523 1041 δύνανται,
1541 990 1619 1030 οὐδὲ
1639 990 1842 1043 πραξοῧντι.
1868 991 2013 1043 Λέγοντι
2029 992 2064 1031 δὲ
2082 993 2211 1044 ἀγαθὸν
2231 988 2322 1044 ἦμεν
2340 995 2402 1032 καὶ

1337 1049 1528 1100 δαμοτικὸν
1568 1049 1701 1101 κάρτα·
1740 1049 1809 1101 ἐγὼ
1845 1049 1977 1098 ἥκιστα
2015 1052 2145 1102 νομίζω
2183 1053 2375 1104 δαμοτικόν
2391 1069 2401 1078 ·

1337 1108 1408 1147 ἕντι
1428 1109 1496 1161 γὰρ
1517 1111 1552 1148 ἐν
1575 1111 1651 1152 ταῖς
1670 1108 1794 1147 πόλεσι
1813 1109 2005 1161 μισόδαμοι
2026 1111 2203 1164 ἄνθρωποι
2220 1143 2229 1160 ,
2248 1107 2295 1152 ὧν
2316 1112 2400 1151 αἴκα

1336 1166 1426 1220 τύχῃ
1448 1169 1466 1205 6
1485 1167 1618 1218 κύαμος
1631 1199 1641 1217 ,
1660 1168 1847 1207 ἀπολοῦντι
1863 1168 1922 1207 τὸν
1944 1170 2067 1218 δᾶμον.
2125 1170 2231 1209 Ἀλλὰ
2251 1171 2321 1224 χρὴ
2341 1171 2402 1210 τὸν

1337 1229 1452 1278 δᾶμον
1472 1226 1576 1265 αὐτὸν
1597 1228 1734 1279 ὁρῶντα
1755 1229 1930 1280 αἱρεῖσθαι
1949 1229 2084 1274 πάντας
2099 1229 2165 1274 τὼς
2182 1231 2288 1276 εὔνως
2303 1232 2403 1284 αὐτῷ

1336 1285 1396 1325 καὶ
1415 1285 1483 1331 τὼς
1501 1285 1707 1334 ἐπιτηδείως
1721 1286 1930 1339 στραταγέν,
1943 1287 2076 1341 ἇτέρως
2093 1288 2128 1328 δὲ
2143 1290 2402 1343 νομοφυλακέν,

1336 1345 1397 1384 καὶ
1415 1345 1544 1385 τᾶλλα.

1391 1405 1529 1459 Ἀνδρὸς
1549 1403 1642 1444 κατὰ
1662 1404 1723 1449 τὰς
1744 1405 1853 1450 αὐτὰς
1871 1405 1997 1459 τέχνας
2019 1408 2149 1459 νομίζω
2167 1408 2259 1447 κατὰ
2283 1409 2401 1461 βραχύ

1336 1481 1374 1504 τε
1394 1465 1564 1504 δύνασθαι
1584 1464 1644 1503 καὶ
1674 1465 1732 1505 διὰ
1754 1468 1900 1518 μακρῶν
1924 1467 2146 1519 διαλέγεσθαι
2170 1473 2186 1498 Ρ
2218 1468 2279 1507 καὶ
2313 1468 2403 1507 ἀλά-

1337 1529 1431 1565 θειαν
1466 1528 1536 1564 τῶν
1567 1524 1788 1576 πραγμάτων
1832 1524 2065 1574 ἐπίστασθαι,
2096 1527 2155 1565 καὶ
2189 1528 2402 1567 δικάσασθαι

1336 1588 1445 1638 ὀρθῶς
1459 1616 1469 1633 ,
1488 1585 1549 1633 καὶ
1571 1584 1768 1637 δαμαγορὲν
1790 1579 1861 1624 οἷόν
1882 1587 1913 1623 τ’
1930 1580 2036 1636 ἦμεν,
2061 1588 2120 1625 καὶ
2139 1588 2252 1639 λόγων
2272 1586 2405 1639 τέχνας

1339 1645 1573 1691 ἐπίστασθαι,
1594 1643 1654 1682 καὶ
1675 1643 1755 1696 περὶ
1775 1644 1895 1698 φύσιος
1915 1649 1982 1683 τῶν
2005 1646 2183 1694 ἁπάντων,
2204 1648 2250 1690 ὥς
2264 1663 2300 1684 τε
2326 1646 2405 1699 ἔχει

1339 1705 1399 1744 καὶ
1430 1707 1476 1748 ὡς
1508 1705 1658 1755 ἐγίνετο,
1695 1704 1870 1745 διδάσκεν.
1933 1706 2005 1745 Καὶ
2027 1709 2167 1758 πρῶτον
2200 1706 2262 1756 μὲν
2282 1708 2299 1744 6
2319 1706 2404 1760 περὶ

1337 1762 1456 1817 φύσιος
1488 1765 1557 1801 τῶν
1589 1763 1754 1802 ἁπάντων
1783 1763 1907 1812 εἰδώς,
1929 1766 2003 1808 πῶς
2024 1766 2062 1803 οὗ
2095 1766 2298 1803 δυνασεῖται
2320 1766 2401 1816 περὶ

1336 1822 1478 1861 πάντων
1505 1824 1614 1874 ὀρθῶς
1634 1822 1692 1861 καὶ
1713 1822 1891 1874 πράσσεν;
1911 1822 1963 1861 ἔτι
1995 1822 2037 1871 δὴ
2063 1826 2081 1862 6
2099 1823 2163 1868 τὰς
2183 1822 2310 1876 τέχνας
2329 1827 2404 1863 τῶν·

1336 1881 1448 1932 λόγων
1472 1881 1570 1926 εἰδὼς
1591 1883 1837 1921 ἐπιστασεῖται
1860 1881 1920 1921 καὶ
1941 1882 2021 1935 περὶ
2042 1883 2182 1922 πάντων
2205 1885 2314 1936 ὀρθῶς
2336 1884 2399 1923 λέ-

1336 1957 1407 1992 γεν,
1431 1941 1492 1980 καὶ
1523 1945 1540 1969 ‘³
1572 1941 1652 1994 περὶ
1684 1935 1732 1980 ὧν
1765 1941 1976 1990 ἐπίσταται,
2010 1941 2091 1995 περὶ
2123 1942 2254 1982 τούτων
2283 1942 2404 1995 λέγεν.

1338 2004 1400 2041 Δεῖ
1414 2001 1482 2054 γὰρ
1500 1999 1559 2038 τὸν
1579 2001 1753 2051 μέλλοντα
1775 2002 1884 2054 ὀρθῶς
1902 2001 2016 2054 λέγεν,
2034 2002 2113 2055 περὶ
2133 1996 2181 2041 ὧν
2197 2004 2403 2051 ἐπίσταται,

1337 2060 1419 2112 περὶ
1438 2059 1569 2099 τούτων
1589 2059 1702 2112 λέγεν.
1723 2060 1873 2100 Πάντων
1888 2061 1957 2114 γὰρ
1978 2062 2238 2101 ε’πιστασεῖται·
2255 2062 2402 2101 πάντων

1337 2118 1400 2167 μὲν
1420 2118 1488 2172 γὰρ
1507 2123 1579 2159 τῶν
1597 2119 1711 2171 λόγων
1726 2118 1787 2166 τὰς
1807 2119 1932 2172 τέχνας
1950 2119 2158 2172 ἐπίσταται,
2177 2120 2229 2159 τοὶ
2251 2121 2285 2160 δὲ
2301 2120 2406 2173 λόγοι

1337 2180 1466 2222 πάντες
1486 2178 1567 2231 περὶ
1585 2179 1727 2217 πάντων
1747 2182 1816 2218 τῶν
1838 2178 1963 2233 ἐόντων
1985 2179 2057 2218 ἐντί
2071 2183 2101 2220 Γ.
2125 2182 2188 2219 Δεῖ
2204 2179 2239 2218 δὲ
2258 2179 2404 2219 ἐπίστα·

1339 2293 1440 2324 istum
1473 2292 1512 2324 de
1538 2301 1602 2333 quo
1633 2293 1738 2333 agitur
1765 2292 1930 2333 redargui,
1962 2293 2173 2333 principium,
2196 2293 2338 2325 medium
2362 2304 2405 2326 ae

1339 2352 1434 2384 tinem
1451 2351 1550 2384 habes
1567 2361 1574 2383 :
1591 2360 1651 2384 nec
1666 2352 1791 2383 affirmo
1803 2376 1812 2392 ,
1827 2352 1981 2384 virtutem
1999 2352 2106 2384 doceri
2122 2362 2232 2394 posse,
2248 2353 2304 2385 sed
2321 2354 2398 2386 mihi

1336 2413 1398 2445 ista
1426 2415 1614 2453 argumenta
1642 2421 1706 2444 non
1737 2413 1920 2446 satisfacere
1946 2413 2111 2446 confiteor.
2170 2414 2212 2446 At
2249 2415 2395 2447 oratores

1337 2471 1468 2513 quidam
1499 2472 1717 2512 contendunt,
1750 2473 1958 2513 magistratus
1983 2476 2069 2505 sorte
2102 2473 2285 2505 hominibus
2317 2474 2401 2506 assi·

1338 2531 1484 2572 gnandos
1502 2541 1569 2564 esse
1579 2556 1586 2570 ,
1600 2541 1663 2563 nou
1683 2535 1767 2564 recte
1781 2532 1966 2565 sentientes.
2012 2532 2139 2565 Etenim
2152 2533 2226 2565 talia
2240 2532 2403 2566 dicentem

1338 2591 1581 2632 interrogaverit
1602 2591 1718 2632 aliquis
1737 2601 1744 2623 :
1763 2600 1821 2623 cur
1835 2601 1897 2623 non
1911 2594 1943 2624 et
1957 2592 1992 2623 tu
2008 2592 2110 2624 servis
2123 2601 2220 2632 opera
2237 2595 2324 2625 sorte
2339 2592 2401 2625 dis-

1338 2650 1472 2690 tribuis,
1493 2650 1539 2683 ita
1568 2652 1605 2682 ut
1637 2650 1747 2690 auriga
1779 2650 1871 2691 coqui
1903 2650 2049 2683 officium
2079 2651 2232 2690 sortitus,
2264 2650 2405 2696 obsonia»

1338 2712 1446 2751 paret,
1473 2720 1597 2752 coquus
1628 2714 1735 2743 autem
1764 2720 1895 2743 currum
1937 2712 2048 2752 regat,
2075 2714 2255 2753 caeteraque
2288 2712 2406 2745 eodem

1338 2770 1451 2802 modo.
1497 2771 1537 2803 Et
1557 2779 1616 2802 cur
1635 2780 1699 2802 non
1728 2770 1851 2810 fabros,
1875 2773 2018 2811 sutores,
2035 2772 2230 2811 structores,
2254 2772 2405 2804 aurifices

1338 2831 1553 2861 convocantes
1571 2832 1657 2861 sorte
1674 2829 1712 2862 iis
1727 2838 1823 2870 opera
1839 2829 2021 2862 dividamus
2038 2839 2255 2871 cogamusque
2282 2839 2400 2871 quem-

1337 2887 1417 2920 libet
1449 2889 1551 2920 artem
1583 2897 1682 2929 quam
1711 2888 1846 2921 sortitus
1866 2892 1914 2921 est
1931 2898 2080 2922 exercere
2093 2913 2101 2928 ,
2116 2898 2179 2921 uon
2201 2888 2286 2921 illam
2302 2898 2404 2929 quam

1339 2947 1454 2980 novit?
1474 2947 1663 2988 Eodemque
1689 2947 1885 2992 redeat-res,
1910 2948 1936 2980 si
1953 2948 1986 2980 in
2012 2948 2143 2980 musicis
2173 2947 2403 2980 certaminibus

1338 3008 1425 3039 sorte
1439 3006 1648 3047 designentur
1664 3007 1838 3048 certaturi,
1853 3009 1886 3039 et
1901 3007 1941 3040 de
1954 3016 1992 3040 eo
2008 3007 2092 3048 quod
2108 3006 2242 3038 sortitus
2258 3008 2305 3038 est
2322 3015 2400 3038 con·

1338 3065 1449 3099 tendat
1477 3066 1644 3108 quisque:
1673 3066 1719 3098 sic
1752 3066 1886 3099 tortasse
1910 3066 2030 3098 tibicen
2049 3065 2204 3098 citharam
2235 3064 2376 3105 pulsabit
2389 3068 2407 3103 ,“

1339 3125 1537 3157 citharoedus
1556 3125 1635 3157 tibia
1664 3125 1757 3158 canet
1781 3138 1789 3158 ι
1811 3125 1994 3167 pariterque
2014 3124 2045 3156 in
2067 3123 2149 3155 bello
2170 3123 2353 3163 sagittarius
2370 3127 2402 3155 et

1340 3184 1446 3224 gravis
1467 3187 1641 3217 armaturae
1654 3185 1745 3217 miles
1762 3183 1936 3226 equitabit,
1952 3191 2049 3223 eques
2070 3190 2147 3214 vero
2160 3182 2342 3223 sagittabit,
2357 3183 2404 3215 ita

1342 3244 1378 3275 ut
1398 3251 1510 3275 omnes
1538 3252 1593 3284 ea,
1617 3252 1692 3284 quat·
1715 3251 1775 3275 nec
1802 3243 1907 3275 sciunt
1929 3250 2035 3282 neque
2070 3241 2268 3281 intelligunt,
2298 3240 2407 3271 tacere·

1342 3310 1406 3334 non
1427 3302 1562 3344 possint.
1607 3305 1648 3335 At
1667 3311 1733 3335 rem
1754 3301 1928 3334 admodum
1946 3300 2063 3332 bonam
2078 3303 2110 3333 et
2126 3299 2312 3341 popularem
2328 3306 2404 3330 esse

1342 3360 1490 3393 dictitant
1507 3373 1516 3394 z
1534 3369 1592 3402 ego
1612 3361 1743 3393 minime
1760 3360 1944 3402 popularem
1962 3359 2123 3391 existimo.
2171 3359 2253 3390 Sunt
2267 3357 2353 3389 enim
2368 3356 2403 3388 in

1343 3418 1529 3451 civitatibus
1545 3419 1675 3460 quidam
1694 3418 1811 3460 populo
1830 3416 1960 3458 intensi,
1978 3425 2060 3458 quos
2081 3415 2107 3447 si
2127 3424 2196 3447 sors
2218 3414 2402 3455 contigerit,

1346 3478 1500 3519 populum
1523 3477 1668 3519 perdent.
1714 3476 1775 3510 Sed
1794 3477 1923 3518 oportet
1949 3475 2102 3517 populum
2120 3474 2225 3516 ipsum
2245 3473 2305 3505 sibi
2323 3481 2397 3514 pro-

1347 3537 1535 3579 spicientem
1559 3537 1697 3577 deligere
1720 3544 1831 3569 omnes
1861 3535 1920 3577 ipsi
1946 3533 2119 3568 benevolos
2144 3535 2176 3566 et
2200 3533 2330 3565 idoneos
2357 3532 2401 3565 ud
