2612 3814
994 256 1028 294 H
1037 256 1098 295 ER
1105 255 1169 296 AC
1176 255 1281 295 LlTI
1307 252 1633 295 FRAGMENTA
1642 284 1650 293 .
2325 277 2400 313 327

305 351 365 390 sui
401 348 624 398 cognitione
659 345 806 384 dictum
839 345 1065 395 significare
1094 359 1103 383 :
1127 359 1282 396 operam

304 412 394 447 dedi
411 418 451 446 ut
471 422 530 446 me
547 412 665 457 ipsum
685 419 887 443 noscerem.
912 405 977 443 Sic
999 414 1036 444 et
1055 404 1196 444 Suidas
1217 405 1278 456 (v.

303 464 697 518 Ποστοῦμος);οὗκουν
720 463 862 508 ἀπεικὸς
890 458 999 512 ἦν...
1031 464 1134 516 λόγον
1163 463 1277 515 λέγειν

302 528 442 574 ἐκεῖνον,
467 525 573 577 ὅνπερ
607 518 666 563 οῧν
697 522 933 576 Ἡράκλειτος
954 517 1032 562 εἷπε
1061 523 1143 576 περὶ
1172 526 1280 563 αὑτοῦ

303 584 507 638 Ἐμεωυτὸν
529 584 763 632 ἐδιζησάμην.
790 583 887 622 Inde
909 593 994 622 orta
1013 583 1171 622 videtui·
1187 596 1282 637 sen-

303 646 422 686 tentia
445 658 534 696 quae
555 644 629 683 sub
649 643 838 682 Heracliti
854 643 1014 681 nomine
1036 643 1159 681 fertur
1173 643 1277 695 apud

302 705 496 744 Stobaeum
519 704 655 743 Floril.
673 703 719 750 V,
747 717 761 741 1
774 717 819 753 19
839 717 848 740 :
870 701 1083 756 ἀνθρώποισι
1101 708 1189 741 πᾶσι
1218 701 1280 752 μέ-

300 780 396 804 τεστι
423 762 604 816 γινώσκειν
633 761 783 806 ἑωυτοὺς
803 761 864 800 καὶ
894 761 1117 815 σωφρονέειν.
1151 762 1277 800 Aliter

303 823 427 864 verba
444 824 518 862 ista
549 824 696 875 accepit
718 822 914 872 Diogenes
933 821 1002 869 lx,
1028 821 1050 859 5
1074 820 1276 860 scribens:

298 883 428 933 ἤκουσε
450 883 485 922 δὲ
506 881 662 930 οὖδενός,
678 880 755 920 ἀλλ’
773 880 877 919 αὑτὸν
898 879 964 933 ἔφη
986 879 1194 928 διζήσασθαι
1218 881 1278 920 καὶ

300 944 423 996 μαθεῖν
441 943 557 983 πάντα
581 942 665 995 παρ’
684 943 827 980 ἑαυτοῦ·
844 949 882 979 et
902 939 1001 979 ibid.
1023 953 1034 979 ε
1055 939 1116 979 καὶ
1139 938 1214 983 νέος
1229 938 1277 978 ὢν

301 1002 432 1056 ἔφασκε
460 1001 568 1053 μηδὲν
598 1000 748 1048 εἰδέναι,
787 999 918 1044 τέλειος
946 998 1065 1051 μέντοι
1095 998 1278 1050 γενόμενος

300 1061 419 1101 πάντα
459 1058 659 1112 ἐγνωκέναι.
696 1059 887 1098 Similiter
927 1058 1105 1097 Stobaeus
1135 1059 1272 1099 Floril.

298 1121 404 1169 XXI,
430 1135 448 1168 7
471 1133 519 1158 ex
551 1119 838 1170 Aristonymo:
872 1116 1105 1171 Ἡράκλειτος
1131 1116 1249 1162 νέ)ς“λ
1228 1134 1276 1156 ων

302 1181 443 1220 πάντων
463 1179 583 1232 γέγονε
603 1177 818 1231 σοφώτερος,
838 1175 891 1215 ὅτι
911 1175 988 1229 ᾔδει
1018 1175 1142 1215 ἑαυτὸν
1164 1177 1254 1227 μηδὲ
1258 1193 1275 1215 ν

299 1239 426 1277 εἰδότα.
437 1239 451 1291 )

217 1314 263 1340 85·
292 1298 422 1350 Ἑτέρα
441 1297 509 1350 γὰρ
522 1295 632 1336 ἵππου
645 1295 753 1343 ἡδονὴ
771 1311 832 1334 και
851 1293 954 1340 κυνὸς
973 1310 1033 1333 και
1059 1295 1245 1349 ἇνθρωπου
1263 1326 1272 1343 ,

299 1358 458 1410 καθάπερ
485 1355 714 1409 Ἡράκλειτός
734 1370 838 1409 φησιν
867 1353 944 1393 ὄνον
965 1353 1116 1408 σύρματ’
1137 1355 1179 1395 ἂν
1199 1355 1276 1394 ἑλέ·

297 1419 380 1456 σθαι
402 1417 536 1468 μᾶλλον
560 1413 583 1463 ἢ
608 1414 753 1469 χρυσόν·
770 1414 869 1463 ἥδιον
890 1413 959 1467 γὰρ
993 1418 1127 1469 χρυσοῦ
1160 1415 1270 1470 τροφὴ

297 1476 401 1520 ὄνοις.

359 1534 610 1584 (Aristoteles
644 1533 771 1572 Ethic.
807 1532 962 1572 Nicom.
982 1532 1056 1574 lib.
1087 1532 1122 1571 X
1142 1547 1228 1586 cap.
1254 1533 1275 1571 5

297 1610 335 1648 p.
370 1596 470 1644 1176
497 1609 518 1633 a
548 1594 609 1633 ed.
634 1594 769 1642 Bekk.;
799 1593 869 1632 ubi
901 1593 1124 1632 Eustratius
1148 1608 1157 1632 ε
1194 1594 1277 1648 σύρ-

299 1671 396 1707 ματα
415 1654 475 1694 τὸν
495 1654 619 1707 χόρτον
638 1652 870 1705 Ἡράκλειτος
888 1651 1015 1706 λέγει.)

217 1729 264 1756 86.
303 1714 350 1755 ‘O
367 1714 440 1758 θεὸς
465 1713 582 1766 ἡμέρη
613 1712 785 1766 εὐφρόνη,
814 1711 950 1765 χειμὼν
983 1711 1103 1765 θέρος,
1125 1710 1277 1763 πόλεμος

301 1775 422 1828 εἰρήνη
434 1803 444 1822 ,
463 1774 564 1826 κόρος
581 1772 698 1824 λιμός.

355 1835 608 1886 (Hippolytus
641 1833 788 1875 Haeres.
826 1831 956 1871 Resut.
990 1844 1079 1883 pag.
1114 1832 1189 1869 283
1211 1831 1274 1871 ed.

298 1894 441 1933 Miller.
458 1908 467 1932 z
484 1893 542 1931 τὸν
554 1891 619 1944 γὰρ
636 1893 773 1944 πρῶτον
792 1889 924 1941 κόσμον
943 1890 1047 1928 αὐτὸν
1066 1890 1276 1942 δημιουργὸν

296 1953 357 1991 καὶ
379 1950 530 1998 ποιητὴν
561 1952 684 1989 ἑαυτοῦ
705 1948 886 2002 γινόμενον
906 1948 997 1988 οὕτω
1014 1949 1120 2002 λέγει·
1139 1948 1186 1990 ‘O
1204 1948 1276 1993 θεὸς

297 2011 414 2064 ἡμέρη
435 2011 514 2050 κτλ.
530 2009 699 2048 τάναντία
718 2008 897 2061 ἅπαντα.)

217 2085 266 2113 87.
302 2071 520 2111 Ἀλλοιοῦται
540 2070 576 2108 δὲ
595 2069 758 2123 ὅκωσπερ
776 2068 903 2109 ὁκόταν
923 2072 1085 2122 συμμιγῇ
1102 2068 1273 2120 θυώματα

298 2131 472 2181 θυώμασι·
494 2129 704 2181 ὀνομάζεται
724 2131 803 2169 καθ’
825 2129 954 2177 ἡδονὴν
974 2130 1139 2170 ἑκάστου.

357 2192 608 2244 (Hippolytus
639 2190 783 2231 Haeres.
824 2189 951 2229 Resnt.
985 2203 1074 2241 pag.
1112 2190 1187 2228 283
1209 2189 1271 2230 ed.

298 2252 442 2290 Miller.
460 2250 612 2289 Inserui
626 2249 796 2301 θυώματα
811 2249 918 2302 quod
937 2249 979 2288 in
1000 2249 1135 2287 codice
1154 2249 1274 2288 deest.

301 2311 539 2350 Refer-untur
580 2309 664 2348 haec
712 2309 761 2354 ad
810 2318 993 2349 mentem.
1036 2309 1277 2361 Hippolytus

300 2371 404 2409 enim
428 2370 482 2408 ait
501 2384 510 2407 τ
535 2363 633 2414 οὗτος
652 2372 670 2408 ὁ
689 2372 779 2414 νοῦς·
803 2387 818 2403 «
841 2370 1042 2409 ἀλλοιοῦται
1063 2367 1099 2407 δὲ
1119 2384 1139 2404 »
1166 2368 1244 2407 κτλ.
1264 2369 1276 2419 )

217 2444 268 2470 88.
302 2430 481 2470 Θάλασσα
504 2429 597 2482 ὕδωρ
626 2428 877 2482 καθαρώτατον
897 2428 957 2468 καὶ
981 2426 1219 2481 μιαρώτατον,
1242 2429 1273 2466 ἷ-

298 2489 402 2542 χθύσι
414 2488 476 2539 μὲν
495 2487 642 2539 πότιμον
653 2488 714 2527 καὶ
732 2487 920 2540 σωτήριον,
931 2486 1123 2540 ἀνθρώποις
1138 2485 1174 2525 δὲ
1187 2486 1274 2525 ἄπο-

298 2564 356 2587 τον
377 2548 438 2587 καὶ
457 2547 624 2600 ὀλέθριον.

1482 345 1492 392 (
1512 343 1749 413 Hippolytus
1788 344 1931 384 Haeres.
1960 345 2088 386 Refut.
2119 361 2209 399 pag.
2233 351 2308 388 282
2339 349 2402 390 ed.

1425 401 1571 442 Miller.
1592 401 1675 440 ῑκαὶ
1689 401 1729 440 τὸ
1749 403 1874 455 μιαρόν
1892 419 1978 457 φησι
1994 404 2054 443 καὶ
2071 405 2109 444 τὸ
2123 409 2276 459 καθαρον
2292 409 2328 448 ἓν
2343 425 2404 449 και

1425 459 1551 499 ταύτὸν
1569 463 1670 509 εἶναι,
1689 461 1750 500 καὶ
1767 462 1806 500 τὸ
1827 463 1975 513 πότιμον
1996 464 2056 502 καὶ
2077 464 2116 503 τὸ
2139 466 2267 506 ἄποτον
2284 467 2322 507 ἓν
2341 469 2402 508 καὶ

1424 535 1463 558 το
1482 519 1565 559 αὐτὸ
1585 523 1687 559 εἶναι.
1704 523 1905 571 Θάλασσα,
1924 523 2055 575 φησίν,
2077 523 2169 577 ὕδωρ
2188 528 2268 567 κτλ.
2289 526 2301 580 )

1344 593 1394 619 8⁹.
1427 579 1648 624 Διδάσκαλος
1680 579 1716 619 δὲ
1751 580 1927 620 πλείστων
1962 579 2138 627 Ἡσίοδος·
2164 586 2285 623 τοῦτον
2325 585 2402 625 ἐπί-

1426 654 1574 678 στανται
1594 640 1744 694 πλεῖστα
1768 640 1911 690 εἰδέναι,
1928 640 2023 686 ὅστις
2039 642 2177 695 ἡμέρην
2195 643 2256 682 καὶ
2275 645 2402 698 εὐφρό-

1423 715 1486 747 νην
1503 700 1566 739 οὖκ
1593 699 1775 752 ἐγίνωσκε·
1797 699 1872 739 ἔστι
1889 700 1958 754 γὰρ
1974 700 2027 742 ἔν.

1479 758 1744 813 (Hippolytus
1770 760 1913 799 Hae1·.es
1931 761 2056 802 Resut.
2076 776 2118 814 p.
2138 763 2215 801 282
2230 763 2294 804 ed.
2311 764 2403 803 Mil·

1422 819 1728 872 161·.;Τοιγαροῦν
1745 819 1823 858 οὐδὲ
1835 819 1956 865 σκότος
1970 820 2048 859 οὐδὲ
2066 823 2138 875 φῶς
2155 821 2232 860 οὐδὲ
2252 838 2403 876 πονηρον

1423 877 1501 918 οὐδὲ
1529 877 1659 930 ἀγαθὸν
1696 878 1812 931 ἕτερόν
1841 894 1946 933 φησιν
1982 883 2109 920 εἶναιὸ
2142 879 2400 933 Ηράκλειτος,

1427 937 1505 976 ἆ)λ’
1524 936 1560 976 ἓν
1579 953 1639 976 και
1660 937 1701 976 τὸ
1719 939 1816 1000 αὐτό.
1840 939 2017 993 Ἐπιτιμα
2045 943 2128 992 γοῦν
2146 939 2328 994 Ἡσιόδῳ,
2348 941 2403 981 ὅτι

1421 995 1558 1049 ἡμέραν
1576 997 1638 1036 και
1654 996 1763 1036 νύκτα
1780 991 1883 1037 οἰδεν·
1902 999 2018 1051 ἡμέρα
2044 1000 2127 1052 γάρ,
2150 1000 2249 1053 φησί,
2262 1001 2323 1040 καὶ
2342 1000 2401 1047 νύξ

1422 1056 1513 1095 ἔστιν
1534 1055 1585 1105 ἕν,
1590 1053 1718 1109 λέγων
1735 1051 1804 1097 ὧδέ
1822 1073 1907 1103 πως·
1925 1058 2147 1105 Διδάσκαλος
2164 1061 2200 1099 δὲ
2224 1060 2399 1100 πλείστων

1420 1116 1525 1165 κτλ.)

1339 1186 1388 1213 90.
1407 1198 1410 1200 v
1426 1173 1498 1213 Και
1519 1173 1648 1226 ἀγαθὸν
1681 1189 1743 1213 και
1763 1175 1888 1216 κακόν.
1922 1178 1969 1216 Οἱ
1988 1181 2070 1229 γοῦν
2105 1179 2242 1231 ἰατροί,
2260 1195 2367 1234 φησιν
2387 1183 2405 1220 ὁ

1420 1232 1652 1288 “Ηράκλειτος
1638 1263 1672 1283 ..,
1680 1234 1905 1310 τέμνοντες,
1936 1237 2114 1287 καίοντες,
2145 1240 2262 1287 πάντη
2293 1243 2405 1293 βασα-

1422 1293 1570 1339 νίζοντες
1605 1296 1723 1338 κακῶς
1764 1311 1842 1340 τους
1883 1297 2150 1350 ἆῤῥωστοῦντας
2184 1300 2306 1338 ἐπαιτέ
2292 1315 2404 1339 ονται

1423 1353 1535 1405 μηδὲν
1565 1353 1606 1397 ἅς
1611 1368 1654 1392 ιοι
1688 1354 1811 1404 μισθὸν
1833 1355 2030 1407 λαμὸάνειν
2062 1357 2160 1411 παρὰ
2191 1360 2260 1397 τῶν
2292 1360 2404 1413 ἆρῤω·

1420 1412 1609 1462 στούντων,
1642 1429 1756 1452 ταυτα
1787 1414 2012 1468 ἐργαζόμενοι
2039 1417 2084 1455 τὰ
2117 1417 2232 1468 ἀγαθα
2262 1418 2323 1457 και
2344 1419 2403 1463 τὰς

1420 1472 1555 1517 νόσους.

1477 1532 1740 1586 (Hippolytus
1761 1533 1909 1574 Haeres.
1928 1534 2057 1576 Refut.
2077 1549 2118 1587 p.
2139 1536 2216 1574 282
2229 1536 2292 1577 ed.
2309 1536 2402 1576 Mil-

1425 1592 1496 1632 ler.
1522 1591 1643 1630 Posui
1674 1605 1762 1630 cum
1799 1593 2016 1645 Ber-naysio
2042 1595 2262 1634 ἐπαιτέονται
2292 1596 2402 1647 μηδὲν

1423 1650 1532 1702 ἄξιοι,
1554 1652 1672 1701 vulgo
1693 1652 1921 1691 ἐπαιτιῶνται
1944 1653 2053 1703 μηδὲν
2072 1653 2181 1699 ἄξιον.
2206 1654 2401 1694 Praeterea

1424 1711 1546 1763 μισῢὸν
1564 1710 1724 1749 exaravi
1735 1725 1746 1759 ;
1766 1712 1890 1750 codex
1905 1714 2076 1763 μισθῶν.)

1340 1786 1389 1812 9ι.
1425 1772 1498 1811 Καὶ
1524 1769 1603 1810 εὐθὺ
1636 1770 1688 1818 δέ,
1715 1770 1817 1823 φησί,
1839 1771 1900 1810 καὶ
1925 1772 2096 1824 στρεὸλὸν
2129 1773 2168 1812 τὸ
2201 1775 2288 1814 αὐτό
2311 1776 2399 1817 ἐστι.

1421 1830 1608 1885 Γραφείῳ,
1644 1829 1766 1882 φησίν,
1792 1831 1868 1875 ὁδὸς
1898 1833 2013 1871 εὐθεῖα
2042 1832 2103 1871 καὶ
2124 1835 2263 1882 σκολιή,
2286 1837 2307 1882 ἡ
2340 1839 2402 1875 τοῦ

1420 1891 1569 1944 ὀργάνου
1589 1892 1648 1928 τοῦ
1680 1890 1900 1941 καλουμένου
1926 1891 2083 1945 κοχλίου·
2111 1895 2147 1933 ἐν
2167 1896 2217 1948 τῷ
2246 1896 2402 1949 γραφείῳ

1420 1949 1636 2003 περιστροφὴ
1664 1950 1778 1989 εὐθεῖα
1808 1950 1869 1989 καὶ
1894 1952 2031 1999 σκολιή·
2050 1952 2122 1991 ἄνω
2144 1952 2213 2007 γὰρ
2235 1956 2321 2005 ὁμοῦ
2342 1957 2403 1994 καὶ

1421 2011 1542 2065 κύκλῳ
1557 2009 1791 2063 περιέλκεται.
1808 2011 1886 2049 Μία
1897 2011 2168 2065 ἐστί,φησί,καὶ
2185 2013 2321 2060 ἠαῦτή·
2342 2014 2402 2054 καὶ

1419 2071 1459 2110 τὸ
1479 2070 1552 2110 ἄνω
1571 2069 1630 2108 καὶ
1649 2068 1689 2107 τὸ
1708 2069 1808 2108 κάτω
1825 2069 1860 2108 ἔν
1881 2071 1957 2109 ἐστι
1976 2071 2037 2110 καὶ
2057 2071 2098 2110 τὸ
2116 2071 2213 2111 αὐτό·
2230 2073 2307 2117 ὁδὸς
2327 2072 2400 2112 ἄνω

1420 2131 1520 2170 κάτω
1542 2129 1606 2180 μίη
1626 2127 1688 2167 καὶ
1706 2127 1817 2175 ωὗτή.

1474 2189 1738 2241 (Hippolytus
1750 2187 2029 2229 Hae1·es.Refut.
2042 2204 2083 2242 p.
2097 2191 2172 2228 282
2183 2191 2245 2229 ed.
2256 2191 2400 2231 Miller.

1421 2251 1569 2302 Scripsi
1584 2255 1782 2301 praeeunte
1806 2249 2022 2301 Bel-naysio
2038 2250 2217 2303 γραφείῳ,
2237 2251 2341 2306 φησίν
2362 2260 2400 2291 et

1419 2310 1643 2362 περιέλκεται
1673 2324 1749 2360 pro
1780 2309 1928 2348 codicis
1954 2309 2191 2349 lectionibus
2223 2311 2401 2366 γραφέων,

1420 2368 1524 2421 φησίν
1545 2377 1583 2406 et
1598 2368 1815 2422 περιέχεται.
1831 2369 1843 2420 )

1339 2443 1375 2469 92
1420 2429 1497 2467 Οὐκ
1517 2429 1603 2478 ε’μεῦ
1633 2427 1724 2466 ἀλλὰ
1750 2431 1811 2466 τοῦ
1832 2426 1936 2479 λόγου
1957 2426 2178 2472 ἀκούσαντας
2198 2428 2399 2479 ὁμολογέειν

1421 2487 1527 2539 σορόν
1546 2488 1635 2537 ἔστι,
1657 2486 1694 2525 ἓν
1715 2487 1831 2525 πάντα
1851 2486 2022 2539 γίνεσθαι.

1474 2546 1484 2599 (
1502 2546 1738 2598 Hippolytus
1755 2546 1901 2584 Haeres.
1921 2546 2048 2587 Refut.
2069 2560 2109 2598 p.
2134 2547 2211 2585 280
2227 2548 2289 2585 ed.
2311 2547 2400 2586 Mil·

261 2756 312 2785 85.
335 2751 404 2785 Alia
424 2751 508 2783 enim
529 2750 605 2792 equi
632 2750 780 2791 voluptas
797 2753 865 2791 est,
885 2749 947 2782 alia
966 2749 1068 2790 canis,
1085 2750 1147 2782 alia
1168 2750 1268 2783 liomi-

216 2813 280 2854 niS,
297 2810 572 2854 quemadmodum
590 2810 773 2843 Heraclitus
795 2810 841 2842 ait
860 2811 950 2843 asino
966 2810 1092 2843 culmos
1111 2812 1144 2843 et
1167 2810 1274 2852 paleas

217 2880 297 2904 auro
309 2870 514 2913 optabiliores
527 2879 598 2903 esse
618 2879 625 2902 ε
642 2869 818 2911 jucundius
833 2870 917 2902 enim
933 2869 1031 2903 asinis
1052 2871 1101 2903 est
1118 2869 1274 2911 pabulum

217 2940 315 2973 quam
331 2939 461 2963 aurum.

259 2990 311 3020 86.
334 2988 423 3020 Deus
440 2986 526 3027 dies,
545 2995 629 3028 nox;
653 2985 779 3027 hiems,
799 2987 914 3028 aestas3
940 2985 1081 3026 bellurn,
1107 2994 1192 3027 pax3
1218 2994 1272 3018 sa-

217 3047 322 3088 tietas,
337 3046 446 3079 fames.

259 3108 311 3138 87.
333 3104 485 3137 Variatur
498 3105 617 3146 autem,
634 3104 672 3137 ut
685 3113 787 3146 quum
805 3103 1015 3137 odoramenta
1028 3103 1088 3136 alia
1108 3103 1179 3137 aliis
1191 3112 1274 3136 com·

220 3163 415 3205 miscentur,
429 3162 671 3205 appellaturque
691 3166 726 3195 ut
739 3163 858 3205 cuique
872 3163 960 3196 libet.

262 3227 312 3256 88.
336 3225 428 3264 Aqua
447 3221 567 3254 marina
586 3222 756 3263 purissima
776 3223 809 3256 et
831 3222 1073 3264 corruptissima
1093 3225 1160 3264 est,
1177 3222 1274 3263 pisci—

219 3281 282 3313 bus
295 3281 425 3322 quidem
438 3280 588 3322 potabilis
603 3283 636 3314 et
656 3281 795 3315 salubris
806 3308 817 3324 ,
845 3281 1030 3314 bominibus
1045 3290 1122 3315 vero
1138 3281 1273 3314 minime

220 3341 368 3383 potabilis
380 3343 477 3383 atque
489 3341 568 3374 adeo
585 3342 747 3384 pestilens.

261 3401 314 3434 89.
338 3401 378 3433 At
393 3399 604 3441 plurimarum
628 3410 735 3434 rerum
756 3402 909 3443 magister
923 3401 1085 3435 Hesiodus
1100 3402 1148 3434 est
1164 3413 1173 3435 ι
1188 3401 1275 3434 bunc

220 3458 377 3499 permulta
399 3458 540 3492 tenuisse
557 3461 684 3501 putant,
710 3461 765 3502 qui
787 3460 874 3495 diem
891 3463 924 3495 et
941 3463 1068 3495 noctem
1095 3469 1158 3494 non
1177 3470 1273 3494 nove-

218 3518 287 3555 rat3
310 3519 357 3550 est
371 3517 454 3550 enim
472 3527 572 3550 unum
595 3518 756 3561 idemque.

1378 2754 1436 2783 90.
1462 2752 1588 2784 Bonum
1604 2750 1680 2783 item
1697 2753 1729 2783 et
1746 2750 1867 2783 malum
1883 2751 1996 2784 eodem
2011 2751 2107 2786 redit.
2122 2751 2239 2784 Medici
2250 2751 2397 2795 quidem,

1336 2810 1442 2851 inquit
1469 2810 1666 2848 Heraclitus,
1700 2813 1845 2843 secantes
1872 2812 2067 2853 urentesque
2098 2813 2131 2844 et
2162 2820 2396 2854 usquequaque

1336 2877 1497 2909 aegrorum
1520 2877 1655 2910 corpora
1674 2869 1756 2902 male
1768 2871 1923 2903 vexantes
1941 2870 2125 2903 mercedem
2142 2880 2205 2912 qua
2225 2870 2311 2912 digni
2330 2880 2394 2904 non

1335 2931 1412 2960 sunt
1434 2927 1475 2960 ab
1493 2927 1624 2969 aegrotis
1639 2928 1784 2970 exigunt,
1804 2939 1908 2972 quum
1926 2929 2010 2963 lianc
2029 2930 2126 2963 etiam
2150 2931 2272 2964 morbis
2291 2931 2396 2964 medi-

1335 2987 1440 3020 cinam
1460 2987 1590 3020 saciant.

1377 3049 1430 3080 91.
1454 3048 1615 3089 Rectum,
1643 3047 1762 3090 inquit,
1782 3049 1815 3081 et
1830 3051 2013 3086 tortuosum
2042 3049 2129 3082 idem
2148 3050 2207 3082 est.
2231 3049 2325 3091 Stilo,
2341 3050 2393 3082 in-

1335 3106 1426 3148 quit,
1442 3106 1494 3139 via
1510 3109 1598 3140 recta
1615 3108 1647 3140 et
1661 3116 1760 3141 curva
1771 3132 1780 3148 ,
1797 3109 1934 3150 ideoque
1954 3108 2077 3141 accedit
2093 3109 2133 3141 ad
2148 3108 2394 3142 similitudinem

1335 3163 1538 3199 instrumenti
1558 3166 1644 3208 quod
1660 3167 1800 3200 cochlea>
1817 3167 1947 3200 nomine
1966 3167 2119 3200 aflicitur.
2143 3169 2226 3200 Nam
2242 3168 2307 3201 stili
2327 3168 2393 3200 cir-

1336 3224 1519 3258 cumversio
1545 3227 1633 3259 recta
1651 3227 1683 3259 et
1701 3235 1800 3258 curva
1820 3227 1881 3268 est,
1908 3226 2066 3268 siquidem
2080 3236 2098 3258 a
2111 3227 2274 3260 scribente
2295 3226 2394 3259 simul

1335 3293 1463 3317 sursum
1480 3286 1578 3327 atque
1593 3286 1624 3319 in
1651 3286 1763 3319 orbem
1791 3286 1941 3319 flectitur.
1965 3289 2037 3320 Una
2058 3287 2128 3327 est,
2155 3287 2271 3328 inquit,
2290 3290 2322 3320 et
2337 3295 2393 3319 ea-

1336 3342 1410 3375 dem
1424 3343 1477 3376 via
1489 3354 1496 3376 :
1508 3347 1541 3378 et
1553 3354 1728 3378 sursuniac
1742 3345 1893 3379 deorsum
1905 3354 2007 3378 unum
2017 3346 2065 3378 est
2077 3345 2181 3386 ἰάθη),
2197 3345 2248 3377 via
2263 3354 2393 3378 sursum

1335 3410 1373 3434 ac
1392 3401 1546 3436 deorsum
1564 3413 1628 3436 una
1642 3406 1739 3446 atque
1763 3405 1876 3437 eadem
1890 3407 1950 3437 est.

1378 3464 1432 3495 92.
1457 3463 1528 3496 Non
1550 3472 1622 3503 me,
1657 3464 1712 3496 sed
1737 3464 1892 3497 rationem
1918 3464 2084 3498 audientes
2104 3462 2280 3496 concedere
2299 3462 2394 3496 decet

1335 3528 1376 3553 ex
1394 3530 1457 3554 uno
1476 3521 1584 3555 omnia
1599 3522 1681 3556 fieri.
