2612 3814
49 550 52 561 ⁸
57 495 67 533 ν
50 421 73 490 207⁹*
56 380 57 383 Α
55 341 70 351 3

48 597 60 624 ia
67 598 74 622 ἰ

58 1162 67 1169 ⁴
64 1142 69 1147 .
43 929 74 1119 amm·
63 862 72 887 ,
48 813 67 842 22

35 1701 59 1754 *z'm’
55 1664 57 1673 ε
50 1630 58 1643 ι

46 1755 60 1775 [⁴³

43 1781 49 1795 *Α
57 1786 65 1797 2<
82 1788 84 1791 .

56 1823 58 1827 .

966 259 1255 306 DEMOCRITI
1285 265 1624 306 FRAGMENTA.
2321 263 2395 306 375

241 349 442 404 συμφύσεις.
464 350 485 400 §
506 356 568 390 38.
589 351 651 388 Δεῖ
669 347 704 386 ’δὲ
724 348 783 387 καὶ
804 348 865 392 τὰς
885 348 1014 401 πέτρας
1043 341 1131 387 εἶναι
1155 351 1290 398 ὑπομε-
1349 352 1481 400 πῆχυν.
1505 350 1527 399 5
1547 357 1610 387 41.
1631 349 1745 387 Τοῦτο
1755 347 1803 386 ’δὲ
1823 351 1933 387 ποιεῖν
1959 349 2114 394 δύνοντος
2136 353 2194 388 τοῦ
2215 349 2315 397 ἡλίου
2339 347 2399 387 καὶ

241 408 462 455 λανιζούσας,
491 407 553 451 τὰς
585 405 814 459 περιεχούσας
853 423 930 451 τους
971 408 1155 451 δοκοῦντας
1197 407 1290 460 ὕδωρ

240 467 333 519 ἔχειν
354 467 500 516 τόπους,
522 465 571 516 μὴ
591 466 682 504 κατὰ
709 464 857 511 ἷόνθους,
879 465 970 504 ἀλλὰ
998 468 1147 519 ἐχούσας
1171 482 1205 505 τι
1224 481 1291 504 πο-

240 527 360 578 ρυδες.
382 527 490 576 539.
514 524 585 565 Καὶ
615 525 696 564 ὅσαι
729 526 764 565 δὲ
791 525 1037 578 λευκήπειροι,
1064 526 1223 565 κείμεναι
1254 525 1292 564 δέ

241 587 326 623 εἶσιν
359 586 416 623 ἐπὶ
444 586 507 631 τῆς
538 587 599 634 γ7·ς
625 582 702 629 οιάς
733 585 937 638 εἰρήκαμεν,
958 585 1096 637 ἔχουσιν
1131 585 1198 623 ὑπὸ
1217 587 1292 629 ταῖς

242 641 405 695 πτέρναις
419 671 429 690 ,
449 649 525 687 ταῖς
555 637 589 682 ἐν
610 645 681 687 τοῖς
701 643 861 697 ἐδάφεσιν
885 646 1080 716 ἐμπεφυκυι
1071 644 1137 688 ἀις
1165 643 1289 683 ὕδατα.

239 700 414 752 Σημαίνει
431 699 468 738 δέ
480 730 489 748 ,
512 699 570 738 ἐάν
591 716 624 739 τι
643 701 725 755 περὶ
744 701 804 746 τὰς
822 703 983 746 τοιαύτας
1008 701 1069 740 καὶ
1097 704 1166 740 τῶν
1196 703 1293 756 εἰρη-

238 759 352 808 μένων
374 758 538 813 πεφυκός.
575 761 597 810 5
628 767 693 801 40.
719 760 790 800 Καὶ
813 762 1001 813 συμφύσεις
1023 760 1058 799 δὲ
1079 763 1114 799 αἱ
1137 762 1292 812 ἀνόμοιοι

235 820 306 857 τῶν
327 821 463 870 πετρῶν
484 818 622 871 ἔχουσιν
642 819 859 870 ὕδατα,·κᾶν
880 815 966 859 ὦσιν
996 823 1031 859 ἐν
1062 823 1132 865 τοῖς
1152 820 1291 872 εἰρημέ-

238 892 306 922 νοις
327 878 474 927 κλίμασι
505 877 677 929 κείμεναι.
700 880 721 929 5
741 885 803 919 41.
826 879 886 918 Ἐν
907 879 948 931 οιὲ
952 895 970 917 ν
990 872 1048 917 οῧν
1068 880 1113 931 τῇ
1134 878 1293 931 ψηφιδώ-

237 936 290 974 δει
309 940 375 988 γῇ,
393 937 453 975 καὶ
473 938 620 989 μελαίνῃ
642 953 702 975 και
728 941 863 990 πυκνῇ,
886 937 946 976 καὶ
966 936 1091 988 ὁμοίως
1111 936 1289 988 γλοιώδει,

236 995 384 1040 λιὸάδας
405 996 456 1034 δεῖ
470 996 576 1034 πολ)
564 1012 602 1040 ας
616 1012 674 1034 και
690 997 914 1041 ἐπιπολαίους
929 1000 1029 1035 εἶναι.
1047 997 1110 1034 Διὸ
1125 995 1293 1049 συμφέρει

240 1055 275 1092 ἐν
295 1054 437 1099 ταύταις
455 1070 534 1098 τους
552 1054 745 1105 ὑπονόμους
765 1055 937 1107 ὀρύσσειν,
958 1054 1126 1104 ἑπόμενον
1143 1059 1218 1098 ταῖς
1238 1055 1292 1092 λι-

238 1111 359 1152 δάσιν.
384 1112 490 1153 Οὕτω
508 1113 575 1166 γὰρ
596 1114 635 1151 ἂν
658 1115 821 1152 πλεῖστον
843 1113 934 1166 ὕδωρ
960 1113 1156 1166 συνάγοιτο.
1175 1113 1236 1153 Ἐν
1259 1114 1292 1154 δὲ

238 1171 307 1215 τοῖς
324 1172 455 1223 ἀραιοῖς
474 1171 533 1210 καὶ
553 1171 744 1224 πετρώδεσι
763 1173 898 1221 τόποις,
916 1171 988 1210 κᾶν.
1008 1175 1167 1210 ὁπωσοῦν
1197 1175 1290 1226 εὑρε-

236 1231 324 1268 θῶσι
341 1231 472 1282 πηγαί,
494 1233 568 1274 ταῖς
589 1230 798 1283 εὑρεθείσαις
816 1230 1010 1284 ἀρκεῖσθαι.
1038 1232 1060 1282 5
1078 1238 1144 1271 42.
1171 1232 1234 1270 Δεῖ
1256 1230 1291 1270 δὲ

236 1292 437 1327 σκοποῦντα
467 1290 527 1328 καὶ
561 1291 855 1342 ὕδροσκοπεῖσθαι,
877 1289 1023 1343 τοιούτῳ
1057 1289 1127 1328 τινὶ
1157 1290 1288 1343 τρόπῳ.

240 1347 574 1399 Κατεσκευασμένον
607 1348 700 1401 ἔχειν
732 1349 916 1399 μολιὸδοῧν
956 1350 1107 1400 ἀγγεῖον,
1128 1347 1293 1402 ’καθάπερ

234 1405 477 1460 ἡμισφαίριον,
509 1411 647 1461 χωροῖν
683 1406 762 1447 ὅσον
793 1407 899 1461 χοέα,
923 1407 983 1447 καὶ
1015 1407 1170 1447 λαὸόυτα
1202 1408 1293 1460 ἐρίου

241 1465 394 1514 μαλλοὺς
414 1465 473 1504 δύο
492 1465 514 1513 ἢ
540 1471 630 1518 τρεῖς
650 1465 891 1516 πεπλυμένους
916 1466 1124 1511 διαξάναντα
1154 1468 1291 1514 καλῶς,

237 1525 343 1571 δῆσαι
375 1540 501 1575 μεσους
529 1525 636 1578 λίνῳ
669 1525 765 1563 τὸδὲ
794 1524 888 1563 λίνον
911 1526 1173 1578 προσκολλῆσαι
1195 1541 1294 1579 κηρι)

236 1583 323 1636 πρὸς
342 1582 400 1622 τὸν
420 1583 602 1634 πυθμένα,
625 1584 750 1623 ἔσωθεν
767 1589 826 1623 τοῦ
846 1584 999 1634 ἀγγείου.
1029 1585 1051 1635 5
1080 1592 1144 1624 43.
1167 1587 1294 1624 Διακε-

237 1639 372 1698 χρίσθω
393 1643 428 1681 δὲ
449 1643 508 1682 καὶ
528 1642 635 1682 ελαίω
654 1643 697 1682 τὸ
716 1644 868 1696 ἀγγεῖον,
892 1643 989 1682 καῖ’
973 1660 1007 1683 εν
1025 1645 1074 1681 τῶ
1093 1643 1190 1682 τόπω
1208 1645 1241 1681 ἐν
1265 1647 1293 1696 ᾧ

240 1701 402 1740 διαλάὸοι
431 1717 481 1746 τις
502 1701 628 1754 ὕδωρ“
616 1702 803 1754 υπάρχειν,
838 1703 888 1741 δεῖ
917 1702 1191 1755 στοχαζομένους
1223 1710 1293 1748 τοῖς

237 1760 491 1810 δεδηλωμένοις
526 1760 682 1811 σημείοις
716 1761 875 1813 ὀρύσσειν
916 1762 1100 1813 φρεατίαν,
1122 1761 1202 1801 ὅσον
1235 1763 1292 1801 ἐπὶ

237 1817 363 1871 πήχεις
383 1824 472 1871 τρεῖς
486 1818 546 1857 καὶ
563 1818 855 1872 καταστρέψαντα
870 1818 908 1857 τὸ
926 1821 1063 1870 ἀγγεῖον
1078 1820 1112 1858 ἐν
1127 1822 1172 1872 τῇ
1190 1835 1291 1872 φρεα-

239 1877 296 1930 τία
332 1880 457 1925 θεῖναι,
476 1878 535 1916 καὶ
555 1877 738 1930 περιθέντα
768 1877 939 1928 καλάμων
959 1879 1071 1931 φύλλα
1092 1881 1239 1932 χλωρῶν
1269 1879 1291 1926 ἢ

239 1937 349 1984 ἄλλην
369 1937 448 1976 τινὰ
470 1938 618 1990 βοτάνην
648 1937 752 1975 πάλιν
777 1939 952 1989 ἐπιχῶσαι
971 1941 1032 1985 τῆς
1051 1941 1114 1989 γῆς
1133 1937 1211 1976 ὅσον
1233 1937 1291 1977 ἐπὶ

237 2210 330 2242 biunt
351 2210 437 2243 locos
455 2210 509 2251 qni
539 2210 687 2243 videntur
702 2218 820 2251 aquam
846 2210 1031 2250 continere,
1053 2219 1116 2242 non
1139 2218 1290 2242 rarorum

237 2269 350 2308 instar,
367 2269 423 2301 sed
442 2269 562 2310 aliquid
578 2268 807 2302 foraminatum
821 2269 985 2301 habentes.
1000 2269 1085 2308 Quin
1103 2270 1135 2301 et
1151 2277 1225 2310 quae
1244 2269 1291 2300 al-

236 2327 311 2360 bam
325 2329 443 2360 terram
456 2327 633 2360 admixtam
646 2328 762 2368 gerunt
776 2336 815 2360 ac
824 2327 894 2360 sitae
911 2330 986 2360 sunt
1002 2327 1034 2359 in
1052 2328 1150 2367 terra,
1165 2327 1292 2368 qualem

237 2387 507 2427 memoravimus,
529 2387 590 2419 sub
608 2387 685 2428 ipsis
702 2387 860 2420 radicibus
882 2387 951 2419 solo
976 2386 1095 2423 innatis
1118 2394 1219 2428 aquas
1239 2387 1294 2418 ha-

239 2446 327 2479 bent.
351 2449 458 2488 Aquas
488 2455 565 2478 vero
593 2445 711 2479 indicat
740 2445 862 2487 aliquid
893 2446 1085 2486 herbarum,
1112 2445 1152 2478 de
1176 2446 1293 2487 quibus

236 2505 402 2545 diximus,
423 2505 461 2537 iis
479 2514 664 2545 agnascens.
679 2506 782 2537 Porro
796 2505 971 2546 inaequales
988 2507 1151 2547 petrarum
1166 2514 1294 2537 concre-

238 2563 343 2596 tiones
361 2571 461 2604 aquas
481 2562 664 2604 continent,
686 2562 782 2594 modo
796 2563 860 2595 sint
875 2562 907 2594 in
926 2562 1104 2603 regionibus
1120 2561 1160 2594 de
1174 2561 1292 2603 quibus

240 2622 382 2654 diximus
401 2622 483 2654 sitae.
505 2623 541 2654 ln
563 2620 723 2653 calculosa
745 2621 840 2661 igitur
860 2622 946 2652 terra
970 2620 1123 2661 nigraque
1138 2629 1176 2652 ac
1194 2621 1293 2652 densa

239 2685 274 2715 et
295 2681 442 2714 similiter
462 2682 623 2723 glutinosa
649 2681 756 2713 latices
786 2681 906 2713 multos
926 2684 958 2713 et
980 2681 1012 2712 in
1030 2680 1198 2722 superficie
1225 2690 1294 2713 esse

239 2742 381 2781 oportet.
406 2743 610 2782 Quapropter
632 2740 664 2773 in
687 2740 735 2772 liis
752 2740 915 2772 cuniculos
935 2739 1042 2772 fodere
1064 2739 1235 2780 conducit,
1249 2739 1293 2771 ita

242 2805 279 2833 nt
303 2800 416 2833 latices
446 2808 633 2841 sequamur.
665 2801 732 2832 Hoc
757 2800 844 2832 enim
866 2799 965 2832 modo
998 2799 1171 2841 plurimum
1201 2808 1293 2840 aquze

239 2857 496 2900 congregabitur.
518 2862 559 2892 At
569 2859 600 2891 in
615 2858 694 2891 raris
709 2860 741 2891 et
755 2859 890 2900 petrosis
901 2859 981 2891 locis
994 2858 1233 2900 qualescunque
1245 2867 1292 2891 re-

240 2919 407 2960 periantur
427 2918 551 2958 fontem
571 2918 710 2950 inventis
728 2919 894 2951 contentos
913 2927 980 2951 esse
1002 2918 1106 2950 dccet.
1131 2919 1292 2950 Caeterum

238 2986 334 3016 aquae
347 2977 571 3017 vestigatorem
588 2977 685 3009 etiam
694 2977 748 3009 lali
759 2977 909 3018 quopiam
921 2977 1016 3009 modo
1027 2986 1146 3018 aquam
1157 2977 1290 3009 scrutari

239 3035 402 3069 convenit.
429 3034 554 3068 Habeat
570 3035 668 3076 igitur
687 3037 898 3077 praeparatum
920 3036 1085 3068 vasculum
1107 3035 1292 3076 plumbeum

219 3115 221 3118 -
242 3094 536 3136 liemisphaericum,
548 3094 649 3135 congii
664 3103 763 3136 capax
775 3096 947 3136 sumatque
961 3095 1042 3127 lanae
1053 3095 1168 3135 lrapsos
1181 3093 1293 3126 molles

241 3153 324 3185 duos
340 3153 397 3185 aut
413 3156 476 3186 tres
493 3153 575 3186 lotos
595 3161 637 3186 ac
653 3153 751 3194 probe
768 3156 895 3194 carplos
906 3177 915 3193 ,
934 3162 1053 3194 eosque
1069 3152 1134 3184 lino
1154 3152 1292 3193 obliget,

242 3211 347 3252 ipsum
366 3220 443 3244 vero
461 3211 516 3244 lini
534 3211 621 3244 filum
635 3211 718 3244 intra
731 3221 789 3245 vas
803 3211 843 3244 ad
861 3211 996 3244 fundum
1013 3211 1080 3252 ejus
1096 3219 1169 3244 cera
1181 3210 1291 3252 agglu—

244 3271 335 3303 tinet.
350 3271 412 3303 Sed
427 3273 461 3304 et
475 3272 548 3304 oleo
566 3280 623 3304 vas
641 3272 783 3305 illinalur
798 3273 831 3305 et
849 3271 880 3304 in
900 3272 987 3311 loco,
1005 3271 1057 3303 ubi
1084 3270 1156 3312 quis
1176 3279 1290 3311 aquam

241 3339 312 3363 esse
330 3331 522 3372 suspicetur,
537 3331 719 3373 conjectura
748 3332 830 3365 facta
846 3341 887 3365 ex
909 3331 1042 3364 ostentis
1061 3333 1154 3364 antea
1175 3331 1291 3372 signis,

244 3390 360 3430 puteus
376 3389 546 3424 effodiatur
561 3391 729 3424 altitudine
753 3391 936 3424 cubitorum
961 3390 1055 3423 trium
1068 3415 1077 3431 ,
1093 3390 1124 3422 in
1148 3399 1214 3432 quo
1235 3399 1292 3422 vas

238 3448 431 3482 subversum
457 3452 606 3490 ponatur,
621 3451 654 3483 et
668 3451 902 3492 circumpositis
927 3450 1122 3483 arundinum
1140 3448 1223 3482 foliis
1242 3449 1291 3482 vi-

242 3507 364 3540 ridibus
372 3531 382 3548 ,
392 3508 446 3541 aut
457 3508 518 3541 alia
528 3508 679 3550 quapiam
690 3509 786 3543 herba
795 3533 805 3551 ,
820 3518 930 3543 rursus
945 3509 985 3542 ad
1000 3508 1099 3541 cubiti
1108 3516 1290 3542 mensuram

1350 407 1471 460 ὄρθρου
1492 408 1597 446 πάλιν
1617 407 1857 458 ἀπαμήσαντα
1878 407 1940 454 τὴν
1960 411 2038 459 γῆν,
2066 407 2124 446 καὶ
2156 411 2223 447 τῶν
2246 410 2399 460 βοτανῶν

1352 466 1521 520 ἀφελόντα
1535 466 1686 520 πραέως,
1697 466 1911 519 ἀναστρέψαι
1925 466 2114 519 τὸάγγεῒον
2129 467 2189 505 καὶ
2203 469 2399 507 κατανοεῖν.

1350 529 1461 578 545.
1486 526 1573 566 Ἐὰν
1606 526 1673 579 γὰρ
1704 520 1770 566 ὦσι
1800 526 1934 578 πηγαί,
1965 527 2026 575 τό,
2061 543 2099 566 τε
2130 527 2219 579 ἔριον
2248 527 2403 579 εὑρήσεις

1351 587 1481 638 πλῆρες
1508 585 1650 632 ὕδατος,
1676 586 1735 636 καὶ
1754 585 1793 623 τὸ
1826 589 1962 637 ἀγγεῖον
1994 586 2121 635 μεστὸν
2152 585 2402 638 πομφολύγων·

1352 644 1508 692 συνήσεις
1529 645 1564 682 δὲ
1584 644 1644 683 καὶ
1664 645 1760 683 ποῖόν
1776 660 1810 682 τι
1829 645 1868 684 τὸ
1882 644 1974 697 ὕδωρ
1990 644 2140 696 ὑπάρχει
2151 674 2161 691 ,
2175 647 2234 683 τοῦ
2251 646 2404 682 ἀποπιε-

1353 703 1486 747 σθέντος
1495 704 1533 741 ἐκ
1540 706 1598 741 τοῦ
1609 704 1744 754 μαλλοῦ
1753 702 1977 755 γευσάμενος.
1989 704 2011 754 5
2022 709 2084 742 46.
2101 705 2148 741 Εὖ
2155 702 2270 754 ρήσεις
2287 701 2404 753 μέντοι

1352 761 1391 800 τὸ
1422 760 1630 801 ἀποπιεσθὲν
1648 763 1686 800 ἐκ
1705 766 1765 800 τοῦ
1786 762 1922 813 μαλλοῧ
1953 761 2161 815 γλυκύτερον
2181 764 2243 807 τ’ἤς
2267 763 2403 812 πηγῆς,

1353 820 1410 859 διὰ
1422 821 1460 859 τὸ
1470 820 1792 873 λεπτομερέστατον
1806 820 1866 858 καὶ
1884 820 2116 874 ἐλαφρότατον
2129 821 2402 869 ἀναθυμιᾶσθαι.

1353 881 1375 931 S
1396 888 1461 921 47.
1494 879 1563 919 Καὶ
1583 880 1663 933 περὶ
1682 878 1743 929 μὲν
1764 879 2017 931 ὓδροσκοπικῆς
2043 877 2223 930 αὐτάρκως
2252 877 2402 931 εἴρηται.

1354 935 1548 991 (Gedpon.
1571 938 1642 979 lib.
1665 938 1703 976 11
1720 952 1805 991 cap.
1822 938 1902 990 Vl.)

1406 1012 1436 1038 3.
1469 996 1671 1050 Ἀγίγαρτον
1705 997 1884 1050 σταφυλήν
1913 1011 2001 1040 τινες
2031 994 2122 1034 οὕτω
2149 998 2301 1035 ποιοῦσι.
2329 997 2404 1034 Τοῦ

1352 1055 1530 1106 κλήματος
1560 1054 1746 1106 μέλλοντος
1774 1054 1981 1110 φυτεύεσθαι
2011 1058 2172 1093 τοσοῦτον
2204 1054 2306 1106 μέρος
2327 1054 2404 1092 ὅσον

1353 1116 1399 1157 εἷς
1419 1114 1480 1162 τὴν
1501 1129 1564 1163 γην
1595 1113 1760 1165 μέλλουσι
1780 1112 2067 1166 καταγωννύναι,
2095 1116 2256 1151 τοσοῦτον
2287 1113 2404 1164 ἠρέμα

1353 1172 1432 1216 ἐξ
1419 1188 1493 1211 ισου
1528 1173 1712 1234 σχίσαντες
1745 1171 1852 1220 αὐτό,
1873 1172 2084 1224 ὠτογλυφίοι
2114 1188 2177 1218 την
2206 1171 2405 1224 ἐντεριώνην

1352 1231 1604 1281 λαμὸάνουσιν,
1627 1235 1701 1270 εἶτα
1718 1231 1885 1284 παπυρίῳ
1912 1233 2006 1284 ὑγρῶ
2025 1230 2275 1283 περιδήσαντες
2294 1246 2407 1269 κατα-

1353 1290 1515 1329 τίθενται.
1540 1290 1691 1329 Κάλλιον
1714 1289 1775 1338 δέ,
1799 1292 1828 1328 εἷ
1847 1290 1926 1328 ὅλον
1949 1290 1988 1328 τὸ
2015 1290 2117 1341 μέρος
2137 1306 2196 1328 του
2229 1289 2408 1339 κλήματος

1352 1348 1392 1387 τὸ
1422 1347 1481 1387 ἐπὶ
1507 1351 1569 1395 τῆς
1596 1350 1660 1399 γῆς
1689 1348 1974 1400 κατατιθέμενον,
2004 1349 2146 1395 σκίλλης
2176 1347 2407 1397 ἐμὸληθείσης

1354 1407 1582 1458 κατατεθείη,
1601 1408 1686 1461 πρὶς
1705 1407 1771 1461 γὰρ
1791 1411 1834 1460 τῇ
1852 1408 1951 1461 φύσει
1967 1408 2027 1447 καὶ
2047 1411 2089 1459 τῇ
2108 1407 2227 1446 ἑνώσει
2241 1410 2263 1454 ἡ
2280 1406 2407 1445 σκίλλα

1355 1467 1611 1517 συμὸάλλεται.
1646 1466 1765 1506 Ἄλλοι
1791 1467 1827 1506 δὲ
1856 1467 1961 1512 αὐτὰς
1980 1467 2042 1511 τὰς
2063 1466 2240 1518 ἀμπέλους
2258 1465 2319 1510 τὰς
2338 1465 2405 1514 ἤδη

1354 1526 1639 1580 καρποφορούσας
1657 1526 1823 1578 τέμνουσι
1839 1526 1898 1565 καὶ
1918 1525 2128 1578 ὼτογλυφίδι
2147 1529 2208 1582 τοῦ
2229 1541 2404 1578 καρποφο·

1356 1589 1490 1635 ροῧντος
1522 1584 1700 1633 κλήματος
1731 1584 1792 1632 τὴν
1814 1585 2019 1637 ἐντεριώνην
2047 1583 2305 1635 λαμὸάνουσιν,
2327 1584 2406 1624 ὅσον

1354 1643 1517 1682 δύνανται
1538 1645 1577 1682 ἐκ
1600 1643 1746 1696 βάθους,
1769 1644 1808 1682 οὗ
1841 1643 2086 1696 διασχίσαντες
2120 1642 2159 1681 τὸ
2189 1644 2332 1694 κλῆμα,
2362 1646 2408 1687 ὡς

1355 1703 1638 1755 προδεδήλωται,
1659 1703 1748 1741 ἀλλὰ
1769 1702 1930 1755 ἀκέραιον
1947 1702 2131 1749 ἐάσαντες,
2151 1701 2210 1740 καὶ
2231 1700 2315 1741 ὀπὸν
2338 1703 2409 1741 Κυ-

1355 1761 1517 1814 ρηναϊκὸν
1538 1761 1673 1805 ἀνέντες
1689 1760 1808 1808 ὕδατι,
1828 1761 1889 1800 καὶ
1908 1763 1955 1805 εἷς
1973 1760 2088 1813 πάχος
2105 1759 2284 1814 ἑψήματος
2303 1759 2406 1805 ποιή-

1353 1834 1474 1863 σαντες
1494 1819 1783 1871 ἐγχυματίζουσι,
1805 1819 1864 1858 καὶ
1886 1819 2142 1872 ἀνορθώσαντες
2162 1818 2205 1858 τὰ
2238 1818 2405 1869 κλήματα

1352 1878 1436 1932 πρὸς
1465 1878 1627 1931 χάρακας
1658 1879 1926 1929 ἀναδεσμοῧσιν,
1955 1877 2011 1916 ἵνα
2041 1880 2090 1927 μὴ
2125 1880 2142 1916 ὅ
2170 1877 2253 1921 ὀπὸς
2283 1881 2404 1930 ἐκρυῇ.

1356 1937 1459 1977 Κατὰ
1490 1938 1526 1977 δὲ
1555 1936 1647 1975 ὀκτὼ
1677 1937 1813 1990 ἡμέρας
1850 1937 1910 1977 τὸν
1942 1937 2026 1977 ὀπὸν
2059 1938 2329 1989 ἐγχυματίζουσι
2357 1940 2408 1988 τῷ

1355 2212 1439 2241 terra
1460 2210 1639 2249 aggeratur.
1670 2208 1705 2240 ld
1731 2208 1834 2249 ipsum
1854 2217 1931 2240 vero
1954 2208 2021 2240 sole
2039 2207 2203 2240 occidente
2227 2207 2407 2240 faciendum

1354 2271 1412 2307 est,
1429 2276 1522 2299 mane
1533 2276 1609 2299 vero
1621 2275 1732 2299 rursus
1743 2268 1826 2299 terra
1835 2267 1996 2299 auferatur
2004 2269 2035 2299 et
2050 2266 2157 2298 herbis
2171 2267 2282 2298 leniter
2291 2265 2408 2298 amotis

1353 2336 1412 2360 vas
1425 2327 1600 2359 invertatur
1613 2335 1650 2359 ac
1658 2326 1887 2359 consideretur.
1901 2327 1932 2359 Si
1944 2326 2027 2358 enim
2044 2325 2161 2358 fuerint
2175 2325 2287 2364 fontes,
2301 2325 2406 2357 lanam

1355 2386 1482 2427 plenam
1501 2393 1593 2426 aquae
1612 2384 1748 2425 reperies
1763 2386 1796 2416 et
1811 2384 1979 2416 vasculum
1999 2384 2127 2424 p'enum
2146 2382 2306 2414 bullarum
2323 2394 2331 2414 ι
2348 2389 2403 2413 cc-

1353 2454 1488 2488 gnosces
1507 2447 1614 2478 autem
1626 2446 1659 2478 et
1676 2445 1778 2487 qualis
1793 2445 1860 2485 ipsa
1874 2453 1957 2485 aqua
1971 2444 2029 2484 sit,
2045 2443 2070 2475 si
2084 2452 2122 2475 ex
2140 2443 2210 2475 lana
2222 2450 2406 2483 expressam

1354 2505 1541 2546 gustaveris.
1563 2504 1711 2546 Reperies
1739 2507 1845 2536 tamen
1873 2507 2053 2544 expressam
2079 2511 2116 2534 ex
2139 2502 2212 2533 lana
2228 2500 2406 2533 dulciorem

1354 2564 1421 2605 ipso
1440 2564 1543 2604 fonte,
1559 2564 1724 2604 propterea
1741 2561 1828 2603 quod
1844 2561 2067 2594 tenuissimum
2082 2562 2114 2592 et
2131 2560 2333 2592 levissimum
2354 2568 2408 2590 ex-

1354 2622 1493 2655 halatur.
1520 2624 1558 2654 tit
1573 2621 1613 2654 de
1638 2630 1732 2663 aquae
1756 2620 1886 2662 quidem
1910 2620 2151 2661 investigatione
2179 2619 2256 2651 satis
2284 2618 2407 2650 dictum

1353 2683 1412 2714 est.

1396 2742 1426 2772 3.
1452 2741 1560 2772 Uvam
1584 2738 1653 2771 sine
1678 2737 1820 2770 vinaceis
1841 2737 1972 2780 quidam
2000 2738 2046 2770 sic
2068 2737 2199 2769 faciunt.
2228 2736 2406 2775 Sarmenti,

1354 2797 1440 2838 quod
1454 2796 1626 2838 plantaturi
1639 2797 1725 2836 sunt,
1738 2797 1860 2828 tantam
1875 2797 1998 2838 partem
2010 2797 2129 2837 quanta
2144 2797 2227 2827 terra
2240 2794 2407 2827 obruenda

1353 2858 1402 2888 est
1413 2856 1524 2888 leniter
1534 2864 1572 2888 ex
1587 2863 1681 2896 aequo
1696 2855 1822 2887 findunt
1837 2856 1870 2888 et
1883 2854 2074 2896 auriscalpio
2092 2853 2265 2886 medullam
2276 2862 2406 2886 omnem

1353 2916 1514 2954 eximunt,
1534 2914 1648 2947 deinde
1665 2923 1784 2956 papyro
1803 2914 1934 2947 humida
1950 2913 2125 2954 obligatum
2142 2914 2339 2945 sarmentum
2356 2911 2407 2944 dc-

1354 2974 1488 3014 ponunt.
1509 2973 1646 3006 Praestat
1663 2975 1790 3013 tamen,
1810 2976 1910 3005 totam
1936 2972 2091 3004 sarmenti
2118 2972 2258 3013 partem,
2282 2979 2356 3012 quae
2374 2970 2406 3002 in

1354 3034 1436 3065 terra
1463 3031 1644 3074 deponitur,
1661 3031 1749 3064 scilla
1771 3032 1886 3072 injecta
1911 3031 2070 3073 deponere
2093 3039 2102 3062 ε
2125 3030 2214 3062 scilla
2233 3028 2316 3062 erim
2337 3031 2406 3061 tum

1352 3091 1392 3123 ad
1408 3090 1623 3132 generandum
1637 3091 1707 3124 tum
1721 3090 1762 3123 ad
1775 3089 2034 3131 conjungendum
2048 3089 2141 3121 valet.
2157 3088 2216 3121 Alii
2229 3088 2310 3129 ipsas
2323 3087 2406 3120 vites

1350 3149 1416 3190 jam
1435 3149 1614 3182 fructiferas
1640 3148 1787 3182 incidunt
1811 3150 1843 3182 et
1870 3148 2025 3181 sarmenti
2052 3147 2205 3180 fructiferi
2231 3146 2405 3186 medullam

1351 3210 1538 3252 auriscalpio
1562 3210 1700 3252 tollunt,
1715 3211 1874 3252 quantum
1894 3210 1960 3242 lieri
1978 3210 2081 3251 potest
2103 3217 2173 3240 eam
2191 3216 2233 3240 ex
2252 3207 2318 3239 alto
2336 3206 2405 3238 exi·

1331 3310 1332 3313 Ἰ
1354 3272 1493 3312 mentes,
1509 3272 1672 3304 sarmento
1687 3280 1751 3303 non
1765 3270 1839 3303 fisso
1850 3294 1859 3311 ,
1874 3273 1910 3302 ut
1927 3271 1976 3302 est
1994 3269 2189 3309 indicatum,
2211 3266 2266 3300 sed
2284 3267 2404 3307 integro

1352 3331 1518 3371 manente,
1535 3331 1569 3363 et
1587 3330 1695 3363 laseris
1713 3329 1878 3372 Cyrenaici
1904 3338 2038 3362 succum
2055 3337 2137 3369 aqua
2160 3325 2348 3359 dissolutum
2370 3327 2403 3357 et

1351 3389 1390 3421 ad
1408 3398 1494 3431 sapae
1511 3387 1750 3430 spissitudinem
1768 3388 1932 3420 redactum
1951 3386 2142 3424 infundunt,
2161 3386 2194 3418 et
2212 3384 2318 3416 erecta
2335 3391 2402 3415 sar·

1352 3450 1459 3481 menta
1479 3448 1519 3480 ad
1538 3446 1653 3480 ridicas
1666 3446 1813 3488 alligant,
1830 3455 1868 3479 ne
1882 3447 1997 3478 succiis
2012 3445 2131 3477 effluat.
2147 3442 2269 3476 Deinde
2292 3443 2401 3474 autem

1352 3508 1466 3540 octavo
1489 3515 1619 3548 quoque
1640 3506 1692 3539 die
1706 3514 1840 3538 succum
1858 3505 1992 3537 eundem
2018 3502 2179 3535 sarmento
2207 3499 2400 3540 infundunt,
