2612 3814
291 213 362 248 144

286 606 338 632 2⁴5

292 1722 346 1748 250

1231 198 1522 239 EPICHARMI

419 276 582 331 (Athen.
601 277 654 322 11,
678 274 728 312 68
747 273 811 323 F.)

1047 348 1184 389 Μάκο)ν
1190 377 1262 388 .....

371 412 515 499 μάραθα
536 410 683 464 τραχέες
708 426 746 449 τε
774 409 919 462 κάκτοι,
948 411 1028 455 τους
1049 408 1110 448 συν
1131 409 1251 453 ἄλλοις
1280 407 1344 459 μὲν

1193 468 1208 520 [
1221 473 1345 523 φαγεῖν

365 532 440 571 ἐστι
453 531 633 584 λαχάνοις.
649 532 696 575 εἰς
713 531 752 569 τὸ
778 536 858 569 πῖον
877 529 961 569 αἴκα
975 546 1026 573 τις
1043 528 1206 582 ἐντρίψας
1226 529 1346 571 καλῶς

366 595 521 645 παρτιθῇ
535 607 603 639 νιν,
622 590 705 635 ἁδύς
720 590 804 639 ἐστ’,
816 591 919 634 αὐτὸς
937 589 966 628 δ’
984 589 1036 643 ἐφ’
1052 591 1158 628 αὑτοῦ
1172 587 1342 640 χαιρέτω.

420 653 581 705 (Athen.
612 654 663 699 II,
686 665 735 700 70
758 654 799 690 F.
817 653 880 689 Vs.
905 650 979 694 243
998 649 1049 688 τοὶ
1067 648 1128 687 σὺν
1147 649 1266 690 ἄλλοις
1284 646 1347 697 μὲν

367 716 504 765 φαγεῖν.
525 715 587 751 Vs,
606 716 682 756 244
705 708 1010 762 ἐντὶ-ἐκτρίψας.
1031 711 1094 747 VS.
1125 708 1200 752 245
1233 721 1348 755 παρα-

366 774 445 824 ἰ-ιθῆῗΙ
466 787 542 819 νιν,
560 770 644 815 ἁδύς
668 772 783 822 ἐστιν,
807 769 910 814 αὐτὸς
930 768 961 807 δ’
982 769 1038 806 ἐπ’
1061 769 1182 806 αὐτοῦ.
1205 770 1345 804 Emen-

370 833 462 870 dare
478 833 607 869 locum
622 832 700 879 jam
718 843 914 880 aggressus
925 836 1005 866 erat
1016 828 1262 866 Casaubonus
1280 828 1345 876 qui

369 890 534 943 ἐντρίψας
554 898 593 927 et
609 890 662 941 ἐφ’
685 890 790 926 αὑτοῦ
810 889 958 938 scripsit
975 899 986 938 3
1002 893 1135 924 caetera
1153 887 1347 923 sententiae

370 952 643 988 convenienter
655 947 804 987 reflnx‘.
825 945 836 998 )

368 1027 573 1080 Θρίδακας,
604 1025 754 1073 ἐλάταν,
774 1026 914 1076 σχῖνον,
941 1022 1152 1077 ῥαφανῖδας,
1188 1022 1350 1066 κάκτους.

425 1104 592 1155 (Athen.
613 1103 666 1149 II,
686 1115 730 1150 71
756 1099 832 1154 A.)

371 1187 417 1227 ‘O
435 1185 472 1225 δέ
488 1202 538 1229 τις
550 1184 695 1238 ἀγρόθεν
714 1183 805 1223 ἔοικε
821 1182 964 1236 μάραθα
976 1182 1037 1222 καὶ
1051 1182 1202 1227 κάκτους
1220 1183 1351 1236 φέρειν,

370 1248 493 1302 ἴφυον,
516 1245 676 1284 λάπαθον
693 1273 705 1292 ,
731 1243 953 1297 ὂπόφυλλον,
969 1242 1173 1296 σκορόδιον,
1204 1243 1324 1296 σέριδα
1337 1272 1349 1289 ,

373 1307 566 1355 δάκτυλον,
585 1302 930 1358 πτέριν.....κάκτον,
953 1302 1156 1356 ὀνόπορδον.
1190 1326 1192 1328 »

426 1391 590 1442 (Athen.
610 1391 664 1439 11,
686 1403 730 1437 71
761 1393 810 1427 A.
845 1391 904 1427 Vs.
921 1387 1108 1438 248-249
1129 1385 1327 1438 ὄπόφυλλον
1342 1415 1352 1434 ,

371 1447 781 1503 σκορόδων-δάκτυλον
806 1448 896 1485 dedi
931 1460 978 1484 ex
1005 1448 1182 1484 Ahrensii
1215 1446 1349 1494 conje-

372 1519 481 1549 ctura
502 1523 576 1559 pro
595 1509 911 1546 membranarum
935 1506 1165 1543 lectionibus
1186 1504 1356 1543 ὀτόστυλ-

374 1571 435 1607 λον
448 1599 459 1619 ‚
478 1566 885 1619 σκολιον-δράκτυλον,
905 1567 978 1604 Sed
999 1566 1094 1615 quid
1113 1566 1162 1603 ad
1175 1578 1353 1603 versuum

373 1631 633 1680 integritatem
658 1628 773 1674 desit,
791 1626 1004 1663 admodum
1021 1626 1184 1662 dubium
1201 1632 1271 1663 est.
1286 1623 1297 1677 )

373 1707 431 1748 Τὰ
450 1706 520 1760 πρὸ
538 1710 599 1745 τοῦ
620 1704 672 1743 δύ’
697 1703 819 1757 ἄνδρες
839 1703 979 1756 ἔλέγον,
996 1697 1043 1747 εἷς
1061 1703 1151 1754 ἐγὼν
1171 1701 1353 1755 ἀποχρέω.

429 1793 443 1842 (
460 1793 599 1829 Athen.
621 1792 708 1841 VII,
728 1789 803 1827 308
821 1791 864 1837 C,
883 1797 921 1827 et
936 1790 1043 1834 VIII,
1067 1789 1142 1826 362
1160 1790 1208 1827 D.
1226 1787 1238 1839 )

374 1868 482 1908 Ἀλλὰ
500 1867 562 1907 καὶ
577 1869 680 1919 σιγῆν
695 1865 824 1919 ἀγαθόν
841 1896 852 1916 ,
875 1865 965 1905 ὅκκα
987 1865 1156 1920 παρέοντι
1172 1862 1354 1918 καῤῥόνες.

431 1944 598 1999 (Athen.
613 1946 720 1993 VIII,
740 1945 815 1983 363
833 1946 874 1982 F.
895 1944 906 1995 )

377 2021 555 2075 Σκώπας,
578 2020 713 2066 ἐπόπας
726 2051 737 2073 ,
755 2019 924 2072 γλαύκας.

433 2097 444 2151 (
461 2099 600 2137 Athen.
620 2100 695 2145 IX,
719 2098 791 2147 391
811 2097 886 2146 D.)

377 2175 469 2220 Νόος
489 2177 552 2228 ὁρῇ
572 2174 632 2214 καὶ
653 2173 729 2219 νόος
749 2172 884 2213 ἀκούει·
903 2172 1016 2212 τᾶλλα
1033 2171 1137 2227 κωφὰ
1151 2171 1211 2210 καὶ
1228 2170 1359 2225 τυφλά.

435 2255 652 2311 (Plutarch.
676 2255 829 2292 Morall.
849 2267 887 2304 p.
905 2254 956 2303 98
984 2256 1026 2300 B,
1043 2253 1119 2291 336
1141 2253 1186 2300 B,
1212 2254 1287 2302 961
1312 2255 1361 2299 A,

384 2318 572 2365 multique
592 2316 671 2352 alii.
693 2315 818 2364 Vulgo
834 2316 913 2356 νοῦς
927 2315 1005 2365 ὁρᾷ.
1023 2313 1033 2363 )

381 2387 419 2426 ‘A
434 2385 470 2425 δὲ
489 2386 566 2438 χεὶρ
584 2385 649 2424 τὰν
663 2390 768 2438 χεῖρα
782 2383 867 2430 νίζει
880 2400 888 2409 ·
902 2383 958 2428 δός
970 2400 1023 2432 τι,
1038 2385 1131 2437 κῶρε
1145 2413 1157 2435 ,
1177 2382 1238 2422 καὶ
1255 2381 1357 2422 λάὸε.

438 2464 723 2516 (Pseudoplato
743 2463 909 2501 Axioch.
927 2476 969 2511 p.
991 2461 1067 2499 366
1086 2460 1132 2508 C,
1155 2463 1223 2512 qui
1246 2461 1364 2498 habet

385 2523 441 2566 δός
461 2538 494 2560 τι
515 2521 574 2560 καὶ
595 2520 683 2560 λάὸε
702 2537 750 2559 τι.
770 2523 897 2570 Quare
920 2523 1061 2558 inserto
1084 2521 1178 2571 κῶρε
1198 2529 1237 2558 et
1254 2519 1362 2568 abje-

385 2589 448 2620 cto
478 2584 598 2618 altero
630 2596 664 2618 τι
701 2594 854 2618 versum
891 2581 1153 2630 redintegrare
1194 2588 1354 2617 conatus

1063 2693 1209 2732 Papaver
1212 2713 1277 2724 .....

1379 285 1387 322 l

1407 538 1460 564 255

1420 1938 1475 1963 260

1485 282 1582 307 sum.
1609 268 1683 306 Sed
1710 268 1881 305 Stobaeus
1900 268 2006 305 Flor.
2034 267 2087 312 X,
2114 265 2175 313 13,
2197 265 2246 310 34
2268 266 2465 315 posterio-

1487 341 1568 366 rem
1589 335 1740 377 partem
1758 328 1813 364 sic
1831 327 1987 364 exhibet
2009 338 2020 362 .·
2043 323 2101 368 δός
2126 340 2161 362 τι
2177 323 2239 362 καὶ
2258 322 2381 371 λᾴὸοις
2404 338 2462 375 τι,

1487 387 1591 425 unde
1611 386 1792 435 conjicias
1814 387 2087 437 Epicharmum
2107 385 2295 434 scripsisse
2319 398 2331 422 ε
2355 381 2412 428 δός
2429 398 2464 421 τι

1489 444 1550 484 καὶ
1568 444 1692 489 λάθοις
1709 460 1766 496 τι,
1784 445 1862 484 παῖ.
1883 447 1935 483 At
1952 446 2063 496 prior
2088 446 2190 482 ratio
2210 450 2383 494 praestat.
2400 442 2413 493 )

1489 522 1599 577 Νᾶφε
1628 522 1690 560 καὶ
1717 521 1876 576 μέμνασ’
1911 523 2095 561 ἀπιστεῖν·
2122 520 2234 575 ἄρθρα
2263 523 2376 558 ταῦτα
2405 524 2470 558 τᾶν

2288 579 2469 633 [φρενῶν.

1544 653 1721 707 (Polyb.
1761 655 1906 700 XVIII,
1943 653 2009 700 23,
2050 658 2101 699 4;
2138 654 2214 690 1)ἰο
2274 652 2470 701 Chrysost.

1488 715 1665 760 LXXIV,
1684 726 1726 764 p.
1739 712 1817 750 636
1832 712 1895 751 ed.
1909 713 2080 762 Morell.;
2093 711 2231 752 Cicero
2246 711 2297 748 ad
2311 711 2428 748 Attio.
2441 709 2475 756 1,

1495 787 1541 823 19
1560 781 1632 813 etc.
1648 773 1660 823 )

1491 845 1572 884 Τῶν
1594 842 1711 882 πόνων
1732 843 1910 882 πωλοῦντι
1931 841 2048 880 πάντα
2064 840 2188 893 τάγάθ’
2213 840 2298 892 ἁμὶν
2318 841 2373 881 τοὶ
2386 840 2473 880 θεοί.

1546 905 1753 955 (Xenoph.
1786 904 2000 942 Memorab.
2029 905 2082 950 ΙΙ,
2118 915 2153 948 1,
2196 915 2273 950 2o;
2304 902 2477 940 Stobaeus

1491 965 1598 1003 Flor.
1617 964 1650 1010 I,
1676 977 1762 1010 101,
1782 964 1899 1013 vulgo
1927 964 1998 1001 τῶν
2030 960 2146 1000 πόνων
2178 961 2360 1000 πωλοῦσιν
2387 959 2476 1011 ἡμῖν

1491 1022 1610 1062 πάντα
1626 1022 1752 1074 τάγάθ’
1770 1023 1801 1062 οἱ
1822 1020 1935 1074 θεοί.)

1492 1087 1546 1134 Ὠ
1558 1093 1689 1147 πονηρὲ
1705 1092 1754 1145 μὴ
1774 1092 1818 1132 τὰ
1831 1091 1977 1144 μαλακὰ
1991 1094 2107 1143 μῶσο,
2117 1090 2168 1142 μὴ
2181 1089 2226 1130 τὰ
2242 1089 2367 1144 σκλήρ’
2378 1089 2477 1175 ἔχῃς.

1550 1167 1795 1221 (Xenophon
1810 1174 1849 1204 et
1867 1166 2039 1204 Stobaeus
2058 1161 2305 1215 1.ο.μώεο.)

1496 1240 1563 1281 Ἐκ
1583 1239 1751 1284 διαὸολᾶς
1765 1241 1888 1291 μῶμος
1905 1237 2062 1291 ἐγένετο,
2079 1237 2212 1276 πολλοῦ
2233 1236 2264 1274 δ’
2286 1236 2326 1275 ἐκ
2347 1233 2475 1287 μώμου

1824 1351 1833 1363 ,
2340 1293 2478 1349 [edw-

1556 1372 1733 1420 (Versum
1764 1369 1943 1411 finximus
1971 1382 2017 1406 ex
2050 1369 2210 1406 Aristot.
2245 1367 2294 1405 de
2332 1367 2474 1405 Gener.

1500 1432 1655 1468 animal.
1673 1430 1707 1477 I,
1725 1430 1772 1468 18
1793 1441 1803 1469 :
1824 1427 1891 1472 Ὦς
1908 1427 2136 1481 Ἐπίχαρμος
2147 1428 2240 1465 ποιεῖ
2253 1425 2317 1475 τὴν
2337 1427 2478 1464 ἐποικο-

1499 1488 1648 1540 δόμησιν
1662 1519 1673 1539 ,
1695 1489 1735 1527 ἐκ
1751 1490 1815 1536 τ’ἧς
1839 1486 2007 1534 διαὸολῆς
2020 1489 2043 1535 ἡ
2062 1485 2248 1540 λοιδορία,
2266 1486 2306 1525 ἔκ
2333 1484 2370 1524 δὲ
2390 1484 2480 1524 ταύ-

1497 1564 1559 1596 της
1573 1550 1596 1595 ἡ
1613 1547 1731 1601 μάχη.
1755 1549 1811 1588 Cf.
1827 1549 1941 1586 Rhet.
1961 1547 1997 1595 Ι,
2017 1561 2038 1595 7
2060 1554 2098 1585 et
2115 1547 2289 1597 Metaph.
2307 1546 2373 1595 IV,
2393 1543 2475 1594 24.)

1500 1613 1646 1669 Ἀρτίως
1666 1629 1705 1653 τε
1729 1613 1799 1667 γὰρ
1827 1612 1991 1652 λελέκται
2021 1610 2144 1656 κεύθὺς
2177 1613 2215 1651 οὗ
2247 1611 2366 1655 καλῶς
2397 1609 2480 1664 ἔχον

1501 1673 1679 1729 φαινέται.

1558 1734 1738 1785 (Aristot.
1756 1734 1925 1784 Metaph.
1946 1734 2042 1780 XII,
2060 1745 2085 1782 9
2100 1745 2188 1782 pag.
2212 1729 2328 1778 1086,
2350 1742 2396 1777 a,
2417 1729 2482 1768 ed.

1499 1796 1664 1834 Bekker.
1699 1792 1760 1832 καὶ
1789 1792 1916 1838 εὐθέως
1947 1791 2123 1846 φαίνεται.
2143 1791 2381 1842 Transposui
2402 1790 2484 1827 haec

1504 1868 1592 1892 cum
1615 1854 1818 1893 Ahrensio.
1836 1853 1848 1904 )

1503 1922 1631 1963 Θνατὰ
1649 1922 1721 1977 χρὴ
1744 1921 1802 1962 τὸν
1821 1920 1946 1962 θνατόν
1959 1952 1971 1971 ,
1998 1921 2060 1961 οὔκ
2089 1919 2248 1959 ἀθάνατα
2268 1917 2330 1958 τὸν
2358 1915 2482 1957 θνατὸν

2306 1977 2481 2031 [φρονεῖν.

1561 2056 1744 2107 (Aristot.
1769 2055 1886 2094 Rhet.
1916 2055 1981 2103 11,
2017 2065 2063 2090 21
2095 2052 2235 2089 omisso
2265 2057 2390 2101 poetae
2407 2062 2480 2087 no-

1502 2115 1645 2165 mine.)

1505 2186 1539 2224 Τ
1542 2183 1608 2223 όκα
1635 2183 1700 2236 μὲν
1722 2184 1758 2222 ἐν
1774 2183 1890 2231 τήνοις
1911 2181 1999 2235 ἐγὼν
2028 2176 2091 2232 ἧν,
2104 2181 2193 2222 τόκα
2222 2180 2258 2220 δὲ
2276 2179 2352 2234 πὰρ
2373 2178 2489 2228 τήνοις

2352 2239 2368 2291 [
2382 2237 2485 2292 ἐγών.

1563 2317 1754 2368 (Demetr.
1773 2318 1877 2354 Phal.
1901 2317 1948 2354 de
1968 2317 2074 2355 Eloc.
2094 2320 2160 2360 24.
2185 2312 2284 2367 παρὰ
2304 2312 2458 2364 τήνοις.)

1510 2390 1565 2428 Οὐ
1593 2387 1839 2440 φιλάνθρωπος
1865 2385 1941 2440 τόγ’
1964 2384 2056 2434 ἔπ’,
2082 2386 2175 2438 ἔχεις
2194 2383 2320 2433 νόσον,
2351 2383 2490 2437 χαίρεις

2324 2443 2340 2496 [
2355 2441 2486 2488 διδούς.

1566 2501 1786 2569 (Plutarch.
1829 2519 1977 2568 Poplic.
2017 2531 2048 2555 c.
2088 2516 2134 2554 15
2167 2523 2205 2554 et
2242 2516 2292 2553 de
2328 2516 2479 2554 Garrul-

1515 2592 1556 2628 p.
1576 2577 1652 2615 510
1669 2579 1738 2628 C.)

320 2650 2491 2665 Μ

1432 2689 1566 2723 sobrius
1594 2689 1639 2722 sis
1659 2691 1692 2722 et
1719 2688 1906 2722 memineris
1932 2687 2096 2728 diffiderc3
2122 2686 2212 2719 nervi
2247 2685 2280 2718 hi
2307 2690 2384 2718 sunt
2419 2694 2496 2728 pru-

311 2752 512 2786 marathrum
529 2753 561 2784 et
580 2759 672 2792 asper
689 2751 819 2792 cactus,
838 2760 935 2791 quem
948 2759 1023 2783 cum
1041 2751 1111 2784 aliis
1123 2751 1256 2793 quidem
1273 2750 1366 2784 edere

308 2811 452 2845 oleribus
464 2811 551 2843 licet.
567 2810 659 2852 Adipi
681 2810 707 2842 si
726 2810 798 2851 quis
815 2810 956 2860 interens
972 2810 1055 2844 hene
1076 2838 1078 2842 ,

309 2880 384 2904 eum
399 2871 558 2912 apponat,
573 2870 683 2903 suavis
702 2871 771 2910 est,
796 2869 865 2911 ipse
882 2879 959 2903 vero
972 2879 1028 2912 per
1043 2879 1078 2903 se
1100 2870 1217 2903 valeat.
1229 2890 1270 2897 —

308 2931 485 2970 Lactucas,
503 2929 607 2962 elaten
621 2953 630 2969 ‚
645 2928 768 2961 scillam
779 2952 789 2968 ,
809 2928 988 2970 raphanos,
1010 2930 1131 2961 cactos.
1144 2945 1188 2952 -

309 2989 371 3023 Hic
387 2991 498 3021 autem
512 2997 552 3020 ex
569 2996 644 3029 agro
659 2987 772 3020 afferre
785 2986 915 3019 videtur
933 2985 1122 3019 i'oeniculum
1135 3012 1144 3028 ‚
1168 2990 1279 3020 cactos
1295 3011 1305 3028 ,

310 3049 432 3090 iphyon
443 3072 455 3088 ‚
470 3047 634 3090 lapathum
645 3071 654 3085 ,
670 3046 821 3088 laserpitii
837 3055 965 3086 semen,
981 3047 1091 3079 allium
1104 3071 1114 3088 ,
1125 3047 1262 3080 seridem
1276 3071 1286 3087 ‚

311 3108 478 3149 dactylum
491 3132 501 3148 ‚
520 3107 638 3140 filicem
644 3131 706 3140 .....
711 3109 856 3147 caetum,
874 3106 1090 3147 onopordum.
1107 3123 1151 3130 —-

313 3169 395 3206 Qum
407 3170 502 3199 antea
521 3166 587 3198 duo
604 3166 665 3198 viri
686 3165 837 3198 dicebant
849 3189 857 3205 ,
871 3165 883 3207 [
896 3165 936 3197 ad
953 3166 1023 3198 haec
1039 3165 1271 3208 dicenda]ego
1288 3175 1373 3198 unus

1172 3224 1373 3267 [sufficio.—

315 3285 378 3318 Sed
393 3289 426 3318 et
441 3285 534 3318 silere
551 3285 629 3317 utile
643 3285 713 3324 est,
733 3283 864 3325 quando
881 3284 1120 3325 praestantiores
1138 3283 1266 3317 adsunt.
1281 3302 1323 3307 —

315 3345 450 3378 Asiones
461 3368 470 3384 ‚
492 3352 636 3386 upupas,
654 3345 801 3376 noctuas.
813 3363 855 3370 —

316 3404 408 3434 Mens
431 3401 519 3434 videt
531 3425 541 3442 ,
561 3410 651 3434 mens
672 3400 781 3441 audit,
797 3400 920 3442 reliqua
933 3403 1010 3434 sunt
1026 3400 1123 3433 surda
1136 3402 1168 3434 et
1187 3410 1283 3435 caeca.
1302 3423 1342 3430 —

316 3464 431 3496 Manus
447 3471 578 3495 manum
595 3463 699 3504 lavat3
722 3463 761 3494 da
776 3461 893 3504 aliquid
904 3485 913 3503 ‚
930 3471 1020 3504 puer,
1038 3462 1071 3495 et
1086 3461 1207 3504 accipe.
1221 3480 1264 3487 -—

2286 2744 2442 2786 [dentiae.
2452 2764 2495 2772 -

1432 2807 1614 2841 Laboribus
1626 2808 1735 2841 omnia
1752 2808 1835 2840 bona
1851 2806 1946 2839 nobis
1962 2806 2006 2839 dii
2029 2805 2186 2839 vendunt.
2202 2822 2245 2851 —3

1434 2869 1461 2900 0
1479 2866 1645 2909 improbe,
1657 2867 1723 2899 noli
1743 2866 1853 2898 mollia
1867 2864 2041 2906 aucupari,
2061 2872 2103 2897 ne
2117 2863 2200 2895 dura
2218 2861 2497 2897 tibiaccidant.-·

1370 2955 1377 2961 .
1434 2929 1461 2960 E
1483 2926 1646 2960 calumnia
1677 2927 1750 2959 orta
1771 2926 1821 2959 est
1841 2923 2050 2967 reprehensio
2072 2923 2228 2965 gravique
2254 2930 2293 2954 ex
2319 2921 2495 2963 reprehen-

2207 2981 2318 3024 [sione
2334 2989 2496 3023 pugna.—

1435 3048 1544 3086 Quum
1566 3046 1708 3088 primum
1731 3044 1819 3078 enim
1841 3043 1965 3077 dictum
1986 3043 2059 3084 est,
2080 3041 2191 3076 statim
2209 3041 2289 3074 illud
2318 3049 2384 3072 non
2406 3041 2496 3072 recte

2296 3099 2356 3142 [se
2376 3099 2495 3132 habere

1435 3174 1452 3199 a
1499 3165 1634 3198 aret.-

1436 3175 1583 3258 tvl‘gtatia
1618 3223 1746 3266 oportet
1769 3222 1957 3262 mortalem,
1987 3230 2052 3254 non
2083 3219 2279 3253 immortalia
2319 3217 2493 3251 mortalem

2293 3277 2306 3321 [
2319 3285 2443 3320 sapere.
2452 3294 2492 3300 —

1437 3343 1617 3386 Aliquando
1630 3341 1764 3384 quidem
1780 3341 1868 3374 inter
1886 3340 1959 3374 illos
1981 3348 2069 3373 eram
2081 3363 2091 3381 ,
2107 3338 2284 3381 aliquando
2304 3346 2383 3370 vero
2406 3335 2493 3378 apud

2327 3396 2340 3439 [
2357 3395 2441 3429 illos.
2453 3414 2495 3423 —

1404 3472 1410 3487 ·
1435 3464 1508 3496 Non
1522 3462 1684 3496 humanus
1697 3464 1730 3495 tu
1742 3460 1873 3504 quidem
1885 3468 1931 3501 οε,
1950 3458 2063 3492 morbo
2077 3458 2216 3500 laboras,
2229 3456 2365 3490 libenter
2378 3455 2505 3489 das.--⁵
