2612 3814
334 254 409 288 ³48

411 350 492 374 σται
512 334 571 373 καὶ
589 332 766 381 ἀνακηόής
789 334 879 373 ἐστι·
895 332 930 377 ὃς
945 332 972 372 δ’
992 331 1033 372 ἂν
1056 332 1155 380 δίκης
1173 331 1302 384 ἀλογέῃ
1320 330 1381 369 καὶ

1284 239 1573 281 DEMOCRITI

1579 325 1710 380 (Stob.
1747 327 1849 368 rior.
1864 326 1955 378 xu,
1982 326 2060 379 13.)

409 394 452 432 τὰ
469 392 645 447 χρηέοντα
676 393 727 445 μὴ
766 393 870 446 ἔρδῃ,
899 392 1013 447 τούτῳ
1045 392 1163 432 πάντα
1189 390 1234 429 τὰ
1262 390 1379 428 τοιάδε
1449 386 1695 440 1111.“Όρκους,
1707 385 1786 431 τοὺς
1812 384 1991 427 ποιέονται
2018 387 2053 425 ἐν
2090 384 2266 438 ἀνάγκῃσι
2292 384 2428 433 ἐόντες,
2457 384 2501 423 οὗ

411 453 566 508 ἀτερπέα
588 453 676 501 ἐστί,
703 451 786 492 ὅταν
817 468 875 491 τευ
906 453 1137 504 ἀναμνησθῇ,
1170 449 1230 490 καὶ
1252 449 1385 488 δέδοικε

412 513 471 553 καὶ
505 513 632 552 ἑωυτὸν
664 512 809 558 κακίζει.

465 571 593 625 (Stob.
617 571 699 611 Ecl.
724 571 802 611 eth.
823 571 874 618 II,
901 584 942 621 9,
965 571 1027 622 31).
1052 568 1157 621 408.)

334 645 398 672 no.
417 628 534 672 Ἔνιοι
554 634 680 680 θνητῆς
699 631 819 683 φύσιος
842 630 1000 669 διάλυσιν
1019 631 1082 669 οὐκ
1102 629 1229 673 εἰδότες
1254 628 1386 679 ἄνθρω-

411 707 490 740 ποι,
510 691 683 738 ξυνειδήσι
703 690 739 729 δὲ
759 694 821 738 τῆς
838 692 871 728 ἐν
886 692 936 743 τῷ
961 689 1026 742 βίῳ
1040 686 1388 742 κακοπραγμοσύνης

413 751 470 789 τὸν
500 752 561 797 τῆς
593 752 711 802 βιοτῆς
742 749 866 801 χρόνον
888 750 922 787 ἐν
951 751 1131 801 ταραχῇσι
1162 747 1223 786 καὶ
1250 745 1389 800 φόὸοισι

412 809 710 863 ταλαιπωρέουσι,
735 807 863 862 ψεύδεα
885 808 965 861 περ).
990 811 1050 846 τοῦ
1074 806 1163 856 μετὰ
1177 806 1241 854 τὴν
1260 807 1383 845 τελευ-

412 870 475 917 τὴν
497 869 820 921 μυθοπλαστέοντες
837 867 981 920 χρόνου.

467 928 593 983 (8101).
614 928 714 966 Flor.
731 926 852 975 CXX,
873 926 953 979 20.)

568 1038 671 1100 Περὶ
703 1037 869 1082 ἐπαίνου
900 1035 970 1080 καὶ
991 1035 1135 1099 ψόγου.

336 1171 396 1198 120.
411 1157 513 1198 ’Euri
535 1157 651 1212 ῥᾴδιον
673 1156 736 1208 μὲν
754 1155 927 1196 ἐπαινέειν
951 1155 973 1194 ἃ
994 1154 1043 1206 μὴ
1063 1155 1153 1209 χρή,
1166 1154 1228 1194 καὶ
1247 1154 1386 1209 ψέγειν,

414 1216 578 1270 ἑκάτερον
598 1215 634 1255 δὲ
651 1219 805 1268 πονηροῦ
838 1230 927 1259 τινος
950 1214 1064 1262 ἤθεος.

464 1276 597 1329 (Stob.
618 1276 721 1315 Flor.
741 1275 795 1323 II,
819 1274 902 1327 37.)

331 1349 398 1377 121.
415 1336 567 1387 Μεγάλα
588 1334 784 1389 βλάπτουσι
806 1333 883 1378 τοὺς
903 1333 1083 1380 ἀξυνέτους
1097 1333 1129 1372 οἱ
1151 1331 1386 1377 ἐπαινέοντες.

467 1396 700 1445 (Democrat.
721 1393 838 1432 Orell.
860 1407 900 1434 11.
923 1392 1004 1447 81.)

336 1467 398 1495 122.
416 1453 603 1506 Εὖλογέειν
625 1452 682 1492 ε’πὶ
703 1454 842 1491 καλοῖσι
862 1451 1015 1505 ἔργμασι
1035 1451 1155 1491 καλόν·
1182 1451 1222 1490 τὸ
1241 1450 1309 1504 γὰρ
1332 1451 1390 1491 ἐπὶ

413 1509 596 1564 φλαύροισι
620 1511 789 1558 κιὸδήλου
811 1511 871 1550 καὶ
902 1512 1119 1556 ἀπατεῶνας.

467 1568 702 1622 (Democrat.
722 1571 844 1610 Orell.
866 1584 905 1610 n.
929 1570 1009 1623 28.)

335 1640 399 1669 128.
418 1628 673 1680 Μωμεομένων
689 1627 854 1683 φλαύρων
868 1631 886 1667 ὁ
898 1629 1025 1680 ἀγαθὸς
1043 1630 1082 1668 οὗ
1100 1628 1389 1682 ποιέεταιλόγον.

466 1685 596 1739 (Stob.
618 1687 724 1725 Flor.
749 1686 961 1739 XXXVIII,
987 1689 1068 1739 46.)

649 1795 751 1859 Περὶ
785 1796 1029 1858 παρρησίης.

335 1915 400 1943 121.
418 1901 580 1958 ΟἷκήίἱονΙ
594 1902 789 1957 ἐλευθερίης
811 1903 1013 1958 παῤῥησίη·
1041 1904 1198 1949 κίνδυνος
1230 1906 1265 1945 δὲ
1288 1908 1311 1953 ἡ
1332 1909 1392 1944 τοῦ

414 1965 538 2012 καιροῦ
558 1961 755 2014 διάγνωσις.

471 2020 599 2072 (Stob.
622 2021 726 2062 Flor.
742 2021 848 2068 XIII,
881 2021 958 2072 40.)

335 2093 396 2120 125.
411 2079 700 2131 Ἀληθομυθεύειν
736 2080 852 2134 χρεὼν
884 2080 971 2121 ὅπου
990 2081 1110 2122 λώϊον.

333 2250 452 2275 vacuus
467 2244 540 2275 est:
562 2242 618 2283 qui
635 2246 743 2276 autem
763 2251 820 2276 nec
833 2242 991 2284 justitiam
1006 2246 1110 2283 curat,
1128 2252 1234 2286 neque
1253 2253 1291 2277 ea
1310 2254 1384 2286 quae

334 2301 400 2334 fieri
414 2300 532 2334 dehent
551 2301 639 2342 facit,
655 2302 731 2335 huic
746 2302 854 2335 omnia
882 2302 1018 2335 molesta
1031 2304 1121 2343 sunt,
1136 2304 1393 2345 quotiescunque

334 2360 378 2393 rei
398 2359 534 2401 alicujus
549 2360 640 2402 (olim
659 2361 763 2404 ractae)
780 2362 988 2403 recordatum
1008 2371 1047 2395 ac
1060 2362 1178 2396 metuit
1190 2365 1266 2397 etse
1285 2363 1392 2406 ipsum

334 2418 468 2453 incusat.

378 2480 449 2512 119.
476 2478 628 2513 Homines
653 2480 800 2512 nonnulli
824 2481 951 2513 naturae
974 2480 1119 2514 mortalis
1147 2481 1393 2515 dissolutionem

334 2537 515 2578 Ignorantes
533 2543 663 2580 propter
673 2539 903 2572 conscientiam
917 2539 993 2572 vitae
1014 2540 1098 2574 male
1111 2544 1193 2573 actae
1204 2550 1300 2574 omne
1314 2541 1392 2575 dum

334 2595 450 2628 vivunt
462 2597 681 2638 tempusinter
692 2598 949 2639 perturbationes
961 2601 1149 2641 metumque
1161 2600 1279 2633 misere
1292 2597 1407 2634 113113-’

335 2654 439 2697 igunt,
452 2657 619 2689 mendacia
631 2657 671 2691 de
682 2659 825 2700 tempore
838 2661 978 2693 mortem
991 2663 1144 2693 secuturo
1158 2661 1392 2703 contingentes.

536 2742 595 2783 De
614 2739 750 2784 laude
773 2743 818 2785 et
838 2742 1186 2801 vituperatione.

382 2834 452 2864 120.
472 2831 578 2864 Facile
596 2833 725 2874 quidem
749 2835 800 2867 est
817 2834 963 2876 laudare,
983 2845 1057 2877 quae
1077 2846 1142 2870 non
1161 2838 1237 2871 sunt
1258 2838 1394 2871 landan-

336 2888 390 2930 da,
407 2890 441 2922 et
461 2889 654 2932 vituperare,
673 2901 747 2933 quoe
767 2901 831 2925 non
855 2895 932 2927 sunt
950 2895 1172 2937 vituperanda,
1188 2897 1246 2930 sed
1264 2901 1393 2931 utrum-

335 2954 400 2988 que
411 2946 486 2979 mali
502 2949 552 2980 est
566 2947 693 2989 ingenii.

383 3009 452 3040 121.
473 3007 536 3046 Qui
553 3007 670 3041 stultos
689 3009 841 3049 laudant,
863 3020 979 3053 magno
996 3022 1051 3046 eos
1064 3013 1183 3048 damno
1198 3016 1357 3050 afficiunt.

383 3070 454 3099 1⁴22.
477 3069 577 3101 Recte
608 3068 691 3101 sacta
709 3069 892 3104 collaudare
926 3072 1098 3106 honestum
1120 3076 1189 3116 est;
1210 3084 1285 3109 nam
1312 3078 1395 3110 mala

337 3126 478 3159 facinora
494 3126 641 3160 laudibus
653 3127 768 3161 efferre
785 3129 912 3163 subdoli
930 3133 980 3164 est
991 3131 1131 3165 hominis
1152 3137 1185 3167 et
1199 3134 1393 3178 deceptoris.

383 3188 454 3219 123.
469 3185 528 3218 Vir
544 3185 650 3219 bonus
666 3187 888 3229 improborum
908 3189 1172 3231 reprehensiones
1192 3193 1284 3226 nihili
1306 3194 1394 3229 facit.

605 3272 665 3313 De
684 3271 903 3316 sermonis
921 3272 1149 3319 libertate.

382 3366 448 3405 12'4.
468 3373 602 3416 Propria
623 3374 777 3409 libertatis
801 3377 851 3410 est
876 3377 978 3411 libera
993 3379 1115 3421 oratio;
1139 3380 1195 3413 sed
1219 3382 1393 3424 opportuni

338 3431 494 3474 temporis
516 3434 655 3475 cognitio
673 3436 855 3477 periculum
873 3436 982 3471 habet.

385 3495 453 3525 125.
474 3493 556 3526 Vera
574 3493 710 3527 dicenda
731 3498 818 3533 sunt,
839 3496 894 3529 ubi
912 3496 944 3530 id
965 3499 1111 3539 praestat.

1525 446 1687 499 τηρέουσι
1701 446 1733 483 οἱ
1747 447 1907 499 φλαῦροι,
1928 442 2014 492 ἐπὴν
2029 443 2244 497 διαφύγωσι.

1582 505 1704 556 (Stob.
1725 505 1831 543 Flor.
1854 502 2035 551 XXVIII,
2051 503 2107 555 9.)

1800 613 1903 676 Περὶ
1929 609 2138 664 παιδείας.

1451 748 1513 775 127.
1533 732 1699 781 Κτηνέων
1720 731 1784 783 μὲν
1818 730 1972 782 εὐγένεια
2003 733 2026 778 ἡ
2055 733 2114 770 τοῦ
2140 729 2285 777 σκήνεος
2304 728 2499 778 εὗσθένεια,

1531 791 1723 844 ἀνθρώπων
1744 789 1780 829 δὲ
1799 795 1821 839 ἡ
1842 794 1903 829 τοῦ
1922 789 2021 837 ἤθεος
2041 787 2222 841 εὖτροπίη.

1585 850 1706 903 (Stob.
1729 850 1833 889 Flor.
1858 848 2058 898 LXXXVI,
2087 848 2166 900 18.)

1436 910 1516 954 128.
1531 910 1761 964 Ἀνθρώποισι
1793 909 1961 962 ἁρμόδιον
1988 909 2105 962 ψυχῆς
2137 907 2272 959 μᾶλλον
2294 903 2317 953 ἢ
2337 906 2504 956 σώματος

1532 971 1712 1010 ποιέεσθαι
1727 968 1841 1021 λόγον·
1856 966 1953 1022 ψυχὴ
1973 967 2036 1019 μὲν
2054 965 2123 1020 γὰρ
2141 964 2343 1012 τελεωτάτη
2361 964 2509 1012 σκήνεος

1533 1027 1729 1083 μοχθηρίην
1751 1027 1866 1080 ὀρθοῖ,
1887 1025 2032 1073 σκήνεος
2052 1025 2087 1065 δὲ
2110 1023 2210 1077 ἰσχὺς
2231 1021 2316 1063 ἄνευ
2335 1023 2508 1075 λογισμοῦ

1531 1088 1650 1144 ψυχὴν
1667 1086 1764 1126 οὐδέν
1783 1103 1818 1126 τι
1832 1085 1967 1136 ἀμείνω
1990 1084 2123 1132 τίθησι.

1587 1146 1715 1200 (Stob.
1735 1146 1838 1188 FIor.
1857 1146 1890 1196 1,
1909 1146 1990 1198 39.)

1453 1221 1516 1248 129.
1534 1206 1708 1257 Σώματος
1727 1204 1856 1250 κάλλος
1877 1205 2027 1251 ζωῶδες,
2057 1204 2087 1241 εἷ
2105 1202 2155 1253 μὴ
2175 1202 2250 1246 νόος
2267 1200 2388 1248 ὖπείη.

1587 1266 1821 1320 (Democrat.
1843 1266 1964 1305 Orell.
1991 1278 2030 1304 n.
2050 1264 2128 1314 7¹·)

1455 1340 1521 1366 130.
1542 1326 1693 1370 Φύσεως
1715 1324 1778 1372 μὲν
1794 1323 1863 1378 γὰρ
1875 1322 2002 1377 ἀρετὴν
2019 1321 2210 1375 διαφθείρει
2226 1320 2400 1375 ῥᾳθυμία,
2421 1335 2513 1374 φαυ-

1532 1380 1666 1426 λότητα
1693 1377 1730 1417 δὲ
1762 1379 1951 1432 ἐπανορθοῖ
1980 1375 2128 1429 διδαχή·
2157 1375 2219 1416 καὶ
2251 1375 2296 1414 τὰ
2326 1373 2390 1427 μὲν
2411 1373 2515 1428 ῥᾴδια

1532 1437 1612 1483 τοὺς
1634 1439 1853 1489 ἀμελοῦντας
1882 1436 2024 1491 φεύγει,
2046 1435 2090 1474 τὰ
2111 1434 2148 1474 δὲ
2167 1433 2313 1488 χαλεπὰ
2337 1439 2415 1478 ταῖς
2432 1437 2514 1473 ἐπι-

1536 1496 1691 1550 μελείαις
1712 1496 1912 1551 ἁλίσξεται.

1592 1557 1754 1610 (Anton.
1772 1569 1819 1608 p.
1843 1555 1950 1607 377.)

1457 1630 1521 1657 131.
1537 1614 1630 1656 Οὔτε
1651 1615 1757 1667 τέχνη
1778 1613 1857 1653 οὔτε
1877 1613 1981 1666 σοφίη
2008 1611 2164 1667 ἐφικτόν,
2193 1611 2238 1660 ἢν
2259 1610 2310 1663 μὴ
2331 1611 2428 1665 μάθῃ
2448 1627 2513 1657 τις.

1592 1675 1826 1727 (Democrat.
1849 1687 1911 1724 ap.
1925 1673 2048 1712 Orell.
2069 1686 2109 1711 n.
2130 1671 2215 1723 24.)

1457 1747 1523 1774 132.
1540 1733 1587 1773 ‘ll
1605 1733 1749 1772 παιδεία
1767 1733 1974 1786 εὖτυχέουσι
1989 1731 2052 1785 μέν
2074 1734 2149 1771 ἐστι
2165 1730 2309 1783 κόσμος,
2325 1730 2513 1784 ἀτυχέουσι

1538 1792 1575 1833 δὲ
1592 1792 1822 1846 καταφύγιον.

1593 1853 1704 1906 (Cod.
1734 1852 1839 1893 flor.
1877 1852 1986 1892 Stob.
2019 1851 2145 1891 Gaisf.
2175 1849 2226 1889 lv
2243 1864 2282 1903 p.
2316 1849 2428 1900 405.)

1459 1920 1523 1947 133.
1542 1905 1591 1946 ‘fl
1614 1904 1716 1959 φύσις
1735 1905 1795 1945 καὶ
1808 1909 1830 1954 ἡ
1850 1905 1978 1958 διδαχὴ
1996 1903 2246 1959 παραπλήσιόν
2263 1905 2350 1943 ἐστι·
2363 1902 2425 1942 καὶ
2441 1902 2512 1955 γὰρ

1536 1968 1559 2013 ἡ
1581 1965 1710 2019 διδαχὴ
1734 1966 1979 2019 μεταῤῥυσμοῖ
2009 1965 2069 2004 τὸν
2095 1964 2296 2017 ἄνθρωπον,
2331 1964 2514 2016 μεταῤῥυ-

1537 2029 1677 2076 σμοῦσα
1697 2024 1733 2063 δὲ
1749 2022 1982 2078 φυσιοποιέει.

1594 2085 1701 2136 (cod.
1726 2084 1829 2122 Flor.
1854 2083 1965 2122 Stob.
1986 2083 2111 2123 Gaisf.
2131 2082 2181 2120 IV
2198 2096 2236 2135 p.
2257 2082 2366 2132 406.)

1500 2251 1569 2280 126.
1589 2249 1810 2287 Sacramenta,
1838 2257 1913 2289 quae
1941 2247 2055 2280 (linunt
2083 2246 2115 2278 in
2132 2246 2291 2287 angustiis
2312 2254 2414 2288 quum
2438 2254 2513 2278 ver-

1456 2311 1580 2347 santur,
1599 2316 1663 2340 non
1689 2310 1819 2340 servant
1848 2307 1924 2339 mali
1944 2307 2101 2348 homines,
2126 2310 2299 2348 postquam
2327 2314 2347 2339 e
2371 2305 2516 2348 periculo

1455 2370 1639 2400 evaserunt.

1827 2477 1886 2518 De
1906 2473 2129 2517 doctrina.

1502 2605 1571 2637 127.
1591 2603 1824 2637 Jnmentorum
1855 2601 2007 2634 nobilitas
2027 2601 2058 2633 in
2081 2599 2226 2642 corporis
2245 2599 2376 2641 robore,
2410 2598 2516 2632 homi·

1458 2673 1536 2696 num
1555 2672 1631 2696 vero
1646 2663 1679 2696 in
1698 2671 1826 2695 morum
1842 2660 1986 2694 bonitate
2003 2660 2065 2693 sita
2081 2664 2142 2693 est.

1502 2729 1572 2758 128.
1592 2726 1693 2758 Decet
1713 2724 1860 2757 homiues
1877 2722 1977 2755 animi
1997 2721 2098 2762 magis
2113 2729 2213 2763 quam
2236 2719 2381 2760 corporis
2395 2717 2517 2752 habere

1457 2784 1635 2823 rationem
1655 2785 1691 2816 ut
1713 2783 1798 2815 enim
1821 2782 1960 2823 quisque
1977 2780 2230 2822 perfectissimus
2250 2780 2379 2812 animus
2393 2780 2456 2817 est,
2469 2778 2517 2810 113

1457 2844 1600 2876 maxime
1620 2843 1741 2875 malum
1769 2842 1990 2882 miserumque
2011 2848 2128 2881 corpus
2145 2839 2250 2880 erigit,
2277 2837 2421 2879 corporis
2439 2845 2518 2870 vero

1456 2904 1558 2936 robur
1571 2903 1704 2936 rationis
1720 2910 1837 2943 expers
1853 2901 1999 2933 animum
2023 2899 2125 2932 nihilo
2147 2897 2255 2930 reddit
2269 2897 2449 2930 meliorem.

1505 2966 1574 2997 129.
1591 2961 1743 3005 Corporis
1759 2959 1985 3003 pulchritudo,
2002 2959 2061 2991 nisi
2083 2966 2174 2990 mens
2198 2956 2316 2997 subsit,
2336 2956 2516 2990 belluarum

1391 3056 1393 3058 ,
1457 3025 1517 3057 est.

1502 3087 1574 3118 130.
1600 3083 1732 3116 Naturae
1757 3080 1976 3123 praestantiam
1995 3079 2172 3121 corrumpit
2199 3077 2336 3119 incuria,
2371 3077 2516 3120 pravita-

1458 3146 1524 3177 tem
1541 3142 1671 3184 corrigit
1685 3141 1833 3175 doctrina
1854 3150 1862 3173 :
1883 3143 1915 3173 et
1939 3140 2042 3172 facilia
2065 3138 2300 3180 negligentibus
2328 3136 2515 3177 elabuntur,

1457 3203 1600 3237 difficilia
1615 3212 1691 3235 vero
1701 3201 1808 3234 studio
1826 3199 2056 3241 diligentiaque
2073 3198 2305 3240 percipiuntur.

1503 3267 1573 3298 131.
1591 3264 1704 3304 Neque
1717 3270 1771 3294 ars
1793 3269 1899 3302 neque
1918 3259 2051 3292 scientia
2071 3258 2132 3291 nisi
2149 3257 2305 3309 discendo
2320 3255 2514 3298 acquiritur.

1502 3324 1572 3355 132.
1589 3319 1740 3354 Doctrina
1753 3318 1927 3352 fortunatis
1941 3317 2075 3359 quidem
2092 3317 2321 3349 ornamentum
2337 3316 2399 3355 est,
2416 3314 2515 3347 intor-

1456 3381 1578 3415 tunatis
1593 3383 1701 3413 autem
1720 3378 1911 3421 perfugium.
2322 3367 2325 3370 ⁴

1504 3443 1574 3473 133.
1595 3438 1713 3472 Similis
1726 3439 1775 3471 est
1789 3438 1913 3470 naturae
1923 3435 2087 3476 doctrina;
2108 3436 2228 3468 etenim
2248 3433 2394 3466 doctrina
2413 3434 2514 3466 traus-

1459 3499 1576 3532 format
1586 3497 1750 3531 hominem
1759 3494 2080 3537 transformandoque
2095 3494 2191 3526 aliam
2205 3493 2232 3527 ei
2241 3492 2332 3525 addit
2343 3492 2512 3524 naturam.
