2612 3814
312 276 361 310 88
1157 256 1369 299 TlMONlS
1399 254 1625 297 PHLlAsu

634 383 730 394 ......
734 355 779 397 ὡς
796 352 856 391 καὶ
873 351 1061 403 μετέπειτα
1083 351 1254 403 σοφιστῶν

390 415 462 455 οὔτ’
479 413 735 467 ἀλιγυγλώσσῳ
753 412 825 452 οὔτ’
850 410 998 464 ἀσκόπῳ
1016 409 1088 449 οὔτ’
1103 410 1281 462 ἀκυλίστῳ

390 475 627 528 Πρωταγόρη·
637 474 752 512 ἔθελον
768 473 803 511 δὲ
818 471 947 525 τέφρην
962 468 1224 523 συγγράμματα
1237 472 1359 515 θεῖναι,

391 534 467 573 ὅττι
485 533 580 578 θεοὺς
599 532 795 586 κατέγραψ’
814 531 886 570 οὔτ’
911 529 1057 577 εἰδέναι,
1073 527 1152 567 οὔτε
1171 526 1359 574 δύνασθαι,

336 608 373 634 so
391 591 533 632 ὁπποῖοί
549 591 639 635 τινές
658 593 725 630 εἶσι
744 590 806 629 καὶ
827 587 969 636 οἵτινες,
984 587 1226 642 ἀθρήσασθαι,

388 657 509 692 πᾶσαν
528 651 619 704 ἔχων
638 649 796 702 φυλακὴν
816 648 1005 694 ἐπιεικείης
1018 662 1027 671 ·
1049 646 1092 685 τὰ
1114 646 1176 696 μὲν
1198 644 1237 683 οὔ
1262 645 1294 683 οἱ

388 710 602 764 χραίσμησ’,
621 708 712 748 ἀλλὰ
730 710 840 762 φυγῆς
855 706 1042 759 ἐπεμαίετο
1056 736 1067 755 ,
1082 705 1172 759 ὄφρα
1189 703 1238 755 μὴ
1252 703 1362 748 οὕτως

389 769 617 823 Σωκρατικὸν
635 768 743 807 πίνων
762 766 895 821 ψυχρὸν
916 765 1022 805 ποτὸν
1039 764 1142 805 Ἀΐδα
1157 764 1239 812 δύη.

1058 871 1075 892 μ

393 946 461 987 Ἐκ
474 948 504 985 δ’
519 947 587 999 ἄρα
608 948 675 984 τῶν
697 943 862 983 ἀπέκλινε
880 941 1048 990 λιθοξόος,
1078 940 1336 994 ἐννομολέσχης
1349 971 1359 989 ,

337 1019 372 1047 ⁶5
392 1005 575 1052 Ἑλλήνων
598 1003 778 1052 ἐπαοιδός,
805 1002 1054 1057 ἀκριὸολόγους
1075 1001 1280 1054 ἀποφήνας,

391 1065 544 1118 μυκτήρ,
564 1062 831 1117 ρητορόμικτος,
852 1061 1042 1106 ὑπάττικος
1054 1092 1065 1109 ,
1082 1060 1302 1114 εἰρωνευτής.

589 1169 606 1184 Q
822 1166 839 1184 ἢ

388 1239 571 1286 Ἀσθενική
591 1254 628 1278 τε
646 1237 762 1291 λόγων
777 1235 860 1282 δυὰς
875 1235 899 1285 ἢ
916 1236 1014 1290 τριάς
1025 1267 1035 1286 ,
1052 1236 1075 1283 ἢ
1090 1235 1142 1275 ἔτι
1155 1235 1278 1289 πόρσω
1290 1268 1302 1289 ,

388 1294 457 1344 οἶος
473 1298 675 1351 Ξεινοφόων
690 1328 701 1349 ,
717 1296 747 1342 ἴς
766 1296 797 1336 τ’
826 1296 996 1349 Αἰσχίνου
1017 1297 1080 1335 οὐκ
1099 1296 1282 1342 ἐπιπειθὴς

387 1359 534 1412 γράψαι-

574 1447 594 1466 ⁴*
839 1443 854 1461 k

307 1563 377 1599 κῶν
393 1560 584 1612 ἐγέννησεν,
605 1558 680 1597 ὅθεν
693 1558 753 1597 καὶ
769 1558 894 1609 Τίμων
915 1557 999 1611 φησὶ
1016 1557 1096 1610 περὶ
1113 1561 1232 1597 αὐτοῦ·
1256 1561 1344 1612 Πρω
1355 1583 1362 1589 -

307 1617 458 1671 ταγόρης
477 1618 555 1656 κτλ.

358 1678 441 1716 Vss.
465 1677 601 1722 46-53.
622 1677 668 1719 ὥς
684 1676 744 1715 καὶ
763 1672 1111 1728 μετέπειτα-’Ἀΐδα
1125 1675 1204 1732 δύη]
1222 1677 1361 1717 Sextus

306 1737 528 1789 Empiricus
547 1736 634 1774 adv.
655 1736 774 1774 Math.
798 1735 866 1784 lx,
893 1736 940 1784 57
961 1750 971 1774 ε
993 1734 1040 1775 Ὁ
1054 1735 1089 1774 δὲ
1120 1737 1361 1790 Πρωταγόρας

308 1799 419 1847 ῥητῶς
441 1811 509 1834 που
532 1795 689 1848 γράψας·
709 1795 790 1846 περὶ
804 1797 890 1833 θεῶν
909 1793 988 1834 οὔτε
1002 1796 1031 1834 εἷ
1049 1794 1151 1845 εἰσίν,
1165 1794 1235 1834 οὔθ’
1248 1796 1362 1835 ὁποῖοί

306 1854 395 1898 τινές
413 1853 656 1905 εἷσι,δύναμαι
674 1852 800 1905 λέγειν·
816 1853 931 1892 πολλὰ
946 1853 1015 1907 γάρ
1031 1854 1106 1894 ἐστι
1121 1855 1164 1894 τὰ
1180 1855 1362 1896 κωλύοντά

308 1929 366 1964 με.
389 1914 485 1966 Παρ’
499 1912 542 1961 ἣν
564 1911 678 1950 αἰτίαν
700 1912 848 1951 θάνατον
878 1913 985 1951 αὐτοῦ
1009 1914 1361 1969 καταψηφισαμένων

307 1974 378 2010 τῶν
397 1971 589 2020 Ἀθηναίων
615 1970 792 2025 διαφυγὼν
820 1970 882 2010 καὶ
900 1971 994 2010 κατὰ
1014 1972 1191 2012 θάλατταν
1206 1974 1359 2020 πταίσας

309 2029 476 2071 ἀπέθανε.
501 2030 692 2082 Μέμνηται
709 2030 745 2069 δὲ
761 2029 893 2079 ταύτης
912 2034 975 2079 τῆς
993 2031 1148 2086 ἱστορίας
1161 2033 1221 2072 καὶ
1237 2034 1362 2085 Τίμων

310 2087 329 2125 ὃ
350 2090 525 2135 Φλιάσιος
538 2092 574 2129 ἐν
592 2092 642 2143 τῷ
662 2090 814 2144 δευτέρῳ
833 2093 902 2129 τῶν
922 2091 1079 2139 Σίλλων,
1100 2096 1214 2132 ταῦτα
1231 2093 1364 2148 διεξερ-

308 2149 471 2202 χόμενος·
494 2152 539 2194 ὡς
563 2148 622 2188 καὶ
641 2149 829 2200 μετέπειτα
847 2152 926 2193 κτλ.

361 2209 424 2248 Vs.
448 2210 512 2254 46.
545 2210 648 2247 Olim
680 2209 925 2248 scribebatur
944 2209 1036 2249 ὥστε
1052 2201 1126 2250 ⁸>toti
1151 2211 1361 2262 μετέπειτα,

310 2277 352 2307 ut
367 2277 425 2307 est
438 2269 542 2322 apud
561 2269 798 2320 Stephanum
811 2269 851 2307 in
869 2269 986 2308 Poesi
1004 2270 1301 2323 philosophica3
1320 2273 1365 2315 ὥς

309 2327 370 2366 καὶ
386 2329 537 2379 primus
551 2328 721 2366 correxit
734 2328 937 2379 Menagius
954 2329 1002 2367 ad
1025 2330 1189 2380 Diogen.
1210 2330 1278 2380 lx,
1297 2332 1362 2370 52.

309 2409 363 2417 —
382 2387 448 2428 Vs.
479 2389 541 2433 48.
567 2386 628 2426 σὺν
649 2387 837 2441 γράμματι
857 2387 1084 2441 Stephanus,
1113 2390 1366 2443 συγγράμματι

311 2446 533 2497 Menagius3
565 2446 631 2485 sed
651 2447 847 2496 flagitatur
866 2448 1149 2501 συγγράμματα,
1172 2450 1367 2500 quemad-

312 2505 471 2543 modum
505 2513 638 2556 postea
667 2505 813 2547 editum
843 2515 913 2546 est.
935 2529 986 2536 -—
1007 2507 1071 2547 Vs.
1106 2508 1154 2545 53
1177 2508 1270 2546 Ἄϊδι
1299 2508 1365 2562 δύῃ

312 2563 419 2602 Sexti
431 2563 677 2610 membranae,
685 2564 751 2602 sed
765 2566 954 2604 sententia
964 2566 1160 2605 desiderat
1170 2566 1273 2606 Ἄῖδα
1283 2566 1362 2615 δύη.

313 2618 415 2662 Ἀΐδα
427 2621 507 2673 jam
522 2623 742 2662 emendavit
761 2624 961 2675 Menagius
977 2626 1024 2664 ad
1041 2626 1187 2665 Laertii
1206 2627 1233 2665 l.
1249 2641 1302 2676 c.;
1319 2627 1367 2666 de

314 2679 378 2732 δύῃ
395 2689 541 2719 mutato
554 2681 596 2719 in
612 2681 676 2728 δύη
696 2682 778 2722 vid.
801 2683 1023 2723 Buttmanni
1043 2685 1220 2724 Gramm.
1244 2688 1363 2739 ampl.

315 2739 366 2789 ΙΙ,
387 2754 403 2777 1
415 2745 472 2785 ¹4·
489 2739 670 2779 Timonis
683 2741 811 2780 locum
830 2744 1000 2795 respexit
1017 2743 1075 2782 10.
1093 2744 1196 2784 Frei.
1215 2745 1362 2791 Quaest.

314 2799 472 2850 Protag.
491 2813 578 2851 pag.
602 2801 648 2838 61
673 2813 755 2852 seq.

367 2858 452 2897 Vss.
471 2858 611 2904 54-56.
625 2859 664 2897 ἐκ
682 2860 712 2898 δ’
724 2859 793 2913 ἄρα
810 2861 1154 2915 τῶν-εἰρωνευτής]
1174 2864 1368 2915 Diogenes

317 2917 495 2957 Laertius
514 2917 568 2966 11,
596 2931 643 2969 19
659 2931 669 2958 t
691 2921 814 2974 Δοῦρις
831 2919 867 2958 δὲ
891 2921 952 2960 καὶ
973 2923 1157 2961 δουλεῦσαι
1173 2925 1276 2963 αὐτὸν
1294 2925 1368 2977 [τὸν

318 2976 493 3029 Σωκράτη
508 2976 611 3031 φησὶ]
628 2977 689 3016 καὶ
702 2978 919 3030 ἐργάσασθαι
933 2979 1060 3025 λίθους.
1084 2975 1186 3021 Εἶναί
1207 2999 1244 3021 τε
1261 2986 1370 3023 αὐτοῦ

318 3035 378 3074 καὶ
396 3035 460 3080 τὰς
479 3037 513 3074 ἐν
526 3037 713 3087 ἀκροπόλει
729 3036 889 3091 Χάριτας
903 3037 985 3077 ἔνιοί
1003 3054 1123 3092 φασιν,
1141 3042 1369 3093 ἐνδεδυμένας

319 3091 444 3136 οὔσας·
465 3092 541 3131 ὅθεν
562 3094 623 3131 καὶ
651 3093 802 3144 Τίμωνα
825 3096 860 3134 ἐν
876 3101 947 3141 τοῖς
971 3096 1114 3141 Σίλλοις
1133 3099 1242 3137 εἰπεῖν
1254 3115 1262 3123 ·
1280 3102 1320 3139 ἐκ
1339 3102 1368 3139 δ’

320 3149 389 3203 ἄρα
405 3152 475 3189 τῶν
495 3150 662 3191 ἀπέκλινε
690 3153 841 3198 λιθοξόος
867 3155 946 3195 κτλ.
982 3155 1121 3195 Sextus
1150 3157 1371 3210 Empiricus

321 3209 408 3250 adv.
439 3209 557 3250 Math.
572 3210 658 3259 Vll,
683 3213 705 3249 8
723 3226 732 3250 :
755 3213 828 3252 Τοῦ
849 3212 885 3251 δὲ
904 3215 1027 3261 ἠθικοῦ
1042 3214 1144 3264 μόνος
1170 3218 1373 3267 ἐπεμελεῖτο

323 3267 515 3321 Σωκράτης
534 3269 626 3307 κατά
646 3285 685 3321 γε
706 3269 782 3315 τοὺς
797 3270 923 3316 ἄλλους
940 3274 1047 3311 αὐτοῦ
1069 3274 1280 3326 γνωρίμους,
1302 3275 1373 3327 εἴγε

322 3326 382 3365 καὶ
407 3329 425 3365 ὁ
442 3327 608 3381 Ξενοφῶν
623 3329 658 3366 ἐν
671 3330 742 3373 τοῖς
755 3329 1113 3382 Ἀπομνημονεύμασι
1135 3335 1248 3387 ῥητῶς
1265 3349 1370 3387 φησιν

323 3388 555 3439 ἀπαρνεῖσθαι
575 3387 680 3426 αὐτὸν
701 3390 740 3427 τὸ
772 3389 932 3442 φυσικόν,
957 3392 1003 3434 ὡς
1022 3391 1109 3444 ὑπὲρ
1141 3395 1238 3442 ἡμᾶς
1263 3396 1374 3432 καθε-

322 3443 471 3493 στηκός,
491 3445 552 3485 καὶ
569 3447 753 3499 σχολάζειν
773 3449 825 3502 τῷ
845 3451 970 3502 ἠθικῷ,
998 3451 1044 3494 ὡς
1066 3450 1152 3503 πρὸς
1168 3454 1260 3501 ἡμᾶς
1282 3451 1372 3492 ὄντι.

324 3506 473 3543 Τοιοῦτο
487 3498 556 3545 οἶδε
571 3506 632 3544 καὶ
652 3508 671 3545 ὁ
685 3506 806 3558 Τίμων
818 3509 852 3546 ἐν
873 3502 920 3552 οἷς
943 3523 1047 3562 φησιν
1059 3524 1068 3533 ·
1084 3527 1099 3544 α
1117 3511 1156 3548 ἐκ
1170 3510 1200 3548 δ’
1216 3510 1286 3560 ἄρα
1305 3514 1374 3550 τῶν

1519 371 1761 381 ........
1782 349 1820 380 ut
1836 346 1932 380 etiam
1953 349 2064 388 postea
2083 345 2304 387 sophistarum

1423 418 1527 449 neque
1548 408 1636 439 fusca
1653 416 1730 439 voce
1743 406 1880 448 praedito
1890 414 1995 448 neque
2012 404 2251 438 inconsiderato
2262 412 2368 445 neque
2382 403 2486 446 rigido

1424 470 1627 508 Protagorae;
1648 466 1801 499 volebant
1820 469 1930 499 autem
1940 466 2060 506 scripta
2077 464 2148 505 ejus
2166 464 2199 496 in
2210 463 2334 496 cineres
2347 472 2485 497 eonver-

1423 525 1498 566 quia
1515 525 1593 557 deos
1613 523 1785 564 scripserat
1802 531 1838 556 se
1857 531 1962 565 neque
1977 522 2079 563 scire,
2096 529 2202 563 neque
2218 529 2325 562 posse,
2372 519 2461 563 [tere
2473 545 2486 559 .

1423 584 1534 625 quales
1554 584 1617 615 sint
1637 585 1670 615 et
1691 582 1768 624 qui,
1795 582 1970 624 dispicere,

1424 642 1572 684 quamvis
1588 643 1675 674 omni
1702 641 1859 684 aequitate
1881 641 2068 674 observata.
2103 642 2215 682 Neque
2232 642 2341 674 tamen
2361 639 2432 673 hoec
2455 640 2487 673 ei

1426 703 1632 743 profuerunt,
1649 701 1704 734 sed
1720 701 1827 743 sugam
1844 700 2073 741 meditabatur,
2094 709 2135 734 ne
2147 700 2194 734 sic
2373 697 2486 743 [verba

1423 761 1616 794 Socraticam
1632 760 1748 793 bibens
1765 759 1912 801 frigidam
1935 759 2098 801 potionem
2118 759 2149 791 in
2171 761 2293 792 Orcum
2313 757 2487 792 descende-

2409 815 2485 860 [ret.

1696 867 1715 885 ὶ
1950 866 1967 884 t
2198 866 2215 882 st

1424 945 1474 978 Ab
1490 944 1541 977 his
1558 944 1654 986 igitur
1675 943 1821 976 discessit
1838 941 1994 984 lapicida,
2011 941 2189 984 leguleius,

1423 1006 1613 1038 Graecorum
1629 1004 1823 1043 incantator,
1843 1003 1997 1035 accurate
2017 1001 2188 1044 loquentes
2207 999 2371 1042 efficiens,

1422 1063 1557 1102 derisor,
1587 1062 1771 1095 rhetoribus
1800 1061 1996 1103 immixtus,
2031 1061 2112 1093 satis
2129 1060 2259 1101 atticus,
2276 1059 2311 1092 in
2335 1066 2488 1092 sermone

2229 1117 2486 1161 [dissimulator.

1656 1163 1672 1180 st
1947 1162 1964 1180 ὑ
2240 1162 2257 1178 ἡ

1422 1243 1672 1282 Exsangnesque
1688 1240 1795 1274 verbis
1811 1240 1879 1272 duo
1898 1241 1949 1273 vel
1974 1242 2040 1272 tres
2059 1239 2109 1272 vel
2125 1240 2225 1272 etiam
2245 1247 2342 1282 porro
2357 1237 2468 1282 [alii],

1423 1301 1458 1333 ut
1481 1300 1660 1341 Xenophon
1677 1301 1709 1333 et
1726 1300 1894 1334 AEschines
1909 1309 1972 1332 non
1988 1299 2148 1332 adductus

1423 1359 1462 1391 ad
1482 1359 1702 1392 scribendum.

1701 1453 1716 1471 h
1948 1452 1963 1469 fi
2199 1451 2214 1469 fl

1425 1560 1590 1599 ἀπέκλινε
1608 1559 1751 1606 λαοξόος
1773 1559 2043 1613 ἐννομολέσχης·
2069 1577 2083 1594 υ
2107 1559 2287 1600 τουτέστιν
2323 1559 2393 1598 ἀπὸ
2418 1561 2490 1598 τῶν

1425 1622 1580 1671 φυσικῶν
1595 1620 1654 1659 ἐπὶ
1668 1619 1731 1667 τὴν
1750 1618 1876 1667 ἠθικὴν
1891 1620 2054 1673 θεωρίαν.
2074 1618 2139 1659 Διὸ
2153 1619 2214 1658 καὶ
2232 1619 2492 1674 ἐννομολέσχης

1424 1679 1657 1732 προσέθηκεν,
1677 1678 1738 1718 ἅτε
1759 1682 1818 1718 τοῦ
1851 1681 1975 1726 ἠθικοῦ
1998 1677 2126 1731 μέρους
2152 1677 2249 1723 ὄντος
2269 1678 2311 1717 τὸ
2329 1677 2411 1732 περὶ
2428 1677 2492 1718 νό-

1426 1748 1502 1783 μων
1539 1731 1777 1784 διαλέγεσθαι.
1812 1731 1994 1771 Clemens
2025 1732 2316 1771 Alexandrinus
2341 1731 2487 1773 Strom.

1426 1791 1495 1831 lib.
1515 1791 1532 1830 1
1551 1805 1640 1844 pag.
1665 1806 1740 1843 129
1757 1792 1805 1830 de
1820 1792 1979 1831 Socrate
1999 1792 2164 1843 loquens
2181 1805 2190 1830 ε

1478 1881 1548 1921 Ἐκ
1565 1882 1594 1920 δ’
1617 1882 1686 1934 ἄρα
1701 1884 1769 1920 τῶν
1789 1880 1957 1920 ἀπέκλινε
1975 1879 2119 1926 λαοξόος
2135 1879 2417 1934 ἐννομολέσχης,
2449 1934 2456 1937 1

1478 1939 1661 1988 Ἑλλήνων
1683 1940 1867 1990 ἐπαοιδός,

1426 2033 1444 2070 ὃ
1462 2030 1589 2082 Τίμων
1604 2033 1640 2071 ἐν
1669 2036 1741 2075 τοῖς
1764 2030 1906 2074 Σίλλοις
1934 2028 2040 2084 φησί,
2072 2028 2131 2068 διὰ
2159 2028 2199 2068 τὸ
2218 2029 2492 2071 ἀποκεκλικέναι

1426 2092 1496 2129 τῶν
1517 2093 1673 2144 φυσικῶν
1694 2089 1752 2128 ἐπὶ
1776 2089 1822 2128 τὰ
1841 2089 1964 2137 ἠθικά.
1980 2111 2036 2119 -
2054 2088 2190 2133 Vs.5l..
2210 2088 2298 2128 Non
2323 2089 2489 2129 dubium

1428 2151 1525 2202 quin
1552 2149 1825 2202 ἐννομολέσχης,
1850 2152 1952 2200 leges
1971 2151 2133 2199 loquens,
2166 2161 2264 2188 vera
2281 2149 2334 2188 sit
2358 2149 2491 2200 lectio,

1427 2223 1544 2261 quam
1565 2211 1680 2248 etiarn
1699 2210 1740 2248 in
1755 2209 1871 2247 Poesi
1887 2207 2163 2261 philosophica
2177 2208 2357 2260 sequitur
2374 2208 2493 2248 Henr.

1428 2269 1663 2321 Stephanus,
1678 2268 1751 2307 etsi
1771 2268 1813 2306 in
1827 2267 2016 2318 Diogenis
2047 2266 2221 2306 editione
2243 2280 2285 2306 se
2307 2267 2350 2306 in
2371 2281 2493 2306 mem-

1428 2328 1565 2367 branis
1585 2327 1846 2380 εὖνομολέσχης
1874 2326 2095 2379 repperisse
2126 2334 2301 2367 testatur.
2325 2326 2491 2366 Multum

1429 2387 1563 2435 refert,
1589 2395 1722 2425 uti-um
1752 2399 1774 2424 e
1807 2386 1984 2436 Diogene
2015 2384 2167 2430 λιθοξόος
2195 2399 2246 2424 an
2274 2398 2297 2424 e
2326 2385 2491 2437 reliquis

1430 2446 1693 2499 scriptoribus
1706 2444 1849 2490 λαοξόος
1862 2445 1995 2483 versui
2016 2445 2183 2494 inferas3
2201 2445 2366 2491 alterum
2386 2445 2490 2484 enim

1430 2507 1544 2545 metri
1562 2507 1664 2544 ratio
1682 2504 2007 2544 excludit.—-Vs.
2027 2504 2076 2542 56
2099 2503 2352 2559 ῥητορόμικτος
2366 2503 2489 2544 Henr.

1429 2565 1647 2617 Stephanus
1681 2565 1724 2603 in
1748 2565 1868 2603 >Poesi
1899 2563 2016 2616 phil.;
2046 2562 2309 2617 ῥητορόμυκτος
2333 2563 2494 2615 vulgata

1430 2626 1627 2677 scriptura
1658 2624 1762 2677 apud
1808 2624 2021 2675 Diogenem
2058 2632 2137 2671 est,
2166 2637 2284 2675 quam
2317 2623 2494 2674 neglecto

1430 2693 1555 2724 metro
1587 2683 1905 2723 Hemsterbusius
1936 2683 1978 2721 in
2013 2683 2277 2734 ῥητορομύκτης
2301 2683 2496 2721 convertit

1430 2753 1593 2796 propter
1625 2743 1851 2796 praecedens
1892 2742 2046 2795 μυκτήρ.
2086 2742 2170 2781 Hoc
2203 2742 2332 2790 enim,
2371 2741 2494 2795 quum

1430 2804 1595 2855 proprie
1613 2816 1746 2842 nasum
1766 2802 1957 2852 designet,
1976 2802 2041 2840 hic
2059 2803 2260 2840 derz‘sorem
2279 2801 2394 2840 valet.

1484 2862 1529 2903 V.
1540 2863 1677 2912 57-59.
1686 2861 1851 2907 ἀσθενική
1865 2861 2109 2914 τε-γράψαι]
2115 2861 2308 2911 Diogenes
2316 2859 2496 2901 Laertius

1430 2922 1503 2961 lib.
1525 2921 1581 2969 11,
1607 2923 1656 2960 55
1685 2921 1734 2959 de
1762 2920 2047 2972 Xenophonte:
2070 2920 2197 2970 Τίμων
2224 2919 2254 2958 δ’
2275 2919 2496 2960 ἐπισκώπτει

1433 2981 1538 3021 αὐτὸν
1564 2982 1600 3020 ἐν
1618 2980 1773 3024 τούτοις·
1797 2980 1964 3027 ἀσθενική
1985 2995 2023 3018 τε
2049 2981 2130 3020 κτλ,
2153 2979 2260 3018 Idem
2286 2979 2346 3027 Il,
2367 2981 2418 3020 62
2447 2980 2498 3019 de

1434 3041 1612 3082 AEschine
1630 3039 1792 3079 ιἜπειτ’
1809 3039 2019 3093 ἀφικόμενον
2038 3038 2202 3086 Ἀθήναζε
2218 3037 2268 3089 μὴ
2283 3040 2419 3093 τολμᾷν
2437 3054 2497 3079 σο·

1433 3101 1624 3154 φιστεύειν,
1647 3098 1923 3149 εὐδοκιμούντων
1942 3098 2022 3138 τότε
2041 3101 2111 3137 τῶν
2131 3098 2213 3151 περὶ
2230 3098 2412 3138 Πλάτωνα
2435 3097 2498 3137 καὶ

1434 3159 1671 3213 Ἀρίστιππον·
1707 3156 1900 3209 ἐμμίσθους
1928 3157 1964 3195 δὲ
1995 3157 2180 3210 ἀκροάσεις
2205 3158 2397 3196 ποιεῖσθαι·
2420 3149 2499 3195 εἶτα

1435 3219 1648 3274 συγγράφειν
1669 3218 1795 3270 λόγους-
1821 3215 2019 3260 δικανικοὺς
2046 3217 2120 3260 τοῖς
2153 3214 2413 3266 ἀδικουμένοις.
2434 3214 2500 3255 Διὸ

1435 3280 1498 3319 καὶ
1517 3279 1576 3318 τὸν
1600 3278 1749 3329 Τίμωνα
1782 3276 1892 3315 εἰπεῖν
1925 3275 1979 3313 ἐπ’
1994 3277 2108 3328 αὐτῷ·
2131 3274 2160 3319 ἴς
2180 3274 2212 3313 τ’
2231 3274 2404 3328 Αἰσχίνου
2435 3274 2500 3313 οὐκ

1436 3337 1616 3385 ἐπιπειθὴς
1629 3335 1762 3390 γράψαι
1769 3364 1850 3376 .....
1871 3334 2008 3374 Τούτου
2028 3334 2107 3379 τοὺς
2127 3333 2310 3385 διαλόγους
2329 3333 2390 3374 καὶ
2406 3332 2498 3386 Ἀρί-

1437 3412 1588 3441 στιππος
1619 3395 1845 3438 ὑπώπτευεν·
1868 3395 1903 3432 ἐν
1921 3397 2005 3445 γοῦν
2026 3394 2204 3447 Μεγάροις
2236 3393 2500 3445 ἀναγινώσκον-

1440 3471 1498 3500 τος
1520 3457 1628 3495 αὐτοῦ
1649 3470 1735 3508 φασι
1757 3454 1923 3505 σκῶψαι,
1943 3453 2084 3491 εἰπόντα
2099 3483 2111 3503 ,
2136 3453 2249 3493 Πόθεν
2270 3468 2341 3503 σοι,
2363 3451 2500 3505 λῃστά,

1437 3512 1724 3562 affirm—'Vm
1759 3513 1823 3561 57.
1851 3511 2016 3559 ἀσθενική
2046 3527 2084 3550 τε
2107 3511 2220 3565 λόγων
2245 3510 2372 3558 δυὰςῆ
2401 3509 2500 3562 τριάς
