2612 3814
1031 231 1371 272 FRAGMENTA.

194 323 336 368 κακῶν,
359 320 465 371 quod
496 323 673 359 converti
694 323 735 358 in
760 322 823 373 φεῦ
860 322 929 358 τῶν
947 322 1082 360 κακῶν.
1119 342 1172 350 -

192 384 258 421 Vs.
279 381 353 419 158
370 382 462 418 libri
484 394 492 418 ε
528 378 547 419 ὃ
578 379 639 419 καὶ
662 378 760 433 παρὰ
782 378 928 431 τρίγλας
948 394 987 418 τε
1017 380 1077 419 καὶ
1096 379 1170 417 πά-

195 455 283 493 χηα.
307 439 566 478 Scribendurn
599 453 686 478 cum
717 441 904 478 Ahrensio
937 439 1025 479 τόκα
1054 442 1171 492 παρῆς

194 499 319 550 τρίγλα
339 515 376 536 τε
398 497 462 549 μία
482 503 629 550 παχεῖα.
657 502 835 538 Extrema
866 500 956 536 inde
976 512 998 536 a
1021 496 1171 549 κάγλαοὶ

193 559 317 607 adjeci
334 572 380 596 ex
397 559 537 598 Athen.
559 560 644 607 VII,
666 558 759 608 309,
781 559 849 595 ubi
876 559 1014 595 omissa
1030 557 1170 594 fabulae

193 621 438 670 inscriptione
455 619 685 657 afferuntur.
708 619 723 672 )

557 708 727 740 ΣΚΙΡΩΝ.

190 802 249 824 και
266 783 507 829 παλινολεκίς.

245 864 407 914 (Pollux
424 864 478 910 X,
498 863 565 910 87.
587 863 710 913 Vulgo
725 862 883 909 πηλινων
902 859 1012 904 λεκίς.
1026 859 1043 912 )

191 960 240 998 Α.
270 956 335 1001 Γίς
368 958 443 996 ἐστι
469 955 614 1010 μάτηρ;
646 958 687 995 Β.
721 954 835 1000 σακίς.
860 957 908 995 A.
934 953 986 998 τίς
1008 955 1037 992 δ’
1070 953 1163 992 ἐστὶν

702 1064 704 1066 ¹
994 1012 1007 1068 [
1025 1012 1166 1066 πατήρ;

190 1077 232 1116 Β.
255 1075 369 1120 σακίς.
391 1076 424 1115 Α
461 1074 513 1119 τίς
531 1073 695 1128 ἀδελφεὸς
716 1073 771 1123 δέ;
788 1075 830 1114 B.
852 1073 970 1117 σακίς.

248 1152 405 1205 (Schol.
421 1153 546 1190 Oxou.
559 1151 751 1201 Aristoph.
770 1150 862 1190 Pac.
885 1149 973 1188 185.
994 1149 1166 1202 μήτηρν-

190 1211 290 1258 σηκίς
330 1207 584 1260 ubique—vi<
624 1209 699 1247 ἔστι
729 1207 1056 1262 πατήρ-ἀδελφός
1083 1211 1164 1246 sine

188 1269 265 1321 δέ.)

144 1339 147 1342 ’
566 1349 702 1383 murz.

107 1441 158 1468 1⁶5
184 1427 278 1467 Ἀλλ’
301 1428 368 1480 οὔχ
387 1426 492 1478 ὁμοῖοί
515 1425 547 1479 γ’
568 1427 749 1479 ἔρινεοῒσιν
766 1426 945 1476 οὐδαμῶς.

242 1495 402 1546 (Athen.
433 1495 506 1540 III,
527 1493 577 1541 76
591 1493 635 1531 C.
652 1492 811 1545 ἐρινοῖς.)

186 1572 260 1612 Καὶ
273 1571 314 1611 τὸ
331 1576 394 1615 τᾶς
409 1569 590 1614 Χιτωνίας
609 1568 801 1617 αὐλησάτω
816 1568 867 1612 τίς
888 1583 949 1620 μοι
973 1567 1090 1620 μέλος.

238 1649 473 1701 (Stephanus
494 1650 585 1697 Byz.
609 1660 639 1684 s.
662 1660 697 1683 v.
720 1645 864 1693 Χιτώνη
884 1659 974 1697 pag.
998 1647 1074 1696 694
1097 1646 1161 1684 ed.

184 1708 351 1746 Meinek.
369 1719 379 1746 ε
394 1705 539 1752 Χιτώνη
553 1719 563 1730 ·
577 1704 687 1748 οὕτως
705 1707 728 1752 ἦ
747 1701 915 1756 Ἄρτεμις
932 1703 1087 1755 λέγεται,
1102 1703 1162 1742 καὶ

182 1765 344 1804 Χιτωνία
357 1767 432 1815 ,ὡς
453 1763 653 1817 Παρμένων
671 1765 690 1802 ὁ
707 1763 896 1809 Βυζάντιος
911 1763 973 1803 καὶ
986 1763 1163 1816 Ἐπίχαρ-

186 1841 248 1876 μος
269 1827 303 1864 ἐν
324 1823 493 1878 Σφιγγί.)

562 1914 712 1947 ΤΡΩΕΣ.

186 1985 325 2030 Παντὸς
343 1987 381 2024 ἐκ
400 1984 502 2031 ξύλου
523 1983 634 2038 κλῳός
648 1984 688 2024 τέ
706 1999 753 2023 κα
772 1983 907 2036 γένοιτο
918 1983 979 2022 καὶ
993 1983 1080 2027 θεός.

240 2065 452 2116 (Proverb.
484 2064 602 2104 Coisl.
636 2063 725 2103 168.
748 2064 799 2102 cf.
826 2063 972 2101 Zenob.
992 2064 1058 2108 IV,
1082 2075 1101 2108 7
1124 2061 1164 2098 ἐκ

184 2122 314 2167 παντὸς
334 2121 436 2167 ξύλου
450 2121 564 2175 κλῳὸς
580 2121 707 2173 γένοιτ’
729 2121 811 2174 ἄν.)

183 2200 252 2238 Ζεῦ
273 2197 342 2236 ἄνα
357 2197 464 2236 ναίων
483 2197 641 2250 Γάργαρ’
664 2197 854 2250 ἀγοίννιφα.

239 2277 250 2326 (
265 2278 440 2316 Macrob.
455 2276 611 2316 Saturn.
628 2278 674 2323 V,
692 2289 756 2313 20.
773 2274 874 2320 ἄναξ.
889 2273 991 2318 Ζεύς.
1010 2277 1164 2325 Legen-

175 2337 275 2390 ⁴dum
293 2336 399 2386 Ζεῧ.)

554 2470 719 2502 seinos.

105 2542 142 2572 Et
159 2539 285 2572 catinus
307 2539 427 2572 fictilis.
445 2557 488 2564 --

102 2601 140 2632 A.
160 2601 242 2638 Quae
254 2600 304 2632 est
317 2601 444 2631 mater?
469 2600 506 2634 Β.
524 2598 652 2631 ancilla.
667 2600 707 2631 A.
727 2598 806 2636 Quis
819 2599 867 2631 est
882 2599 992 2639 pater?

106 2661 141 2692 B.
162 2659 290 2692 ancilla.
314 2661 351 2691 A.
370 2660 450 2698 Quis
467 2668 543 2692 vero
564 2659 684 2692 frater?
699 2660 735 2691 B.
756 2658 882 2691 ancilla.

543 2736 709 2768 SPHINX.

100 2805 161 2839 Sed
179 2814 385 2847 nequaquam
405 2805 562 2848 caprificis
581 2806 712 2848 quidem
736 2806 862 2838 similia.
874 2826 916 2834 —

104 2866 142 2898 Et
158 2866 269 2899 Dianae
284 2874 414 2899 carmen
431 2865 547 2908 aliquis
568 2862 649 2898 mihi
666 2867 743 2899 tibia
766 2868 874 2899 canat.

555 2945 701 2977 TROES.

101 3012 150 3044 Ex
171 3012 258 3045 omni
273 3013 358 3054 ligno
375 3014 449 3054 boja
465 2998 522 3047 fiat
544 3017 577 3047 et
591 3014 683 3047 deus.
701 3032 743 3038 —-

30 3114 34 3121 .
100 3070 226 3113 Jupiter
243 3081 299 3106 rex
319 3073 467 3106 habitans
482 3075 624 3115 Gargara
641 3075 766 3107 nivosa.

480 3153 780 3186 PfflLocTETEs.

101 3221 187 3254 inter
207 3221 268 3254 alia
285 3224 394 3256 autem
412 3224 486 3256 ania
503 3225 569 3258 duo
592 3229 624 3258 et
639 3226 754 3268 geiliya
771 3226 849 3259 duo.
867 3246 909 3253 --

11 3263 26 3268 γ’
67 3292 69 3294 ·
99 3280 170 3312 Non
185 3283 234 3313 est
253 3281 499 3324 dithyrambus,
522 3284 652 3326 quando
669 3293 786 3335 aquam
803 3284 946 3316 bibis.-

99 3340 208 3381 Neque
222 3341 255 3373 in
273 3342 355 3375 cado
377 3343 577 3384 corruperim
601 3343 758 3386 [aquam]
774 3353 878 3385 neque
894 3344 925 3375 in
941 3342 1109 3383 amphora.

534 3422 710 3455 GHIRON.

100 3489 139 3520 Et
155 3487 264 3522 bibere
281 3489 413 3532 duplam
431 3499 524 3533 aquae
538 3491 655 3534 tepidae
672 3495 816 3533 partem,
834 3491 915 3524 duas
932 3491 1088 3523 heminas.

2222 247 2267 280 14
2279 248 2290 280 l

1623 321 1912 356 ΦῙΛΟΚΤΗΤΑΣ.

1317 394 1381 434 Ἔν
1401 394 1438 433 δὲ
1458 395 1609 448 σκόροδα
1623 396 1684 434 δύο
1701 396 1761 434 καὶ
1779 398 1983 449 γαθυλλίδες
2004 400 2078 442 δύο.

1373 472 1536 525 (Athen.
1559 474 1630 521 IX,
1647 475 1717 521 371
1738 476 1782 513 F.
1804 474 1818 525 )

1238 562 1289 590 170
1318 551 1396 589 Οὐκ
1417 548 1492 588 ἔστι
1513 548 1749 602 διθύραμὸος,
1764 550 1843 604 ὅκχ’
1863 534 1957 605 ὕδωρ
1973 552 2071 604 πίῃς.

1370 626 1537 679 (Athen.
1555 629 1660 675 XlV,
1676 628 1754 665 628
1772 630 1815 666 Β.
1843 628 1908 681 οὐχ
1928 627 2064 683 ὕδωρ.)

1320 702 1408 744 Οὔτ’
1435 707 1470 744 ἐν
1490 704 1588 757 κᾶδῳ
1609 704 1784 758 δηλοίμην
1804 705 1876 745 οὔτ’
1894 708 1929 746 ἔν
1952 708 2115 762 ἅμφορεῗ.

1372 782 1538 834 (Pollux
1557 785 1610 831 X,
1633 784 1726 834 71.)

1686 873 1854 905 ΧΕῙΡΩΝ.

1315 954 1389 994 Καὶ
1404 956 1496 993 πιεῖν
1515 953 1614 1007 ὕδωρ
1636 954 1821 994 διπλάσιον
1841 955 1988 1009 χλιαρόν
2004 986 2015 1005 ,
2034 957 2163 1008 ἡμίνας
2179 958 2251 999 δύο.

1369 1031 1531 1082 (Athen.
1555 1033 1661 1078 XIV,
1684 1032 1762 1076 648
1788 1035 1836 1080 D,
1859 1041 1896 1070 et
1917 1035 1992 1084 XI,
2013 1040 2090 1085 479
2111 1037 2184 1087 A.)

1682 1127 1846 1159 ΧΥΤΡΑῙ.

1312 1210 1405 1250 Ἀλλ’
1423 1209 1519 1260 ὅμως
1540 1207 1649 1247 καλαὶ
1669 1209 1730 1247 καὶ
1750 1209 1824 1248 πῒοι
1845 1208 1944 1261 ἄρνες
1959 1212 2164 1264 εὑρησοῧντί
2181 1229 2239 1264 μοι

1313 1270 1400 1309 δέκα
1419 1267 1546 1320 νόμους
1566 1269 1692 1322 πωλᾶ·
1712 1267 1809 1312 τοίας
1829 1267 1897 1321 γὰρ
1914 1269 1986 1308 ἐντὶ
2002 1275 2064 1315 τᾶς
2091 1273 2237 1325 ματρός.

1368 1352 1517 1403 (Pollux
1530 1353 1604 1398 IX,
1625 1366 1692 1403 79.
1714 1350 2000 1404 ευρησουσι-δέ
2019 1368 2078 1404 μοι
2098 1355 2158 1394 καὶ
2181 1356 2290 1407 νούμ-

1312 1428 1398 1465 μους
1418 1414 1589 1452 correxit
1603 1413 2046 1457 Βεηῑίεἰιιε-πωλατιᾶς.
2061 1414 2072 1465 )

1232 1516 1281 1543 175
1407 1510 1409 1512 ’
1508 1526 1509 1529 =
1950 1499 2103 1553 Κάρυξ’
2095 1501 2154 1540 ιὼν

1311 1560 1407 1605 εὐθὺς
1425 1559 1512 1614 πρία
1533 1574 1592 1610 μοι
1609 1557 1693 1598 δέκα
1713 1557 1831 1611 νόμων
1849 1558 1983 1613 μόσχον
1998 1559 2127 1599 καλᾶν.

1367 1640 1532 1691 (Pollux
1547 1640 1572 1675 l.
1597 1652 1632 1676 c.
1656 1632 2173 1691 κ’ἥρυξ-πριῶ-νούμμων·)

1523 1727 1579 1760 ΕΞ
1600 1728 1748 1760 ΑΛΛΩΝ
1771 1726 2008 1766 ΚΩΜῼΔῙΩΝ.

1309 1796 1356 1833 Α.
1372 1792 1464 1832 Ἀλλ’
1483 1792 1538 1831 ἀεὶ
1549 1792 1601 1832 τοὶ
1613 1792 1684 1830 θεοὶ
1694 1791 1862 1845 παρῆσαν
1875 1792 2071 1845 χὺπελίπον
2083 1792 2290 1833 οὖπώποκα·

1309 1853 1394 1892 τάδε
1411 1852 1440 1891 δ’
1456 1852 1510 1891 ἀεὶ
1530 1852 1678 1906 πάρεσθ’
1703 1854 1832 1904 ὁμοῖα,
1852 1853 1910 1891 διὰ
1933 1852 1969 1891 δὲ
1992 1855 2062 1892 τῶν
2084 1855 2198 1894 αὐτῶν
2217 1854 2288 1895 ἀεί.

1311 1914 1357 1953 Β.
1378 1911 1485 1951 Ἀλλὰ
1509 1911 1652 1964 λεγέται
1671 1912 1742 1964 μὰν
1763 1912 1853 1965 χάος
1869 1917 2002 1965 πρᾶτον
2029 1912 2192 1965 γενέσθαι
2219 1917 2289 1953 τῶν

2168 1974 2287 2026 [θεῶν.

1229 2047 1280 2072 180
1309 2035 1356 2073 A.
1384 2033 1471 2077 Πῶς
1497 2031 1555 2080 δέ;
1577 2031 1763 2085 ἀμάχανόν
1791 2034 1841 2084 γ’-
1868 2031 1940 2070 ἀπό
1960 2047 2053 2077 τινος
2072 2026 2170 2084 εἶμεν
2191 2032 2225 2081 ὅ,
2256 2050 2291 2072 τι

1989 2092 2150 2144 [πρᾶτον
2171 2093 2288 2144 μόλοι.

1308 2152 1372 2191 οὒκ
1393 2151 1448 2204 ἄρ’
1467 2150 1571 2200 ἔμολε
1591 2155 1724 2203 πρᾶτον
1745 2150 1844 2189 οὐδὲν
1861 2150 1939 2189 οὐδὲ
1967 2152 2017 2202 μὰ
2035 2152 2104 2191 Δία
2131 2152 2290 2206 δεύτερον

1311 2211 1421 2250 τωνδέ
1437 2213 1470 2262 γ’
1486 2215 1534 2250 ὡν
1554 2211 1670 2261 ἄμμες
1683 2226 1743 2249 νυν
1756 2204 1823 2248 ωδε
1842 2211 2002 2262 λέγομες.
2021 2213 2100 2250 ἀλλ’
2110 2211 2219 2250 τᾶδ”’
2199 2229 2287 2265 εχει.

1310 2273 1346 2309 αἰ
1358 2272 1437 2310 ποτ’
1454 2269 1602 2324 ἀριθμόν
1614 2285 1667 2314 τις
1678 2268 1845 2322 περισσόν
1860 2298 1871 2317 ,
1892 2272 1928 2309 αἰ
1942 2269 1978 2308 δὲ
1993 2272 2075 2323 λῇς,
2089 2287 2148 2311 τον
2170 2271 2289 2324 ἄρτιον

1308 2330 1479 2380 ποτθέμεν
1498 2332 1542 2382 λῇ
1556 2331 1671 2383 ψᾶφον
1685 2359 1695 2378 ,
1709 2328 1732 2376 ἢ
1754 2328 1804 2372 δις
1819 2329 1884 2367 τὰν
1904 2329 2135 2383 ὑπάρχουσαν
2151 2331 2289 2382 λαὸεῖν,

1543 2464 1748 2495 TABERNAE
1770 2464 1979 2495 OLLARIAE.

1224 2552 1285 2585 Sed
1309 2552 1418 2584 tamen
1445 2550 1593 2592 pulchrae
1609 2560 1700 2592 agnae
1722 2554 1755 2585 et
1774 2551 1909 2593 pingues
1925 2552 1998 2593 agni
2013 2552 2092 2585 mihi
2110 2562 2280 2595 compara·

2180 2612 2192 2655 [
2206 2613 2303 2647 bunt-

1222 2671 1343 2704 venditi
1362 2670 1475 2704 decem
1486 2679 1639 2703 nummos
1657 2683 1665 2704 :
1680 2670 1754 2703 talis
1767 2670 1854 2703 enim
1868 2673 1946 2704 sunt
1962 2671 2086 2704 matris.
2098 2689 2142 2695 —

1985 2733 2098 2764 Praeco
2125 2733 2289 2774 profectus

1220 2793 1331 2825 statim
1347 2801 1418 2825 eme
1434 2791 1512 2824 mihi
1534 2790 1647 2824 decem
1668 2790 1814 2823 nummis
1829 2791 1998 2832 pulchram
2013 2792 2163 2826 vitulam.

1529 2876 1584 2908 Ex
1606 2875 1715 2908 ALIIS
1738 2876 1913 2908 GOMOEDl
1920 2877 1967 2908 lS.

1220 2955 1257 2986 A.
1274 2952 1337 2986 Sed
1353 2961 1480 2997 semper
1495 2951 1538 2985 dii
1557 2953 1687 2985 suerunt
1706 2961 1812 2994 neque
1829 2962 1975 2994 unquam
1995 2952 2203 2994 defecerunt;

1220 3013 1290 3046 haec
1305 3022 1384 3046 vero
1401 3011 1536 3055 [rerum
1552 3012 1732 3055 principia]
1745 3013 1795 3045 sui
1807 3021 1934 3054 semper
1947 3012 2065 3045 similia
2082 3014 2160 3045 sunt
2177 3015 2210 3045 et
2224 3021 2281 3054 per

1851 3071 1984 3114 [eadem
2009 3081 2136 3114 semper
2158 3072 2281 3113 vigent.

1219 3133 1255 3165 B.
1274 3132 1447 3165 Enimvero
1459 3132 1558 3164 chaos
1574 3132 1714 3173 primum
1735 3131 1872 3164 deornm
1889 3132 2051 3164 exstitisse
2065 3133 2179 3164 fertur.

1218 3194 1256 3224 A.
1284 3191 1455 3231 Quomodo
1481 3192 1585 3224 vero?
1610 3191 1677 3224 fieri
1700 3195 1787 3224 certe
1809 3192 1942 3232 nequit,
1960 3191 1996 3224 ut
2016 3191 2105 3233 quod
2130 3191 2272 3232 primum

1406 3244 1410 3247 ’
1744 3250 1755 3293 [
1769 3251 1936 3292 proveniat
1958 3251 1999 3283 ab
2015 3250 2126 3298 aliquo
2142 3251 2274 3283 oriatur*

1217 3312 1282 3343 Nec
1294 3311 1391 3352 igitur
1406 3311 1547 3353 primum
1565 3310 1743 3352 quidquam
1770 3311 1917 3352 provenit
1953 3319 2058 3352 neque
2076 3319 2132 3352 per
2159 3311 2276 3342 Jovem

1217 3378 1330 3402 eorum
1344 3374 1431 3404 certe
1443 3379 1517 3413 quae
1533 3379 1593 3403 nos
1617 3371 1671 3402 hic
1684 3370 1835 3403 dicimus.
1855 3370 1916 3404 Sed
1933 3379 1983 3402 res
1996 3371 2041 3402 ita
2056 3369 2213 3402 sehabet.

1217 3429 1249 3462 Si
1266 3431 1338 3471 quis
1358 3430 1399 3463 ad
1414 3436 1587 3464 numerum
1605 3431 1779 3472 imparem,
1798 3431 1849 3462 vel
1867 3430 1893 3462 si
1917 3430 1983 3470 vis,
1999 3437 2108 3470 parem

1216 3490 1335 3525 addere
1352 3493 1431 3526 velit
1450 3501 1623 3525 numerum
1635 3516 1643 3531 ,
1669 3491 1718 3523 vel
1738 3493 1930 3533 praesentem
1951 3490 2000 3523 bis
2017 3497 2145 3522 sumere
2157 3511 2165 3527 ‚
