2612 3814
274 301 346 334 394

271 382 460 434 ἄφθαρτος·
479 379 502 428 ἥ
523 395 559 418 τε
580 378 647 433 γὰρ
670 383 729 419 τοῦ
752 378 936 432 σχήματος
959 378 1034 417 ἰδέα
1056 376 1200 421 κύκλος·
1219 370 1315 420 οὗτος

271 440 306 480 δὲ
323 440 492 479 πάντοθεν
509 438 581 483 ἴσος
600 438 659 477 καὶ
679 437 798 490 ὅμοιος
811 454 819 462 ·
842 438 961 490 διόπερ
983 437 1135 490 ἄναρχος
1151 436 1211 475 καὶ
1236 438 1316 474 ἀτε-

269 499 455 547 λεύτητος·
479 497 502 547 ἥ
532 514 568 537 τε
600 501 660 546 τῆς
682 497 849 546 κινήσεως
874 497 965 536 κατὰ
997 495 1145 535 κύκλον·
1172 494 1263 542 αὕτη
1281 494 1316 533 δὲ

270 558 499 613 ἄπαράὸατος
524 557 584 597 καὶ
605 557 796 603 ἀδιέξοδος·
816 556 837 596 ὅ
850 573 886 596 τε
905 555 1026 611 χρόνος
1042 558 1060 594 ὁ
1089 555 1253 607 ἄπειρος,
1281 554 1316 591 ἐν

270 612 368 672 ᾧπερ
399 621 422 666 ἡ
442 617 576 665 κίνησις
590 647 600 665 ,
617 617 674 656 διὰ
693 617 730 655 τὸ
751 616 840 667 μήτε
862 615 975 669 ἀρχὴν
1003 613 1182 666 εἰληφέναι
1205 613 1242 652 τὸ
1267 629 1318 651 κι-

269 675 433 728 νούμενον
453 676 543 727 μήτε
559 674 725 722 τελευτὴν
753 674 942 727 λήψεσθαι.
999 671 1049 713 ἽΙ
1068 688 1107 724 γε
1127 673 1195 724 μὴν
1217 671 1317 711 οὐσία

269 736 338 773 τῶν
363 734 582 787 πραγμάτων
613 733 803 778 ἀνέκὸατος
821 732 880 772 καὶ
901 731 1167 783 ἀμετάὸλητος,
1197 732 1252 770 διὰ
1279 732 1318 771 τὸ

272 794 361 846 μήτε
391 794 461 833 ἀπὸ
487 797 547 833 τοῦ
564 793 717 846 χείρονος
746 792 804 831 ἐπὶ
828 792 868 831 τὸ
893 793 1028 844 βέλτιον
1050 791 1140 840 μήτε
1169 791 1316 830 ἀπὸτοῦ

273 854 447 908 βελτίονος
466 855 523 892 ἐπὶ
540 855 578 892 τὸ
594 854 709 906 χεῖρον
728 851 919 906 πεφυκέναι
941 850 1191 902 μεταὸοίλλειν.
1250 850 1319 889 Ἐκ

270 912 401 954 τούτων
424 907 482 952 offae
507 912 672 951 ἁπάντων
701 914 820 964 σαφῶς
841 914 1047 958 πιστοῦται,
1067 909 1119 947 ὅτι
1143 911 1162 947 ὁ
1190 908 1320 959 κόσμος

271 972 435 1024 ἀγένητος
461 971 520 1011 καὶ
542 971 730 1024 ἄφθαρτος.
794 970 864 1010 Καὶ
895 969 977 1020 περὶ
999 968 1061 1020 μὲν
1084 971 1143 1007 τοῦ
1160 968 1240 1008 ὅλου
1261 968 1320 1007 καὶ

270 1036 330 1071 τοῦ
348 1031 475 1075 παντὸς
498 1029 573 1074 ἅλις
593 1029 757 1083 εἰρήσθω.

689 1152 815 1193 KRc».
847 1154 891 1192 B.

324 1278 346 1328 §
372 1285 404 1317 1.
425 1276 528 1316 Ἐπεὶ
547 1277 583 1315 δὲ
599 1277 633 1316 ἓν
648 1278 697 1329 τῷ
716 1275 821 1315 παντὶ
843 1274 882 1314 τὸ
903 1274 965 1326 μέν
985 1290 1038 1314 τοι
1057 1273 1209 1326 γένεσις,
1228 1273 1268 1313 τὸ
1286 1273 1322 1312 δὲ

270 1335 366 1374 αἰτία
385 1334 571 1388 γενέσεως,
598 1335 657 1374 καὶ
679 1335 810 1387 γένεσις
840 1333 901 1384 μὲν
933 1331 1020 1373 ὅπου
1051 1332 1230 1384 μεταὸολὴ
1260 1333 1321 1372 καὶ

270 1395 413 1439 ἔκὸασις
426 1397 494 1434 τῶν
509 1393 760 1446 ὑποκειμένων,
775 1392 870 1431 αἰτία
891 1392 926 1431 δὲ
946 1392 1111 1444 γενέσεως
1131 1391 1218 1431 ὅπου
1235 1393 1321 1430 ταῦ-

269 1453 373 1502 τότης
391 1457 451 1492 τοῦ
472 1454 712 1504 ὑποκειμένου·
739 1453 884 1505 φανερὸν
908 1451 962 1490 ὅτι
981 1452 1063 1504 περὶ
1084 1450 1147 1501 μὲν
1174 1451 1237 1499 τὴν
1265 1452 1322 1488 αἷ-

269 1513 347 1551 τίαν
363 1515 423 1560 τῆς
442 1513 608 1565 γενέσεως
626 1513 666 1551 τὸ
683 1513 794 1551 ποιεῖν
809 1511 869 1550 καὶ
882 1511 922 1550 τὸ
941 1516 1049 1550 κινεῖν
1077 1512 1170 1559 ἐστι,
1185 1510 1265 1563 περὶ
1286 1510 1322 1548 δὲ

269 1574 310 1611 τὸ
331 1572 518 1625 δεχόμενον
543 1572 607 1621 τὴν
633 1571 766 1623 γένεσιν
783 1570 823 1609 τό
841 1585 880 1610 τε
898 1569 1050 1622 πάσχειν
1075 1569 1136 1608 καὶ
1155 1569 1195 1608 τὸ
1213 1575 1324 1608 κινεῖ-

271 1635 366 1670 σθαι.
388 1633 410 1682 §
433 1639 470 1672 2.
488 1634 534 1671 Αἱ
557 1631 593 1670 δὲ
607 1637 726 1685 μοῖραι
748 1631 854 1670 αὔτοῧ
872 1629 1057 1683 διορίζουσι
1075 1628 1135 1667 καὶ
1156 1628 1323 1680 τέμνουσι

269 1690 310 1729 τό
330 1706 365 1729 τε
401 1690 561 1735 ἃειπαθὲς
593 1690 696 1743 μέρος
722 1694 782 1729 τοῦ
818 1689 954 1741 κόσμου
972 1688 1093 1728 καὶ-τὸ
1110 1689 1320 1736 ἀεικίνητον.

271 1749 409 1801 Ἰσθμὸς
428 1750 496 1803 γάρ
514 1752 605 1789 ἔστιν
625 1749 818 1794 ἀθανασίας
838 1750 898 1788 καὶ
925 1748 1091 1799 γενέσεως
1114 1750 1132 1786 ὁ
1152 1748 1232 1801 περὶ
1257 1747 1321 1792 τὴν

271 1809 421 1857 σελήνην
443 1809 585 1862 δρόμος.
642 1809 696 1849 Τὸ
724 1808 784 1861 μὲν
807 1809 937 1847 ἄνωθεν
959 1807 1047 1861 ὑπὲρ
1076 1807 1206 1855 ταύτης
1231 1813 1323 1856 πᾶν,

272 1867 333 1906 καὶ
350 1867 389 1906 τὸ
412 1868 467 1906 ἐπ’
491 1869 597 1915 αὐτῆς
627 1871 712 1907 θεῶν
740 1866 884 1920 κατέχει
911 1868 1021 1920 γένος·
1041 1867 1081 1906 τὸ
1103 1868 1132 1906 δ’
1161 1866 1326 1906 ὗποκάτω

273 1926 443 1977 σελήνης,
462 1925 593 1971 νείκους
612 1927 672 1965 καὶ
700 1926 846 1981 φύσεως.
921 1926 974 1966 Τὸ
997 1926 1060 1977 μὲν
1087 1926 1154 1979 γάρ
1176 1927 1269 1964 ἐστιν
1290 1926 1324 1964 ἐν

274 2076 513 2118 auctoritatem,
524 2076 578 2117 qui
589 2076 610 2108 ἅ
621 2087 653 2109 τε
665 2079 719 2114 τᾶς
727 2076 865 2114 κινάσιος
876 2077 907 2109 in
918 2077 1090 2118 exemplari
1102 2085 1162 2109 suo
1173 2077 1330 2117 scriptum

273 2123 418 2156 ostendit.

317 2171 396 2210 αὕτη
417 2170 462 2213 δὲ]
479 2171 626 2204 stobaeus
645 2172 724 2204 αὐτὰ
740 2172 772 2205 δὲ
792 2171 813 2203 ἰ.
834 2179 862 2203 e.
881 2171 958 2211 αὐτὴ
977 2171 1027 2211 δὲ,
1046 2170 1151 2203 minus
1171 2171 1268 2203 recte.

316 2219 334 2250 ὁ
353 2218 490 2260 ἄπειρος]
509 2218 603 2251 codd.
625 2221 714 2251 Parr.
731 2221 767 2251 Α.
791 2222 822 2251 et
849 2220 899 2260 B.;
918 2218 1071 2251 articulus
1092 2218 1180 2250 deest
1205 2218 1238 2250 in
1255 2216 1328 2249 cod.

278 2266 329 2306 C.‚
347 2275 442 2307 porro
461 2265 544 2306 apud
561 2266 725 2299 stobaeum
745 2267 776 2299 et
793 2266 823 2298 in
841 2267 965 2300 Lovan.
981 2266 1029 2298 ed.
1046 2267 1157 2298 Exstat
1173 2267 1280 2297 autem
1298 2265 1330 2296 in

275 2312 348 2345 edd.
364 2313 454 2346 Vizz.
474 2315 557 2346 nati.
575 2313 675 2354 Rud.,
687 2313 772 2355 apud
786 2313 958 2346 Patricium
975 2315 1012 2346 T.
1028 2314 1060 2345 ΙΙ
1076 2313 1131 2346 lib.
1150 2315 1191 2346 vl
1207 2322 1240 2354 p.
1256 2316 1329 2345 296.

277 2360 495 2393 commelinus
511 2370 585 2393 enm
600 2361 691 2393 uncis
710 2360 849 2393 inclussst.

318 2407 394 2449 μήτε
415 2408 525 2451 ἀρχὴν]
540 2409 591 2441 Sic
607 2409 717 2449 codd.;
736 2410 779 2452 μὴ
795 2409 826 2441 δὲ
841 2409 939 2450 ἀρχὴν
955 2408 1121 2441 Patricius.

248 2492 252 2496 ¹
316 2455 459 2494 τελευτὴν
474 2456 638 2497 λήψεσθαι.
652 2457 672 2495 ἥ
687 2467 722 2497 γε
745 2455 817 2498 μὴν]
834 2457 885 2488 Ita
898 2464 1010 2488 omncs
1023 2455 1132 2496 codd.;
1150 2454 1206 2487 sed
1222 2454 1334 2487 vitiose

278 2502 427 2534 stobaeus
441 2504 584 2536 τελευτὰν
602 2503 746 2545 λάμψειν.
765 2505 783 2536 ὁ
798 2504 836 2542 δὴ
853 2503 874 2535 ἅ
892 2515 926 2535 τε
941 2503 1002 2546 μὰν
1021 2515 1052 2535 κ.
1068 2515 1096 2535 τ.
1113 2503 1141 2535 λ.
1160 2511 1199 2535 ac
1218 2501 1334 2534 deinde

279 2548 477 2586 ἁνέκὸοικτος.

321 2596 371 2628 ἐπὶ
387 2596 424 2629 τὸ
444 2597 576 2640 βέλτιον]
594 2598 741 2630 Stobaeus
759 2598 801 2634 εἰς
815 2598 850 2630 τὸ
868 2598 998 2639 βέλτιον.

323 2646 490 2686 πεφυκέναι
511 2645 724 2688 μεταὸάλλειν]
742 2645 831 2678 Stob.
853 2646 986 2687 πέφυκεν
1007 2644 1207 2686 μεταὸἀλλεν.

321 2690 409 2733 ὅλου]
424 2692 517 2723 codd.
535 2695 622 2724 Parr.
640 2694 678 2725 A.
698 2696 730 2725 et
745 2694 797 2733 B.;
818 2692 874 2725 sed
892 2694 929 2724 C.
948 2693 1101 2724 mendose
1114 2692 1209 2731 λόγου
1226 2700 1335 2733 quam-

284 2747 382 2779 quam
396 2739 428 2770 in
445 2740 586 2780 margine
601 2739 739 2772 secunda
758 2748 856 2771 manu
875 2740 1029 2781 scriptum
1049 2743 1096 2772 est
1115 2739 1200 2771 ὅλου.

323 2788 401 2830 ἅλις]
429 2789 523 2821 codd.
553 2792 644 2822 Parr.
669 2791 708 2822 A.
732 2793 764 2822 et
784 2791 834 2830 B.;
863 2789 935 2822 cod.
960 2791 996 2822 C.
1019 2790 1133 2822 vitiose
1152 2790 1275 2830 ἄλλοις,
1303 2789 1337 2821 in

283 2836 425 2877 margine
441 2838 549 2869 autem
563 2836 676 2877 legitur
689 2836 828 2869 secunda
843 2845 939 2869 manu
958 2837 1098 2878 positum
1115 2837 1191 2874 ἅλις.

322 2894 392 2925 κεφ.
412 2884 451 2925 β’.
471 2883 561 2917 deest
579 2885 610 2916 in
626 2884 722 2917 codd.
736 2886 825 2917 Parr.

326 2930 345 2972 §
369 2934 396 2964 1.
421 2933 511 2964 Hanc
531 2939 660 2972 quoque
688 2931 922 2972 paragraphum
946 2931 1094 2965 Stobaeus
1115 2931 1249 2965 inseruit
1269 2931 1336 2964 Ecl.

287 2978 385 3019 Phys.
406 2987 436 3019 p.
454 2980 506 3010 45.
529 2978 685 3011 Patricius
701 2978 783 3010 hanc
797 2980 830 3012 et
846 2982 1030 3020 sequentem
1059 2988 1161 3020 usque
1181 2980 1220 3011 ad
1246 2987 1341 3012 voces

285 3028 338 3059 καὶ
356 3026 477 3068 φύσεως
492 3027 604 3059 citavit
620 3026 650 3059 in
667 3027 754 3059 Disc.
776 3027 881 3068 Perip.
903 3029 940 3060 T.
965 3029 997 3059 11
1016 3027 1072 3059 lib.
1090 3029 1138 3059 VI
1155 3036 1226 3069 pag.
1247 3030 1318 3060 239.

328 3074 394 3106 ἐπεὶ
411 3073 438 3107 δ’
459 3074 491 3107 ἐν
506 3077 553 3116 τῷ
577 3073 681 3116 παντὶ]
701 3074 792 3107 stob.
811 3073 906 3106 ἑπειδ’
927 3074 957 3106 ἐν
974 3077 1019 3116 τῷ
1040 3074 1200 3116 περίπαντι
1218 3076 1249 3108 ct
1268 3077 1341 3117 post

286 3121 340 3162 μὲν
358 3120 447 3153 deest
462 3132 522 3154 τοι.
543 3121 699 3153 Patricius
717 3130 725 3152 :
741 3121 806 3153 ἐπεὶ
821 3120 847 3153 δ’
861 3140 902 3148 -
915 3121 1018 3162 μέντοι
1035 3139 1078 3144 -
1093 3121 1128 3153 τὸ
1148 3121 1174 3153 δ’
1193 3123 1255 3155 αἰτ.

327 3168 445 3208 γένεσις
461 3167 529 3210 μὲν]
546 3167 640 3200 codd.
657 3170 760 3209 Parr.;
780 3168 834 3210 μὲν
850 3168 1051 3201 desideratur
1065 3168 1098 3200 in
1115 3169 1187 3201 cod.
1206 3171 1284 3203 Vat.

327 3216 381 3247 καὶ
399 3214 538 3256 ἔκὸασις]
554 3215 647 3247 codd.
668 3217 771 3257 Parr.;
788 3216 841 3248 καὶ
861 3218 880 3254 ἡ
898 3215 1025 3253 ἕκὸασις
1037 3216 1209 3249 vizzanius
1231 3226 1249 3250 e
1265 3218 1338 3251 cod.

287 3263 360 3295 Vat.

329 3312 392 3342 τῶν
407 3311 553 3352 ὑποκειμ.
571 3328 614 3333 -
627 3310 706 3343 ὅπου
731 3310 892 3353 ταύτότης]
919 3312 997 3343 Hoec
1027 3311 1144 3343 omissa
1162 3314 1238 3344 sunt
1257 3312 1340 3354 apud

290 3357 474 3396 stobaeum,
496 3357 580 3398 apud
599 3367 695 3399 quem
717 3360 871 3399 praeterea
890 3367 953 3390 non
970 3359 1118 3398 leguntur
1135 3359 1182 3391 ὅτι
1200 3360 1272 3400 post
1285 3371 1341 3401 φα-

289 3405 374 3446 νερὸν
392 3405 424 3436 et
438 3408 493 3443 τῆς
508 3406 581 3437 ante
595 3406 755 3445 γενέσεως.

331 3451 367 3484 τὸ
383 3455 482 3484 ποιεῖν
502 3453 555 3484 καὶ
570 3453 607 3485 τὸ
631 3453 739 3495 κινεῖν]
760 3454 805 3486 tta
823 3453 918 3486 codd.
938 3453 1143 3494 parisiensem
1165 3454 1312 3487 Stoboeus
1332 3465 1340 3487 :

290 3498 327 3530 τό
339 3509 373 3531 τε
388 3501 487 3531 ποιεῖν
503 3500 556 3531 καὶ
570 3503 675 3532 κινεῖν.
695 3500 856 3533 Articulus
872 3504 946 3534 ante
961 3505 1067 3540 κινεῖν,
1079 3501 1134 3542 qui
1148 3501 1238 3534 deest
1257 3503 1340 3544 apud

292 3545 464 3578 Patricium
485 3547 518 3579 et
536 3547 726 3589 Nogaroiam
738 3572 747 3589 ‚
764 3556 783 3581 a
800 3548 999 3582 Commelino
1017 3549 1109 3582 uncis
1128 3548 1268 3582 inclusus
1280 3552 1340 3583 est.

1124 289 1309 330 OCELLI
1342 285 1534 328 LUCANI

1375 376 1484 416 figurae
1502 374 1570 414 ejus
1583 372 1705 414 species
1721 372 1852 414 globosa
1869 376 1935 413 est,
1952 372 2095 414 undiquc
2108 381 2164 414 par
2176 375 2207 405 et
2224 372 2276 405 nui
2289 372 2423 414 similis;

1374 434 1572 475 quapropter
1592 431 1748 473 principio
1771 434 1859 464 caret
1880 433 1912 465 et
1930 432 2004 465 fine.
2049 432 2200 465 notionis
2225 441 2355 474 qnoque
2373 432 2426 466 illa

1376 492 1499 534 species
1518 495 1567 524 est
1595 500 1670 533 quae
1690 491 1722 524 in
1745 493 1856 527 orbem
1886 494 2125 535 circumfertur,
2153 497 2305 536 perpetua
2321 503 2427 538 neque

1375 553 1431 585 ulli
1450 552 1661 585 vicissitudini
1677 551 1827 586 obnoxia.
1870 555 2011 596 Tempus
2034 554 2111 588 item
2131 557 2178 587 est
2199 553 2380 596 inlinitum,
2393 554 2428 587 in

1381 620 1447 652 quo
1476 614 1623 643 versatur
1650 612 1778 652 motus,
1797 612 1872 653 quia
1890 612 1923 645 id
1948 613 2035 655 quod
2061 617 2212 646 movetur
2227 622 2292 646 non
2317 612 2428 646 habuit

1378 670 1509 702 initium
1523 694 1533 710 ,
1566 678 1672 712 neque
1704 670 1802 703 linem
1821 671 2006 704 habiturum
2036 674 2095 705 est.
2141 672 2327 706 Substantia
2351 681 2431 706 vero

1378 740 1485 764 rerum
1507 729 1621 763 iisdem
1639 738 1765 772 semper
1778 730 1895 764 linibus
1912 732 2151 774 circumscripta
2174 732 2206 766 et
2221 731 2432 765 immutabilis

1378 794 1450 832 est,
1468 791 1587 834 quippe
1614 792 1708 833 cujus
1735 800 1800 825 non
1821 800 1858 824 ea
1880 792 1920 825 sit
1956 794 2093 833 natura,
2124 794 2162 826 ut
2189 802 2208 826 e
2227 791 2379 827 deteriori
2397 793 2430 826 iu

1379 851 1493 883 melius
1506 874 1515 888 ,
1535 859 1553 883 e
1569 849 1692 882 meliori
1719 849 1752 882 in
1776 849 1920 883 deterius
1946 851 2100 884 transeat.
2145 852 2191 884 Ex
2207 851 2258 885 his
2277 851 2374 894 igitur
2391 860 2430 885 o·

1380 909 1509 942 mnibus
1526 909 1646 951 liquido
1663 910 1788 942 constat
1803 908 1962 942 mundum
1979 918 2084 951 neque
2099 911 2212 943 natum
2229 919 2300 944 esse
2323 919 2430 953 neque

1380 969 1599 1002 interiturum.
1643 971 1689 1002 Ac
1709 968 1750 1002 de
1773 969 1842 1002 tota
1872 968 1985 1002 mundi
2004 977 2159 1012 compage
2186 971 2218 1003 et
2237 978 2344 1004 rerum
2362 969 2434 1003 uni-
2453 983 2461 991 ·

1380 1027 1531 1061 versitate
1554 1027 1623 1060 lltrc
1639 1027 1759 1061 dixisse
1778 1027 1930 1060 sufficiat.

1827 1159 1920 1190 CAP.
1945 1160 1986 1190 ll.

1423 1276 1453 1318 ς.
1483 1280 1511 1308 1.
1536 1277 1646 1314 Quum
1669 1276 1779 1308 autem
1798 1275 1829 1307 in
1853 1275 2003 1307 universo
2019 1274 2092 1307 duae
2112 1274 2310 1316 reperiantur
2328 1282 2437 1308 rerum

1383 1330 1524 1373 species,
1545 1339 1683 1372 quarum
1707 1330 1807 1363 altera
1832 1329 2013 1371 generatio,
2032 1329 2132 1362 altera
2150 1329 2360 1370 generationis
2377 1329 2436 1363 lia-

1384 1388 1477 1421 betur
1490 1395 1586 1420 causa
1596 1410 1605 1426 ,
1619 1394 1656 1418 ac
1671 1385 1832 1427 generatio
1848 1384 1978 1426 quidem
1992 1393 2028 1417 ea
2043 1385 2084 1417 sit
2094 1408 2104 1425 ,
2121 1393 2185 1426 qua
2201 1393 2251 1418 res
2266 1384 2344 1426 ipsae
2363 1392 2436 1417 mu—

1384 1445 1495 1476 tantur
1508 1444 1606 1484 atque
1621 1451 1639 1475 e
1664 1443 1748 1474 statu
1763 1450 1821 1474 suo
1838 1441 1870 1473 in
1885 1440 1983 1473 alium
2008 1441 2178 1473 transeunt
2202 1452 2211 1473 z
2228 1440 2440 1482 generationis

1385 1507 1462 1531 vero
1480 1506 1575 1530 causa
1587 1521 1597 1538 ,
1618 1505 1681 1538 qua
1693 1495 1836 1537 subiecta
1853 1504 1902 1528 res
1917 1494 2031 1528 eadem
2043 1497 2193 1528 servatur
2207 1498 2239 1528 et
2259 1497 2438 1537 permanet,

1386 1554 1470 1586 lianc
1495 1562 1571 1586 sane
1597 1551 1757 1585 efficiendi
1777 1553 1810 1585 et
1838 1551 1988 1584 movendi
2005 1551 2070 1584 vim
2093 1551 2229 1593 habere,
2248 1551 2337 1584 illam
2363 1559 2441 1584 vero

1387 1609 1451 1650 pati
1471 1611 1502 1641 et
1521 1608 1644 1641 moveri
1661 1607 1867 1650 perspicuum
1877 1608 1937 1640 est.
1982 1606 2002 1649 §
2017 1611 2047 1639 2.
2061 1608 2223 1640 Caeterum
2240 1607 2346 1648 partes
2363 1606 2440 1639 uni·

1387 1665 1470 1698 versi
1488 1665 1688 1705 distinguunt
1705 1672 1743 1696 ac
1764 1664 1915 1704 separant
1935 1671 2061 1704 semper
2080 1662 2245 1704 patibilem
2261 1671 2298 1696 ac
2314 1670 2440 1704 semper

1387 1721 1541 1753 mobilem
1555 1719 1669 1752 mundi
1680 1719 1870 1761 portionem.
1885 1719 1940 1752 Est
1953 1718 2038 1751 enim
2048 1718 2135 1751 lunoe
2147 1727 2261 1751 cursus
2273 1717 2442 1751 immorta-

1387 1776 1486 1808 litatis
1494 1784 1530 1808 ac
1541 1775 1753 1816 generationis
1760 1774 1851 1816 quasi
1861 1773 2016 1807 terminus
2024 1773 2152 1815 quidam
2164 1783 2202 1807 ac
2214 1773 2297 1806 linis.
2318 1776 2391 1813 Quo
2405 1773 2442 1806 lit

1389 1833 1425 1864 ut
1440 1831 1624 1863 universam
1643 1830 1803 1871 regionem
1822 1833 1886 1861 tam
1907 1838 2097 1876 quae-supra
2113 1828 2236 1870 lunam,
2249 1837 2349 1870 qnam
2365 1836 2441 1870 quae.

1388 1884 1421 1916 in
1445 1883 1513 1925 ipsa
1527 1883 1603 1915 luna
1623 1883 1672 1915 est
1691 1882 1826 1915 deorum
1852 1883 2099 1922 teneatgenus,
2119 1890 2157 1914 ea
2172 1890 2249 1914 vero
2265 1889 2340 1922 quoe
2357 1880 2440 1913 inl'ra

1389 1938 1500 1970 lunam
1521 1938 1587 1976 cst,
1605 1936 1803 1969 contentioni
1817 1938 1849 1968 et
1868 1935 2062 1977 generationi
2081 1935 2202 1968 tributa
2216 1935 2270 1967 sit.
2289 1936 2440 1975 Namque

1395 2076 1523 2117 Legitur
1553 2079 1662 2108 autem
1694 2075 1724 2107 in
1757 2074 1830 2107 edd.
1855 2076 1974 2107 Loran.
1999 2074 2134 2106 Vizzan.
2162 2075 2250 2106 Batt.
2279 2073 2443 2115 Rudolpli.

1434 2124 1452 2166 ἓ
1471 2129 1501 2156 2.
1528 2128 1632 2166 μοῖραι
1653 2122 1761 2164 αὐτοῦ]
1779 2126 1882 2174 μοῖραι
1901 2123 1992 2154 αὐταὶ
2012 2122 2044 2154 in
2070 2121 2230 2163 plerisque
2250 2121 2446 2155 editionibus

1393 2175 1517 2213 exstat,
1534 2171 1589 2204 sed
1619 2171 1714 2203 codd.
1741 2171 1830 2202 Vatt.
1860 2179 1896 2201 ac
1924 2172 2012 2202 l‘arr.
2031 2171 2066 2202 B.
2084 2170 2121 2201 C.
2143 2170 2255 2207 αὐτοὺς
2281 2169 2398 2202 liabent
2414 2170 2447 2202 et

1393 2219 1490 2251 editio
1522 2218 1728 2251 Lovaniensis
1747 2220 1814 2250 τοῦ.
1837 2217 1998 2250 Patricius
2017 2217 2109 2249 αὗται
2138 2217 2236 2258 legit,
2256 2217 2310 2249 sed
2338 2219 2447 2250 tamen

1394 2276 1457 2298 non
1479 2266 1572 2299 aliter
1591 2270 1688 2306 atque
1710 2264 1867 2305 Nogarola
1889 2264 1986 2296 vertit
2002 2263 2088 2304 sata
2112 2266 2204 2306 ipsa.
2222 2265 2305 2297 Hinc
2325 2265 2448 2298 Rudol·

1395 2315 1475 2355 plius
1498 2313 1660 2354 duplicem
1692 2313 1910 2352 conjecturam
1941 2311 2106 2352 proposuit
2135 2311 2227 2344 αὗται
2253 2312 2304 2345 vel
2331 2313 2446 2354 αὐτοῦ,

1395 2362 1602 2403 posteriorem
1629 2369 1706 2393 vero
1730 2359 1896 2392 contextui
1927 2359 2072 2392 inseruit.
2103 2361 2238 2393 Praestat
2268 2361 2353 2393 enim
2377 2360 2447 2394 liaec

1395 2412 1524 2451 propter
1534 2408 1700 2451 sequentia
1711 2432 1721 2449 ‚
1735 2417 1773 2441 eo
1784 2411 1916 2449 accepta
1925 2416 2017 2440 sensu
2030 2416 2125 2448 quem
2140 2407 2172 2440 in
2187 2408 2449 2450 interpretatione

1394 2466 1547 2499 expressi.

1436 2505 1472 2537 τό
1499 2515 1532 2536 τε
1552 2503 1695 2541 ἀειπαθὲς
1722 2503 1811 2545 μέρος
1831 2506 1886 2535 τοῦ
1913 2502 2037 2543 κόσμου
2063 2504 2116 2535 καὶ
2134 2504 2170 2536 τὸ
2195 2503 2382 2546 ἀεικίνητον]
2401 2505 2451 2537 ita

1396 2552 1467 2584 cod.
1485 2554 1561 2584 Vat.
1580 2553 1664 2584 teste
1681 2550 1902 2584 Siebenkeesio
1913 2554 1945 2583 et
1955 2551 2113 2583 Patricius
2129 2551 2151 2584 l.
2167 2560 2211 2592 c.;
2228 2551 2323 2592 vulgo
2337 2552 2452 2590 ἀπαθὲς

1396 2603 1428 2632 et
1445 2600 1601 2637 ἀκίνητον.
1627 2600 1744 2631 Utrum
1767 2598 1937 2632 Battaesius
1953 2598 2127 2637 ἀεικίνητον
2141 2608 2158 2631 e
2176 2599 2271 2631 codd.
2292 2599 2452 2632 Paris-ien-

1397 2647 1485 2679 sibus
1512 2655 1553 2678 an
1580 2645 1709 2678 aliunde
1730 2645 1898 2686 petiverit,
1919 2645 2076 2678 incertum
2096 2647 2161 2684 est,
2179 2655 2282 2688 quum
2302 2644 2452 2681 pern-‚us

1397 2695 1474 2726 ninii
1499 2695 1549 2726 liic
1565 2693 1755 2726 enotaverit.
1778 2693 1859 2725 lllud
1886 2696 2009 2725 tantum
2036 2693 2238 2733 mirandum,
2256 2694 2340 2736 quod
2366 2695 2452 2735 apud

1399 2742 1582 2775 Batimsium
1602 2741 1716 2777 ἀπαθὲς
1733 2744 1764 2772 et
1783 2740 1956 2779 ἀεικίνητον
1971 2743 2187 2781 opponuntur.

1438 2786 1601 2836 γενέσεως]
1615 2788 1694 2820 Cod.
1713 2790 1784 2820 Par.
1802 2788 1839 2820 C.
1853 2789 2025 2828 γεννήσεως
2035 2812 2044 2828 ,
2059 2797 2122 2820 non
2137 2788 2230 2822 male.
2247 2788 2328 2821 cod.
2340 2790 2380 2822 A.
2397 2789 2450 2821 lia-

1399 2836 1452 2868 bet
1481 2835 1613 2877 quidem
1636 2835 1802 2875 γενέσεως,
1820 2835 1875 2867 sed
1898 2835 2038 2867 secundo
2054 2846 2068 2867 ε
2085 2835 2321 2876 superpositum
2348 2840 2396 2868 est
2419 2847 2451 2874 η.

1399 2884 1479 2917 cod.
1501 2884 1538 2916 B.
1558 2883 1726 2924 γενέσεως,
1746 2882 1832 2923 quod
1857 2885 1893 2914 ut
1913 2882 1984 2923 liic,
2003 2882 2050 2914 ita
2077 2882 2173 2924 paulo
2199 2885 2272 2924 post
2292 2882 2366 2916 ferri
2394 2893 2451 2924 po·

1399 2934 1472 2965 test.

1441 2978 1491 3011 ἐπ’
1506 2977 1614 3021 αὐτῆς]
1636 2986 1654 3010 c
1671 2976 1832 3017 Rudolphi
1862 2976 2064 3018 conjectura;
2092 2976 2142 3009 ἐπ’
2166 2977 2263 3017 αὐτὴν
2287 2978 2401 3019 legitur
2419 2978 2452 3011 in

1399 3029 1472 3060 Par.
1500 3030 1538 3060 Α.
1571 3028 1668 3068 atque
1692 3025 1725 3058 in
1753 3025 1826 3058 edd.
1854 3027 1980 3058 comm.
2007 3024 2078 3057 Gal.
2112 3027 2268 3066 Dargens.
2307 3028 2451 3067 Battaes.;

1400 3075 1576 3114 ἐπαναυτῆν
1596 3075 1716 3115 Nogar.
1736 3073 1855 3106 Patric.
1880 3074 2024 3112 Vizzan.;
2047 3073 2099 3104 ὑπ’
2121 3074 2217 3112 αὐτὴν
2243 3074 2337 3107 codd.
2354 3076 2442 3108 vait.

1400 3124 1433 3155 et
1449 3124 1540 3156 Parr.
1559 3123 1596 3155 B.
1613 3123 1662 3162 C.‚
1679 3121 1764 3154 unde
1788 3129 1875 3153 error
1898 3120 1932 3152 in
1962 3119 2135 3153 editionem
2165 3122 2391 3155 Lovaniensem
2407 3123 2453 3156 ir·

1401 3170 1510 3211 repsit.

1442 3219 1528 3259 γένος
1540 3226 1548 3234 ·
1566 3218 1603 3250 τὸ
1621 3217 1648 3250 δ’
1665 3215 1814 3249 ὑποκάτω
1831 3234 1871 3244 -
1890 3214 2023 3257 φύσεως]
2043 3215 2137 3248 codd.
2157 3218 2245 3248 Parr.
2272 3220 2309 3250 Α.
2339 3219 2372 3250 et
2399 3218 2451 3256 c.;

1401 3266 1433 3298 in
1461 3266 1533 3298 cod.
1554 3267 1590 3298 B.
1616 3265 1687 3298 haec
1715 3265 1862 3305 leguntur
1887 3264 1985 3304 γένος.
2012 3263 2048 3295 τὸ
2074 3264 2106 3295 δὲ
2130 3265 2211 3305 ὑπο,
2228 3266 2343 3296 caetera
2362 3273 2452 3297 erasa

1400 3316 1493 3355 sunt,
1511 3313 1616 3346 deleto
1631 3315 1739 3345 autem
1756 3310 1888 3343 dimidio
1916 3320 2010 3343 versu
2029 3311 2073 3342 ita
2097 3312 2197 3351 pergit
2223 3311 2372 3344 librarius
2391 3312 2452 3344 ετὸ

1402 3361 1457 3403 μὲν
1474 3360 1533 3403 γάρ
1549 3360 1676 3393 ἐστινέν
1689 3360 1765 3401 αὐτῇ
1779 3359 1921 3400 διαλαγή.
1940 3360 1975 3391 ln
1992 3358 2043 3390 his
2057 3359 2160 3391 verbis
2173 3360 2232 3401 γὰρ
2249 3358 2451 3400 particulam,

1402 3417 1499 3447 quam
1521 3408 1606 3450 apud
1626 3407 1817 3448 Nogarolam
1841 3405 2050 3438 desideratam
2069 3415 2086 3439 e
2105 3407 2199 3438 codd.
2220 3407 2312 3438 vait.
2335 3405 2452 3446 adjecit

1401 3455 1572 3487 vizzanius
1582 3479 1592 3496 ‚
1603 3463 1716 3487 omnes
1729 3453 1824 3486 codd.
1840 3455 1931 3487 Parr.
1946 3453 2077 3485 liabent.
2095 3456 2133 3487 At
2147 3454 2177 3486 ἐν
2194 3454 2272 3495 αὐτῇ
2288 3454 2449 3495 διαλλαγῇ,

1402 3503 1487 3544 quod
1501 3511 1613 3535 omnes
1626 3501 1765 3534 editores
1778 3502 1894 3543 practer
1907 3500 2115 3542 Rudolphum
2129 3502 2274 3541 tuentur,
2291 3499 2448 3541 repudiari

1401 3552 1538 3592 oportet.
1559 3553 1669 3591 Neque
1686 3549 1770 3582 enim
1790 3548 1829 3581 ad
1845 3549 1975 3587 σελήνην
1994 3548 2148 3590 pertinet,
2166 3548 2219 3581 sed
2233 3547 2272 3580 ad
2286 3547 2322 3580 τὸ
2336 3550 2398 3580 πᾶν
2413 3547 2449 3579 τὸ
