2612 3814
459 275 1004 404 ΖΗΝΩΝΟΣ
1067 276 1988 360 ΑΠΟΣΠΑΣΜΑΤΙΑ.

168 553 194 579 1.
217 537 284 578 Διὰ
303 541 405 577 τοῦτο
420 537 498 576 λύει
514 535 554 591 [6
571 535 841 590 Ἀριστοτέλης]
859 537 920 576 καὶ
946 537 1004 576 τὸν
1030 537 1192 585 Ζήνωνος

221 600 283 636 τοῦ
300 596 471 637 Ἐλεάτου
499 596 630 649 λόγον,
659 595 695 635 ὃν
722 595 826 649 ἤρετο
862 595 1103 670 Πρωταγόραν
1133 597 1190 635 rbv

219 655 403 720 σοφιστην.
459 655 548 695 Εἰπὲ
571 655 638 709 γάρ
671 671 750 706 μοι,
777 655 863 707 ἔφη,
892 673 921 694 ω
943 655 1191 709 Πρωταγόρα,

219 721 287 769 ἀρα
322 717 339 754 6
369 718 416 759 εἷς
445 713 593 767 κέγχρος
624 713 834 754 καταπεσὼν
856 713 964 768 ψόφον
983 719 1076 753 ποιεῖ
1103 713 1125 760 ἢ
1153 714 1192 752 τὸ

220 790 302 827 μυρι
295 789 404 812 ,οστον
421 777 484 812 τοῦ
501 774 673 826 κέγχρους
687 789 748 813 του
763 773 799 812 δὲ
816 773 971 817 εἰπόντος
989 772 1038 824 μὴ
1059 773 1170 811 ποιεῖν
1182 803 1192 821 ,

219 833 263 872 Ὁ
291 831 327 871 δὲ
357 831 543 882 μέδιμνος,
579 831 668 885 ἔφη,
696 834 765 870 τῶν
787 830 947 884 κέγχρων
981 830 1192 869 καταπεσυν

219 891 313 930 ποιεῖ
330 890 484 945 ψόφον*
465 908 487 937 η
502 890 563 938 οὔ;
584 906 646 928 του
668 889 702 929 δὲ
720 890 841 943 ψοφειν
866 889 1022 933 εἰπόντος
1045 889 1102 927 τὸν
1127 889 1193 940 μέ-

219 951 362 1002 διμνον,
384 949 433 989 Τί
454 953 534 997 οὐν,
557 948 624 1002 ἔφη
644 950 662 987 6
686 948 833 999 Ζήνων,
852 949 914 987 οὐκ
929 964 1003 987 εστι
1016 948 1117 1000 λόγος
1133 951 1194 986 τοῦ

219 1009 385 1061 μεδίμνου
403 1011 470 1048 τῶν
491 1008 648 1081 κέγχρων
668 1007 753 1060 πρὸς
774 1007 833 1047 τὸν
853 1007 912 1046 ἕνα
935 1009 997 1046 καὶ
1015 1006 1055 1045 τὸ
1044 1022 1193 1082 μυριο-

218 1068 299 1107 στὸν
321 1085 381 1107 του
402 1069 495 1118 ἑνός;
517 1085 578 1108 του
597 1067 631 1107 δὲ
655 1068 826 1122 φήσαντος
846 1070 950 1115 εἶναι,
965 1066 1012 1106 Τί
1026 1060 1083 1104 ουν
1096 1067 1189 1119 ,ἔφη

217 1126 249 1166 6
254 1127 397 1176 Ζήνων,
412 1130 450 1166 οὗ
462 1128 523 1167 καὶ
539 1144 608 1167 των
621 1127 774 1202 ψόφων”
755 1142 893 1166 εσονται
913 1126 1010 1178 λόγοι
1023 1125 1109 1179 πρὸς
1129 1128 1192 1164 ἀλ-

215 1188 343 1235 λήλους
363 1189 394 1227 οἱ
416 1187 536 1235 ond-:063
556 1188 603 1230 ὡς
619 1186 686 1239 γὰρ
705 1186 749 1224 τὰ
771 1188 972 1239 ψοφοῦντα,
994 1185 1055 1224 καὶ
1076 1186 1106 1223 οἱ
1126 1186 1189 1238 ψό-

218 1261 299 1300 φοι·
321 1245 444 1286 τούτου
474 1245 510 1285 δὲ
538 1245 647 1289 ουτως
672 1245 831 1298 ἔχοντος,
848 1245 878 1283 εἷ
904 1246 922 1283 ὅ
945 1243 1110 1295 μέδιμνος
1133 1248 1193 1282 τοῦ

216 1306 368 1359 κέγχρου
388 1307 513 1359 ψοφεῖ,
535 1304 686 1358 ψοφήσει
711 1303 772 1343 καὶ
791 1306 808 1342 6
833 1298 880 1348 εἷς
904 1318 1053 1356 κεγχρος
1073 1318 1133 1342 και
1153 1303 1192 1341 τὸ

216 1363 402 1417 μυριοστὸν
421 1380 482 1403 rou
502 1363 669 1416 κέγχρου.

272 1422 282 1476 (
303 1423 531 1475 Simplicius
557 1424 598 1461 in
617 1422 738 1474 Phys.
760 1422 825 1460 fol.
847 1421 923 1460 255
945 1434 981 1459 a.
1005 1420 1065 1460 Cf.
1099 1421 1192 1459 Ari-

217 1490 307 1521 stot.
327 1481 446 1533 Phys.
471 1481 558 1530 Vll,
585 1481 648 1532 5.)

138 1554 169 1579 2.
220 1540 365 1584 Δεικνυς
379 1540 481 1594 γὰρ’
462 1556 534 1588 οτι,
551 1541 581 1578 εἷ
598 1538 755 1579 πολλὰ”
738 1555 830 1586 εστι,
844 1538 890 1577 τὰ
916 1537 1007 1577 αὐτὰ
1032 1553 1192 1590 πεπερα-

219 1598 330 1650 σμένα
352 1599 426 1639 ἐστὶ
445 1615 507 1638 και
527 1598 678 1651 ἄπειρα,
696 1599 822 1652 γράφει
844 1614 956 1637 ταυτα
981 1599 1074 1636 κατὰ
1102 1596 1192 1642 λέξιν

217 1660 236 1696 6
255 1657 399 1704 Ζήνων·
418 1675 433 1691 α
455 1659 502 1698 Ei
519 1657 669 1697 πολλὰ”
651 1673 764 1707 εστιν,
779 1658 916 1710 ἀνάγκη
935 1661 1090 1697 τοσαῦτα
1105 1660 1194 1695 εἶναι

217 1715 319 1755 Koa*
300 1731 394 1763 εστι,
419 1716 481 1755 καὶ
507 1716 586 1756 οὔτε
602 1717 746 1756 πλείονα
767 1718 881 1756 αὐτῶν
901 1715 980 1755 οὔτε
1004 1716 1191 1755 ἐλάττονα.

220 1776 265 1816 Εἰ
286 1774 323 1814 δὲ
347 1779 503 1815 τοσαῦτα
534 1775 629 1815 ἔστιν
649 1776 715 1815 ὅσα
744 1776 840 1825 ἔστι,
867 1774 1118 1828 πεπερασμένα
1149 1774 1190 1813 ἂν

219 1834 287 1882 εἴη.
310 1851 326 1868 »
358 1834 430 1874 Καὶ
451 1834 580 1873 πάλιν·
600 1852 615 1870 α
640 1836 684 1874 Εἰ
706 1834 822 1874 πολλὰ
850 1834 962 1884 ἔστιν,
992 1834 1122 1888 ἄπειρα
1148 1834 1192 1873 τὰ

218 1893 301 1933 ὄντα
316 1892 429 1932 ἐστίν·
450 1893 506 1932 ἀεὶ
523 1893 591 1948 γὰρ
612 1893 716 1947 ἕτερα
734 1892 865 1946 μεταξὺ
884 1896 953 1933 τῶν
977 1893 1085 1933 ὄντων
1117 1893 1191 1933 ἔστι

217 1951 277 1991 καὶ
307 1951 416 1990 πάλιν
452 1951 590 1991 ἐκείνων
627 1950 728 2005 ἕτερα
764 1952 910 2004 μεταξύ.
974 1952 1048 1993 Καὶ
1082 1951 1193 1997 οὕτως

219 2010 350 2064 ἄπειρα
369 2009 414 2049 τὰ
433 2009 516 2049 ὄντα
533 2010 622 2050 ἔστί.
643 2029 660 2045 »
682 2010 755 2050 Καὶ
774 2011 866 2050 οὕτω
885 2010 947 2062 μὲν
972 2010 1010 2050 τὸ
1033 2011 1124 2050 κατὰ
1150 2011 1190 2050 τὸ

215 2070 348 2116 πλῆθος
364 2068 506 2122 ἄπειρον
527 2071 566 2108 ἐκ
581 2071 642 2117 τῆς
662 2069 865 2123 διχοτομίας
888 2069 1008 2115 ἔδειξε.
1065 2070 1120 2110 Τὸ
1152 2068 1189 2108 δὲ

214 2127 306 2167 κατὰ
319 2127 461 2180 μέγεθος
475 2128 640 2182 πρότερον
649 2128 742 2168 κατὰ
751 2128 814 2176 τὴν
829 2127 936 2176 αὐτὴν
955 2128 1186 2182 ἐπιχείρησιν·

214 2186 397 2238 προδείξας
416 2188 482 2239 γὰρ
500 2186 576 2239 ὅτι,
598 2189 627 2226 εἷ
647 2187 697 2238 μὴ
719 2187 795 2240 ἔχοι
814 2187 957 2239 μέγεθος
977 2188 1016 2227 τὸ
1035 2187 1094 2236 ὅν,
1116 2188 1188 2226 οὐδ’

180 2305 209 2332 1.
226 2300 350 2333 Idcirco
371 2300 579 2341 (Aristoteles
595 2303 604 2342 )
623 2302 720 2334 etiam
740 2303 876 2334 Zenonis
896 2301 1017 2334 Eleatae
1036 2301 1195 2334 rationem

142 2359 305 2401 dissolvit,
323 2361 363 2394 de
388 2370 453 2403 qua
475 2364 682 2403 Protagoram
699 2362 876 2404 sophistam
891 2361 1115 2403 interrogavit.
1137 2361 1198 2395 Dic

142 2417 243 2459 mihi,
265 2417 386 2460 inquit,
405 2428 425 2452 ο
446 2421 639 2460 Protagora,
659 2429 738 2453 num
755 2429 856 2453 unum
879 2421 959 2453 milii
985 2429 1122 2462 granum
1138 2419 1197 2452 de-

139 2477 263 2519 lapsum
283 2486 400 2511 sonum
431 2478 549 2512 efficiat
576 2480 628 2512 vel
653 2480 759 2513 decies
785 2480 954 2513 millesima
984 2489 1058 2522 pars
1094 2479 1195 2521 grani.

140 2537 197 2570 illo
210 2540 320 2570 autem
335 2537 463 2570 dicento
477 2546 542 2570 non
558 2538 698 2579 efficere,
713 2539 755 2572 At
768 2539 964 2580 medimnus,
978 2539 1099 2580 inquit,
1113 2538 1195 2571 milii

141 2594 292 2637 delapsus
312 2595 457 2629 efficitne
479 2605 595 2629 sonum
616 2606 676 2630 nec
709 2599 779 2630 ne?·
799 2599 866 2630 Isto
891 2606 969 2631 vero
998 2597 1198 2631 medimnum

141 2662 256 2687 sonare
279 2653 406 2687 dicente
419 2678 429 2694 ‚
446 2654 531 2694 Quid
559 2655 667 2696 igitur,
697 2655 801 2696 inquit
820 2657 927 2697 zeno,
945 2665 1052 2689 nonne
1066 2657 1115 2689 est
1131 2665 1215 2689 me-v

141 2713 241 2746 dimni
262 2713 342 2746 milii
361 2713 476 2746 relatio
504 2715 543 2747 ad
565 2723 666 2747 unum
693 2715 774 2747 milii
803 2724 940 2756 granum
961 2716 994 2748 et
1021 2715 1063 2748 ad
1092 2716 1198 2749 decies

142 2772 346 2806 millesimam
367 2776 490 2814 partem
510 2774 624 2814 grani?
650 2774 760 2807 Altero
781 2783 850 2807 esse
871 2774 1015 2814 dicente,
1036 2774 1121 2813 Quid
1141 2775 1198 2815 igi-

140 2832 205 2871 tur,
225 2831 330 2873 inquit
347 2834 453 2871 Zeno,
470 2841 578 2865 nonne
592 2841 745 2866 sonorum
759 2842 890 2875 quoque
904 2834 1015 2866 eadem
1030 2842 1197 2875 compara·

140 2889 186 2922 tio
205 2891 288 2923 inter
311 2899 347 2923 se
363 2891 447 2923 erit?
469 2892 514 2924 Ut
531 2891 619 2924 enim
638 2891 803 2931 sonantia,
822 2891 867 2923 ita
884 2891 980 2923 etiam
1005 2891 1094 2932 soni;
1112 2890 1197 2932 quod

141 2957 244 2991 quum
262 2949 308 2982 ita
342 2959 377 2983 se
408 2950 545 2990 habeat,
569 2950 595 2982 si
629 2950 814 2982 medimnus
842 2950 921 2982 milii
942 2952 1053 2988 sonat,
1072 2949 1199 2982 sonabit

141 3006 238 3042 etiam
255 3017 355 3041 unum
374 3008 454 3041 milii
487 3017 621 3050 granum
640 3009 673 3042 et
687 3008 792 3042 decies
812 3008 984 3041 millesima
1000 3008 1091 3049 grani
1111 3017 1195 3049 pars.

184 3069 216 3098 2.
237 3066 473 3099 Demonstrans
495 3067 604 3107 enim,
626 3066 652 3099 si
679 3066 784 3098 multa
806 3066 891 3104 sint,
917 3066 1030 3099 eadem
1054 3066 1141 3098 finita
1165 3067 1198 3098 et

142 3123 269 3157 infinita
288 3133 380 3165 esse,
397 3124 469 3158 haec
500 3125 539 3158 ad
561 3126 698 3158 verbum
719 3125 834 3158 scribit
859 3127 945 3158 Zeno
964 3138 972 3158 ε
997 3138 1013 3153 «ι
1035 3125 1068 3158 Si
1096 3125 1198 3157 multa

142 3185 238 3222 sunt,
255 3191 383 3217 necesse
399 3185 449 3217 est
465 3185 516 3217 tot
538 3193 607 3217 esse
630 3186 711 3226 quot
727 3185 820 3224 sunt,
847 3193 885 3216 ac
907 3193 1013 3225 neque
1031 3184 1122 3224 plura
1140 3192 1199 3216 nec

143 3240 306 3281 pauciora.
352 3242 386 3275 Si
405 3251 484 3275 vero
504 3243 552 3275 tot
565 3245 660 3283 sunt,
680 3244 760 3284 quot
776 3244 868 3282 sunt,
890 3242 979 3275 finita
996 3242 1072 3274 sint.
1094 3254 1111 3270 n
1158 3244 1198 3274 Et

144 3298 207 3331 alio
226 3299 298 3332 loco
320 3309 329 3332 τ
354 3312 371 3329 «
403 3301 437 3334 Si
459 3302 559 3334 multa
585 3303 684 3343 sunt,
711 3302 834 3334 infinita
862 3302 911 3334 est
940 3310 1047 3334 rerum
1077 3301 1167 3343 copia
1188 3313 1197 3334 z

147 3365 275 3398 semper
292 3358 378 3391 enim
407 3358 439 3391 in
467 3359 562 3393 rebus
587 3360 659 3393 aliae
678 3362 755 3393 sunt
775 3363 807 3394 et
825 3370 937 3393 rursus
966 3360 1000 3393 in
1024 3360 1086 3393 illis
1111 3360 1196 3393 aliae.

145 3416 250 3457 Atque
273 3417 318 3449 ita
340 3416 463 3450 infinita
488 3419 537 3451 est
562 3428 669 3452 rerum
693 3419 797 3461 copia.
829 3432 846 3448 ι»
873 3420 926 3452 Sic
948 3419 1078 3461 quidem
1111 3418 1197 3460 quod

147 3474 354 3508 multitudine
375 3475 537 3509 infinitum
549 3480 599 3511 est
612 3477 762 3519 bipartita
781 3478 937 3510 dlvisione
954 3477 1196 3510 domonstravit.

1336 537 1376 575 ἂν
1398 535 1477 586 εἴη,
1502 537 1648 586 ἐπάγει·
1669 554 1685 571 «
1718 537 1766 576 Εἰ
1793 536 1829 575 δὲ
1864 537 1978 584 ἔστιν,
2006 537 2143 589 ἀνάγκη
2166 537 2313 580 ἕκαστον

1336 597 1442 634 αὐτοῦ
1472 594 1616 647 μέγεθός
1638 612 1676 634 τε
1699 595 1792 648 ἔχειν
1824 595 1885 634 καὶ
1918 595 2057 648 πάχος,
2082 597 2141 634 καὶ
2167 599 2311 650 ἀπέχειν

1334 654 1373 694 rb
1393 654 1508 708 ἕτερον
1524 655 1593 694 ἀπὸ
1613 658 1672 694 τοῦ
1687 654 1819 707 ἑτέρου.
1874 655 1945 694 Καὶ
1961 655 2043 707 περὶ
2060 659 2121 694 τοῦ
2141 656 2316 710 προῦχον-

1335 730 1392 760 τος
1405 717 1423 753 6
1446 714 1548 759 αὐτὸς
1563 714 1681 767 λόγος·
1703 714 1762 753 καὶ
1784 714 1852 768 γὰρ
1876 716 1987 754 ἐκεῖνο
2006 715 2073 760 ἕξει
2092 715 2233 768 μέγεθος
2253 718 2314 755 καὶ

1333 774 1471 830 προέξει
1488 776 1593 814 αὐτοῦ
1613 791 1659 814 τι.
1691 775 1845 827 “onom
1868 774 1904 813 δὲ
1923 778 2026 814 τοῦτο
2049 774 2142 820 ἅπαξ
2155 791 2192 814 τε
2207 778 2316 815 εἰπεῖν

1336 834 1398 874 καὶ
1415 837 1470 875 ἀεὶ
1489 833 1607 887 λέγειν
1620 850 1628 859 ·
1646 834 1744 874 οὐδὲν
1767 833 1835 887 γὰρ
1857 836 1963 874 αὐτοῦ
1986 837 2139 873 τοιοῦτον
2161 835 2310 887 ἔσχατον

1341 894 1460 942 ἔσται,
1475 893 1554 933 οὔτε
1565 893 1682 947 ἕτερον
1698 893 1784 946 πρὸς
1797 893 1913 947 ἕτερον
1934 896 1998 932 οὒκ
2018 893 2133 933 ἔσται.
2191 893 2314 938 Οὕτως

1339 955 1368 992 εἷ
1388 952 1503 991 πολλὰ
1530 951 1622 991 ἔστιν
1638 953 1801 1004 ,ἀνάγκη
1835 952 1925 991 αὐτὰ
1946 953 2055 1006 μικρά
2075 969 2113 991 τε
2134 946 2226 992 εἶναι
2252 954 2313 991 καὶ

1338 1012 1495 1064 μεγάλα·
1514 1012 1624 1064 μικρὰ
1648 1028 1690 1062 μ-
1677 1011 1732 1059 ’,ν
1751 1011 1842 1050 ὥστε
1873 1011 1922 1063 μὴ
1945 1011 2036 1064 ἔχειν
2068 1011 2232 1064 μέγεθος,
2250 1028 2313 1063 με·

1336 1070 1429 1122 γάλα
1448 1070 1508 1119 δέ,
1528 1069 1619 1108 ὥστε
1648 1069 1775 1122 ἄπειρα
1799 1073 1902 1109 εἶναι.
1924 1089 1939 1103 »

1389 1129 1677 1180 (Simplicius
1667 1143 1708 1166 1n
1726 1128 1846 1179 Phys
1869 1128 1935 1165 fol.
1955 1129 2003 1165 30
2020 1128 2061 1167 b.
2074 1128 2132 1167 Cf.
2151 1127 2311 1167 Eudem.

1336 1188 1439 1239 apud
1456 1188 1636 1239 Simplic.
1664 1188 1706 1226 in
1727 1187 1847 1238 Phys.
1871 1187 1940 1226 fol.
1962 1189 2009 1224 30
2029 1190 2091 1238 a.)

1254 1261 1285 1288 3.
1335 1246 1382 1287 ‘O
1403 1245 1565 1294 Ζήνωνος
1589 1245 1691 1296 λόγος
1714 1248 1868 1299 ἀναιρεῖν
1890 1244 2001 1285 ἐδόκει
2017 1245 2075 1284 τὸν
2100 1245 2207 1284 τόπον
2228 1246 2313 1299 ἐρω-

1333 1309 1402 1345 τῶν
1429 1305 1560 1350 οὕτως·
1585 1323 1601 1339 α
1638 1306 1683 1345 Ei
1710 1304 1804 1345 ἔστιν
1825 1306 1843 1342 6
1865 1304 1986 1352 τόπος,
2011 1305 2045 1342 ἐν
2078 1305 2146 1342 τίνι
2184 1305 2309 1351 ἔσται;

1334 1371 1404 1404 πᾶν
1419 1364 1487 1418 γὰρ
1502 1363 1539 1404 ὂν
1558 1364 1592 1402 ἔν
1606 1379 1683 1403 τινι·
1700 1364 1739 1402 τὸ
1754 1363 1790 1402 δὲ
1802 1363 1837 1402 ἔν
1853 1379 1921 1403 τινι
1934 1364 1994 1403 καὶ
2007 1365 2041 1402 ἐν
2056 1362 2167 1416 τόπῳ.
2184 1361 2317 1403 Ἔσται

1340 1425 1408 1477 ἄρα
1429 1424 1489 1463 καὶ
1511 1426 1529 1463 6
1544 1422 1649 1467 τόπος
1668 1425 1703 1462 ἐν
1728 1421 1847 1477 τόπῳ,
1868 1423 1929 1462 καὶ
1951 1427 2049 1462 τοῦτο
2070 1423 2125 1460 ἐπ’
2155 1420 2314 1474 ἄπειρον.

1335 1484 1414 1524 Οὗκ
1437 1482 1506 1536 ἄρα
1527 1483 1620 1522 ἔστιν
1637 1485 1655 1521 6
1682 1480 1800 1526 τόπος.
1820 1498 1836 1514 ¹¹

1390 1536 1643 1590 (Simplicius
1663 1535 1783 1586 Phys.
1804 1534 1871 1574 fol.
1901 1535 1975 1572 130
1996 1534 2039 1574 b.
2061 1533 2120 1572 Cf.
2149 1533 2313 1572 Aristot.

1334 1595 1455 1644 Phys.
1473 1595 1538 1642 IV,
1564 1609 1600 1642 x,
1626 1595 1687 1644 3.)

1254 1669 1285 1695 4.
1337 1655 1513 1708 Τέτταρες
1531 1654 1560 1692 δ’
1583 1654 1649 1692 εἶσὶ
1674 1653 1771 1704 λόγοι
1791 1652 1873 1703 περὶ
1893 1651 2065 1699 κινήσεως
2088 1650 2251 1698 Ζήνωνος
2283 1653 2315 1690 οἱ

1335 1713 1550 1767 παρέχοντες
1562 1712 1625 1757 τὰς
1643 1712 1831 1757 δυσκολίας
1844 1712 1914 1755 τοῖς
1929 1711 2082 1750 λύουσιν·
2101 1713 2239 1763 πρῶτος
2252 1711 2316 1761 μὲν

1335 1775 1353 1812 6
1373 1774 1454 1825 περὶ
1481 1775 1543 1810 τοῦ
1565 1771 1614 1823 μὴ
1646 1770 1816 1810 κινεῖσθαι
1851 1769 1909 1808 διὰ
1928 1769 1968 1809 τὸ
1998 1769 2167 1822 πρότερον
2199 1770 2247 1812 εἷς
2277 1768 2315 1806 τὸ

1336 1831 1447 1880 ἥμισυ
1468 1832 1538 1869 δεῖν
1563 1830 1750 1884 ἀφικέσθαι
1777 1828 1818 1868 rb
1838 1827 2066 1883 φερόμενονῆ
2091 1827 2176 1881 πρὸς
2196 1827 2235 1866 τὸ
2259 1828 2315 1865 τέ-

1335 1892 1408 1934 λος.
1430 1911 1481 1919 -
1500 1888 1671 1942 Δεύτερος
1690 1889 1720 1926 δ’
1742 1889 1760 1926 6
1784 1887 2003 1938 καλούμενος
2024 1885 2222 1939 Ἀχιλλεύς*
2240 1884 2316 1925 ἔστι

1330 1950 1361 1987 δ’
1384 1943 1504 2001 οἶτος,
1535 1947 1588 1986 ὅτι
1607 1947 1647 1986 τὸ
1670 1946 1882 2001 βραδύτερον
1904 1945 2068 1986 οὔδέποτε
2087 1946 2316 1999 καταληφθή-

1337 2024 1436 2047 σεται
1455 2007 1530 2047 θέον
1548 2006 1614 2045 ὑπὸ
1633 2011 1692 2046 τοῦ
1712 2005 1896 2059 ταχίστου,
1911 2004 2108 2058 ἔμπροσθεν
2123 2004 2191 2057 γὰρ
2209 2006 2315 2054 ἀναγ-

1337 2073 1437 2106 καῖον
1468 2069 1577 2106 ἐλθεῖν
1604 2071 1644 2105 τὸ
1674 2066 1800 2105 διῶκον
1827 2064 1904 2103 ὅθεν
1924 2062 2072 2118 ὥρμησε
2095 2063 2135 2102 rb
2164 2067 2288 2116 φεῦγον
2305 2093 2314 2110 ,

1336 2126 1421 2166 ὥστ’
1444 2126 1497 2165 ἀεί
1516 2142 1549 2165 τι
1569 2125 1732 2178 προέχειν
1761 2128 1953 2176 ἀναγκαῖον
1973 2124 2012 2163 rb
2036 2122 2277 2177 βραδύτερον.ῑ
2290 2153 2316 2162 ..

1340 2215 1568 2227 ..............
1571 2186 1686 2238 τρίτος
1708 2182 1943 2224 δὲ.........ὅτι
1961 2185 1982 2229 ἡ
2011 2182 2125 2226 ὀϊστὸς
2139 2181 2315 2235 φερομένη

1260 2300 1354 2339 Quod
1371 2302 1480 2332 autem
1506 2298 1724 2339 magnitudine
1739 2297 1901 2330 infinitum
1921 2298 1972 2330 est
1992 2297 2082 2338 prius
2100 2295 2212 2328 eadem
2226 2303 2318 2336 argu-

1258 2359 1456 2391 mentatione
1472 2358 1624 2391 ostendit.
1669 2358 1751 2390 Nam
1779 2358 1951 2398 postquam
1977 2354 2148 2396 probavit,
2164 2353 2227 2386 nisi
2248 2362 2316 2385 ma-

1259 2418 1429 2459 gnitudine
1446 2417 1620 2458 praeditum
1642 2416 1685 2449 sit
1701 2425 1777 2458 ens,
1797 2415 1829 2447 id
1847 2424 1914 2447 non
1934 2423 2005 2447 esse
2017 2438 2027 2454 ‚
2046 2413 2212 2454 subjungit
2231 2425 2268 2445 z«
2285 2412 2317 2445 Si

1258 2485 1335 2509 vero
1354 2477 1424 2517 est,
1453 2484 1584 2508 necesse
1612 2476 1659 2508 est
1693 2481 1958 2515 unamquamque
1989 2480 2056 2505 rem
2091 2470 2316 2512 magnitudine

1259 2535 1425 2577 praeditam
1443 2543 1514 2568 esse
1530 2537 1562 2567 et
1583 2532 1815 2574 crassitudine,
1840 2535 1938 2574 atque
1963 2531 2075 2564 abesse
2091 2530 2132 2562 ab
2154 2529 2224 2572 ipsa
2242 2531 2315 2561 tan-

1257 2603 1356 2636 quam
1374 2594 1435 2626 alia
1448 2593 1556 2626 aliam.
1602 2592 1724 2625 Eadem
1738 2594 1788 2625 est
1801 2592 1883 2624 ratio
1893 2589 2127 2633 prominentis:
2146 2597 2221 2621 nam
2235 2588 2314 2620 illud

1258 2653 1512 2695 magnitudinem
1530 2651 1661 2684 habebit
1681 2651 1855 2693 ipsumque
1874 2650 2078 2691 aliquatenus
2095 2647 2315 2689 superemine-

1259 2713 1315 2746 bit.
1362 2712 1455 2745 Idem
1472 2715 1580 2744 autem
1604 2712 1653 2744 est
1684 2710 1783 2743 semel
1811 2710 1873 2742 hoc
1904 2709 2011 2741 dicere
2033 2711 2065 2741 et
2081 2716 2208 2749 semper
2228 2715 2318 2747 repe-

1258 2776 1353 2807 tere:
1389 2773 1468 2805 nihil
1488 2772 1575 2805 enim
1604 2771 1674 2813 ejus
1699 2771 1761 2804 tale
1783 2771 1966 2804 extremum
1993 2769 2073 2811 erit,
2102 2777 2207 2809 neque
2229 2766 2315 2799 aliud

1257 2833 1369 2862 contra
1385 2828 1474 2861 aliud
1492 2837 1556 2861 non
1573 2828 1646 2861 erit.
1692 2830 1740 2861 lta
1757 2827 1784 2860 si
1806 2827 1908 2860 multa
1935 2827 2034 2865 sunt,
2052 2833 2182 2858 necesse
2207 2825 2255 2856 est
2276 2831 2314 2855 ea

1258 2898 1359 2932 parva
1374 2898 1443 2923 esse
1460 2890 1493 2922 et
1515 2897 1651 2930 magna,
1673 2897 1769 2930 parva
1788 2888 1938 2930 quidem,
1968 2886 2014 2919 ita
2038 2889 2074 2918 ut
2093 2884 2314 2926 magnitudine

1258 2951 1406 2989 careant,
1423 2957 1538 2989 magna
1553 2957 1647 2988 vero,
1666 2949 1702 2980 ut
1722 2947 1846 2979 infinita
1863 2946 1937 2978 sint.
1963 2959 1979 2975 »

1302 3013 1332 3040 3.
1351 3007 1489 3040 Zenonis
1516 3007 1598 3039 ratio
1615 3007 1729 3039 tollere
1757 3006 1929 3038 videbatur
1955 3004 2095 3046 spatium
2114 3002 2162 3035 sic
2179 3002 2316 3035 interro·

1259 3067 1364 3108 gando
1380 3076 1388 3098 :
1415 3079 1431 3095 α
1455 3068 1488 3100 Si
1508 3067 1648 3109 spatium
1665 3067 1732 3107 est,
1750 3066 1782 3098 in
1801 3075 1867 3107 quo
1884 3065 1970 3098 erit?
1987 3073 2082 3097 omne
2104 3063 2192 3096 enim
2212 3071 2268 3095 ens
2282 3063 2314 3094 in

1258 3126 1366 3168 aliquo
1379 3127 1428 3159 est
1442 3137 1451 3166 ;
1467 3127 1554 3168 quod
1576 3128 1687 3159 autem
1708 3126 1740 3157 in
1755 3125 1864 3167 aliquo
1880 3126 1951 3164 est,
1966 3124 2014 3156 est
2029 3123 2126 3155 etiam
2147 3122 2179 3154 in
2198 3122 2312 3164 spatio.

1261 3184 1330 3217 Erit
1360 3185 1458 3226 igitur
1483 3185 1626 3227 spatium
1643 3185 1740 3218 etiam
1767 3184 1798 3217 in
1817 3185 1944 3226 spatio,
1963 3182 2060 3224 idque
2084 3182 2116 3214 in
2138 3181 2312 3214 infinitum.

1259 3244 1330 3275 Non
1344 3245 1393 3275 est
1407 3242 1505 3283 igitur
1519 3242 1670 3283 spatium.
1688 3254 1705 3270 ι»

1300 3302 1332 3332 4.
1354 3301 1515 3339 Quattuor
1531 3301 1669 3333 Zenonis
1685 3300 1726 3332 de
1739 3300 1830 3332 motu
1846 3299 1985 3332 rationes
1996 3301 2071 3331 sunt
2087 3306 2160 3340 quae
2177 3297 2316 3329 difficul-

1259 3360 1342 3391 tates
1357 3359 1609 3392 dissolventibus
1626 3359 1778 3391 asserunt.
1826 3359 1930 3391 Prima
1947 3357 2078 3399 quidem
2104 3365 2167 3398 qua
2190 3355 2313 3387 tollitur

1260 3421 1366 3451 motus
1386 3428 1424 3451 ea
1444 3422 1517 3458 est,
1540 3420 1619 3461 quia
1647 3419 1736 3460 prius
1752 3419 1793 3451 ad
1820 3418 1960 3451 medium
1984 3426 2079 3459 quam
2097 3416 2136 3449 ad
2161 3417 2256 3448 finem
2283 3415 2313 3446 id

1261 3478 1348 3518 quod
1372 3478 1473 3511 fertur
1499 3478 1667 3520 pervenire
1699 3478 1840 3519 oportet.
1867 3495 1909 3501 —-
1930 3476 2079 3510 Secunda
2100 3483 2176 3507 vero
2198 3477 2246 3507 est
2278 3483 2314 3506 ea

1199 3546 1274 3578 269
