2612 3814
6 3186 8 3191 <
3 2894 19 3144 ..ψ--ω-μμλε-ιιυκμξ
2 2722 19 2888 „effusae-mo*
2 2681 12 2715 aaa
2 2551 13 2669 um
2 2572 4 2580 τ
0 2342 12 2558 κ-ῑ-ε-νῐι-,κ-τ
2 2310 7 2331 v·-
0 2166 9 2299 W'w*
0 2142 7 2158 ’τ
0 2101 7 2129 >”“
0 1979 7 2092 ”“’“’“·“’“·“
0 1926 5 1972 *W*

334 258 381 292 72
1206 247 1358 287 COMM
1367 244 1621 285 ENTARtUS

331 341 406 385 Qui
433 339 465 376 si
495 338 569 376 fide
589 338 699 387 digni
731 346 821 375 sunt
841 345 1038 386 auctores,
1063 335 1156 373 dicti
1180 334 1379 386 Empedo-
1417 365 1419 368 .
1442 333 1507 372 sed
1529 332 1776 371 subtiliorem
1801 331 2026 383 quamdam,
2045 331 2191 371 divinae
2209 332 2492 374 elementorum

1414 383 1417 436 f
1443 401 1590 431 naturae
1611 399 1828 442 cognatam.
1855 391 2044 430 Placitum
2068 391 2143 430 hoc
2178 405 2257 443 quo
2289 392 2419 432 simile
2444 394 2498 434 si·

1414 445 1417 503 J
1443 453 1525 490 mili
1558 451 1742 501 cognosci
1770 451 1969 499 statuitur,
1992 451 2163 490 illustrat
2193 452 2422 492 Aristoteles
2451 454 2500 494 de

1414 557 1416 564 Ι
1442 513 1573 552 Anim.
1596 513 1622 550 l.
1646 512 1673 551 l.
1700 526 1708 550 :
1732 512 1803 551 Τὸν
1825 511 1928 551 αὐτὸν
1947 510 2124 565 δὲτρόπον
2145 512 2205 551 καὶ
2226 512 2378 552 Πλοίτων
2396 514 2432 552 ἐν
2449 516 2500 568 τῷ

331 399 403 436 clei
424 398 486 436 hic
501 398 575 436 erit
590 409 725 435 sensus
744 411 751 433 :
772 414 788 428 c«
803 395 853 434 Ut
870 395 1047 434 homines
1057 407 1222 446 corpore
1238 402 1274 431 et
1292 406 1378 431 sen·

332 456 440 495 sibus
474 465 687 502 mutantur,
716 456 770 493 ita
799 455 909 493 varia
938 455 984 492 iis
1021 454 1262 493 somniorum
1296 452 1382 490 visa

331 515 589 566 objiciuntur.
619 533 633 548 υ
657 514 733 552 Sed
753 513 872 552 dubia
888 526 949 551 res
969 522 1037 551 est.
1058 512 1149 550 Nam
1172 511 1380 549 Aristotele

331 585 431 614 certe
451 574 586 626 judice
619 574 733 612 latius
766 573 889 625 patuit
920 581 1155 624 praeceptum
1191 570 1381 621 Empedo-

333 634 456 671 cleum
480 633 547 683 qui
571 632 738 683 Metaph.
763 632 791 671 l.
815 632 839 669 l.
862 645 947 669 cum
969 630 1030 668 his
1056 629 1220 668 contulit
1245 640 1381 666 versus

332 692 604 732 Parmenideos
627 707 635 729 :
666 694 711 734 ὡς
741 693 807 743 γὰρ
834 689 979 733 ἕκαστος
999 688 1072 741 ἔχει
1092 690 1171 728 κτλ.
1195 687 1282 726 vid.
1311 700 1381 725 nos

331 753 379 790 ad
402 755 527 791 Parm.
547 764 624 790 vsS.
652 751 842 799 146—149.

384 810 466 849 Vss.
490 810 687 858 378-382.
712 807 811 846 Tres
838 819 974 846 versus
994 806 1085 845 inde
1103 819 1124 844 a
1143 804 1227 858 γαίῃ
1258 817 1381 855 usque

331 870 379 908 ad
398 871 516 921 λυγρῷ
536 869 654 907 citant
674 867 898 905 Aristoteles
921 866 968 904 de
990 867 1067 906 An.
1091 865 1123 912 l,
1145 879 1166 903 2
1186 877 1274 917 pag.
1304 869 1379 908 404

330 931 356 967 b
369 929 429 969 ed.
449 929 605 966 Bel-:ken
628 943 637 964 .·
657 925 763 966 “oo-02
781 925 843 976 μὲν
862 919 921 964 οὖν
942 926 999 964 ἐπὶ
1016 925 1053 963 τὸ
1068 927 1238 963 κινεῖσθαι
1257 923 1296 962 τὲ
1316 922 1380 973 ἔμ-

330 989 442 1041 ψυχον
471 985 686 1039 ἂπέὸλεψαν,
719 979 812 1023 οὗτοι
836 984 877 1024 τὸ
898 983 1170 1031 κινητικώτατον
1206 982 1381 1021 ὃπέλαὸον
1414 1000 1416 1011 ¹

331 1047 394 1093 τὴν
420 1045 548 1099 ψυχήν·
571 1044 643 1084 ὅσοι
663 1046 692 1083 δ’
714 1043 773 1082 ἐπὶ
797 1044 837 1082 τὸ
862 1042 1044 1096 γινώσκειν
1066 1043 1126 1082 καὶ
1154 1041 1381 1081 αἰσθάνεσθαι

330 1109 398 1144 τῶν
418 1104 542 1152 ὄντων,
564 1098 659 1143 οὗτοι
675 1103 710 1142 δὲ
730 1103 871 1154 λέγουσι
892 1102 954 1150 τὴν
973 1102 1090 1157 ψυχὴν
1112 1102 1174 1147 τὰς
1200 1102 1330 1154 ἀρχάς,
1350 1103 1381 1140 οἱ

333 1164 394 1213 μὲν
424 1163 563 1207 πλείους
594 1166 794 1210 ποιοῦντες,
829 1163 859 1201 οἱ
891 1161 927 1201 δὲ
961 1162 1044 1213 μίαν
1077 1161 1225 1209 ταύτην,
1260 1160 1380 1213 ὥσπερ

331 1222 579 1272 Ἐμπεδοκλῆς
608 1221 671 1272 μὲν
692 1222 730 1259 ἐκ
757 1224 827 1260 τῶν
850 1220 1032 1274 στοιχείων
1056 1220 1213 1269 πάντων,
1235 1212 1324 1258 εἶναι
1346 1220 1380 1257 δὲ

333 1280 391 1319 καὶ
408 1280 554 1320 ἕκαστον
572 1279 689 1333 ψυχὴν
711 1279 856 1327 τούτων,
878 1279 990 1330 λέγων
1011 1279 1121 1318 οὕτω·
1138 1277 1222 1331 γαίῃ
1243 1279 1321 1317 κτλ.
1345 1287 1383 1316 et

332 1340 498 1391 Metaph.
522 1339 574 1387 ll,
608 1347 627 1385 l,
652 1352 737 1391 pag.
772 1353 869 1377 1000
894 1339 952 1378 ed.
979 1340 1097 1378 Bekk.
1120 1353 1129 1376 :
1157 1341 1179 1385 ἡ
1199 1337 1235 1376 δὲ
1257 1340 1383 1387 γνῶσις

330 1402 389 1436 τοῦ
411 1398 530 1450 ὁμοίου
551 1401 598 1451 τῷ
613 1397 741 1450 ὁμοίῳ·
756 1398 839 1449 γαίῃ
860 1399 955 1446 κτλ.;
977 1398 1067 1435 item
1089 1397 1229 1435 Sextus
1247 1396 1380 1448 Empi-

333 1458 438 1497 ricus
455 1458 542 1497 adv.
552 1457 667 1495 Math.
686 1457 715 1502 l,
738 1457 931 1505 3033V11‚
949 1471 1015 1507 92,
1038 1470 1106 1494 121
1126 1453 1272 1496 ;”Εοικε
1289 1455 1349 1494 καὶ
1366 1458 1384 1494 ὁ

330 1516 578 1568 Ἐμπεδοκλῆς
608 1515 642 1560 ἓξ
669 1516 777 1555 οὐσῶν
808 1518 877 1554 τῶν
905 1515 950 1553 τὰ
971 1514 1089 1555 πάντα
1122 1517 1381 1554 συνεστακυιῶν

335 1577 450 1628 ἰρχῶν
472 1575 585 1627 λέγειν
608 1575 775 1628 ἰσάριθμα
797 1575 941 1619 ταύταις
957 1575 1127 1628 ὑπάρχειν
1145 1575 1190 1614 τὰ
1205 1575 1382 1629 κριτήρια,

334 1635 374 1672 δι’
395 1628 442 1673 ὧν
463 1635 634 1688 γέγραφε·
654 1633 737 1686 γαίῃ
758 1635 837 1674 κτλ.
862 1633 1039 1686 ἐμφαίνων
1060 1636 1106 1677 ὡς
1123 1636 1188 1685 γῆν
1217 1633 1280 1684 μὲν
1308 1650 1383 1673 κα-

333 1693 631 1744 ταλαμὸανόμεθα
653 1695 820 1747 μετουσίᾳ
841 1696 924 1746 γῆς,
945 1692 1038 1745 ὕδωρ
1059 1692 1095 1731 δὲ
1115 1692 1209 1732 κατὰ
1227 1694 1382 1746 μετοχὴν

331 1756 471 1806 ὕδατος,
495 1756 580 1810 ἀέρα
599 1756 633 1795 δὲ
655 1756 825 1811 μετουσίᾳ
844 1760 906 1795 τοῦ
929 1757 1043 1809 ἀέρος,
1059 1757 1120 1796 καὶ
1137 1755 1196 1795 ἐπὶ
1217 1757 1324 1809 πυρὸς
1343 1758 1383 1796 τὸ

332 1815 513 1868 ἀνάλογον.
546 1816 788 1868 Philoponus
824 1816 865 1854 in
901 1816 1060 1855 Aristot.
1094 1816 1142 1855 de
1170 1816 1314 1857 Gener.
1346 1827 1385 1856 et

333 1876 442 1916 [jorr.
465 1875 513 1922 11,
539 1877 577 1924 6,
602 1876 628 1915 f.
650 1875 699 1926 59
723 1878 747 1913 b
766 1889 777 1926 3
801 1876 1038 1927 Hippolytus
1059 1875 1172 1928 αἱρέσ.
1194 1876 1314 1928 ἔλεγχ.
1342 1890 1381 1928 p.

338 1936 425 1973 165.
439 1934 505 1975 Vs.
526 1935 601 1983 378
618 1934 700 1988 γαίῃ
720 1935 798 1973 κτλ.
816 1935 927 1974 affert
943 1935 1115 1974 Galenus
1129 1935 1177 1974 de
1195 1935 1382 1987 Hippocr-

335 2005 368 2033 ct
391 1995 486 2035 Plat.
510 1996 611 2046 plac.
631 1994 717 2042 Vll,
751 1995 772 2032 5
795 1994 841 2034 T.
865 1994 896 2032 V
915 2009 952 2046 p.
989 1996 1066 2033 218
1088 1994 1220 2035 Chart.
1250 1995 1383 2034 Philo·

332 2067 458 2105 ponus
480 2054 521 2092 in
543 2054 703 2092 Aristot.
724 2053 772 2092 de
797 2054 926 2092 Anim.
953 2053 982 2102 l,
1003 2055 1062 2093 lit.
1082 2054 1128 2105 E,
1150 2068 1190 2105 p.
1215 2059 1236 2099 4
1257 2063 1295 2092 et
1314 2068 1383 2094 sae-

333 2114 420 2164 pius
451 2113 492 2151 in
521 2113 654 2152 eodem
689 2114 989 2162 commentari03
1013 2112 1162 2153 ibidem
1192 2114 1252 2153 lit.
1277 2114 1318 2165 F,
1339 2129 1379 2166 p.

333 2172 353 2208 3
370 2171 499 2210 laudat
515 2185 595 2211 vss.
618 2172 694 2220 378
707 2180 744 2210 et
760 2172 836 2210 380
853 2172 1094 2223 conjunctim
1112 2173 1255 2212 omisso
1272 2186 1384 2212 versu

333 2231 422 2282 379.
450 2230 555 2269 Idem
590 2231 681 2269 facit
712 2231 874 2270 Proclus
907 2231 1058 2270 Comm.
1084 2232 1126 2270 in
1153 2232 1250 2272 Plat.
1276 2232 1382 2274 Tim.

337 2303 404 2327 ιιι
433 2303 473 2341 p.
498 2290 590 2337 232,
623 2290 652 2328 C
687 2291 788 2342 (pag.
813 2291 884 2329 561
915 2291 978 2332 ed.
1006 2290 1221 2342 Schneid.).
1245 2290 1383 2330 Latine

332 2347 402 2387 hos
420 2362 554 2388 versus
568 2349 792 2389 Chalcidius
808 2351 850 2389 in
866 2350 972 2391 Tim.
994 2364 1085 2402 pag.
1117 2352 1186 2389 131
1207 2350 1264 2389 sic
1293 2353 1384 2390 red-

333 2407 431 2446 didit
453 2421 462 2446 :

413 2481 542 2524 Terram
556 2494 682 2525 terreno
697 2494 956 2534 comprendimus
967 2519 976 2535 ,
993 2494 1116 2527 aethera
1133 2493 1292 2536 flammis,

415 2539 593 2571 Humorem
613 2539 750 2580 liquido,
769 2544 877 2573 nostro
893 2541 1045 2582 spirabile
1057 2541 1149 2579 flatu,

415 2586 531 2617 Pacem
546 2587 714 2627 tranquillo
726 2611 735 2627 ,
755 2588 855 2620 Litem
869 2597 998 2630 quoque
1014 2588 1165 2630 litigioso.

335 2658 492 2695 Initium
515 2658 605 2697 inde
625 2672 647 2696 a
663 2659 746 2711 γαίῃ
767 2661 954 2711 usquead
969 2660 1110 2707 ἀΐδηλον
1131 2669 1254 2700 exstat
1269 2662 1384 2700 etiam

336 2717 376 2754 in
407 2716 550 2755 Stobaei
585 2717 691 2758 Flor.
726 2720 902 2770 Append.
931 2720 994 2761 ed.
1032 2721 1154 2759 Gaisf.
1187 2734 1278 2773 pag.
1318 2722 1382 2770 73.

336 2775 476 2813 Versus
490 2776 529 2813 hi
546 2775 594 2814 ad
608 2777 727 2815 animi
743 2779 1004 2827 cognitionem
1030 2788 1218 2831 spectant.
1236 2780 1387 2831 Cogno-

337 2835 481 2873 scimus
515 2848 577 2874 res
607 2845 811 2888 propterea
845 2837 950 2888 quod
975 2839 1097 2877 animi
1125 2852 1388 2891 sensuumque

338 2904 474 2933 natura
495 2909 582 2934 cum
612 2905 860 2935 externarum
882 2911 1011 2937 rerum
1040 2908 1180 2938 natura
1207 2902 1388 2950 congruit

336 2964 373 2993 et
392 2965 554 3006 cognata
582 2965 653 2996 est.
687 2957 788 2995 Hinc
807 2957 905 2996 illud
925 2958 1181 3010 γιγνώσκεσθαι
1200 2961 1250 3010 τῷ
1277 2958 1388 3010 ὁμοίῳ

337 3015 376 3051 τὸ
396 3012 529 3064 ὅμοιον.
563 3015 825 3061 Quamobrem
848 3015 1044 3067 ὀπώπαμεν
1075 3031 1155 3056 nou
1185 3018 1310 3057 solum
1340 3019 1388 3058 de

340 3073 448 3120 visu,
467 3073 533 3112 sed
551 3074 599 3112 de
626 3076 732 3112 omni
758 3076 1017 3124 cognoscendi
1048 3077 1225 3115 facultate
1242 3078 1388 3116 intelli-

338 3130 530 3180 gendum,
551 3141 594 3171 ut
624 3133 792 3171 efficitur
818 3146 840 3171 e
871 3147 987 3172 versu
1020 3135 1095 3172 382
1128 3148 1138 3171 ε
1168 3133 1229 3172 καὶ
1253 3135 1388 3179 τούτοις

338 3189 534 3242 φρονέουσι.
553 3191 657 3247 Idem
674 3201 732 3230 est
749 3191 961 3231 verbo-rum
980 3193 1095 3244 ἀθρεῖν
1111 3206 1169 3232 vs.
1191 3194 1239 3232 53
1257 3203 1295 3232 et
1314 3195 1388 3246 δέρ-

339 3251 463 3287 κεσθαι
494 3262 553 3288 vs.
582 3251 631 3288 82
661 3263 778 3297 usus,
801 3265 887 3301 quae
915 3252 962 3290 de
981 3260 1109 3291 mente
1133 3263 1385 3305 usurpantur.

339 3307 466 3353 Ouum
484 3308 606 3359 igitur
627 3322 736 3348 mens
753 3319 882 3349 nostra
897 3311 1088 3350 elementa
1101 3320 1140 3350 et
1159 3325 1246 3363 quae
1267 3326 1315 3352 ex
1331 3314 1390 3352 his

343 3367 571 3406 coaluerunt
589 3377 742 3415 cernat,
759 3368 844 3420 ipsa
873 3382 1028 3420 quoque
1049 3370 1200 3408 easdem
1225 3371 1295 3410 has
1321 3386 1389 3411 na-

341 3432 448 3464 turas
493 3427 777 3479 complectitur,
827 3436 992 3476 terram,
1039 3442 1200 3480 aquam,
1238 3444 1386 3482 aerem,

342 3483 492 3535 ignem,
519 3498 597 3523 non
633 3485 789 3535 quidem
825 3499 992 3525 crassam
1025 3487 1133 3526 illam
1168 3490 1386 3539 materiem,

1440 571 1584 626 Τιμαίῳ
1595 571 1657 619 τὴν
1669 570 1786 626 ψυχὴν
1795 573 1835 610 ἐκ
1845 573 1914 610 τῶν
1928 571 2112 625 στοιχείων
2127 572 2232 611 ποιεῖ·
2243 571 2501 624 γιγνώσκεσθαι

1441 630 1509 682 γὰρ
1520 632 1570 684 τῷ
1581 631 1691 683 ὁμοίῳ
1711 630 1750 668 τὸ
1768 630 1901 679 ὅμοιον,
1916 629 1961 669 τὰ
1977 631 2012 669 δὲ
2033 631 2230 683 πράγματα
2246 632 2365 670 ἐκτῶν
2378 632 2500 686 ἀρχῶν

1441 682 1541 730 εἶναι.
1562 690 1651 729 Vid.
1677 690 1775 728 Plat.
1798 689 1901 730 Tim.
1923 704 1963 742 p.
1987 691 2050 729 35.
2073 690 2117 729 ln
2137 690 2312 729 eamdem
2337 699 2503 732 senten-

1414 748 1416 764 ³
1442 749 1532 786 tiam
1556 750 1732 787 Plotinus
1748 749 1796 787 de
1810 749 2002 788 Pulchrit.
2022 763 2061 801 p.
2083 750 2148 798 57,
2168 749 2202 787 G
2223 764 2232 788 :
2249 748 2302 790 Τὸ
2321 747 2390 803 γὰρ
2410 752 2501 803 ὁρῶν

1442 807 1526 861 πρὸς
1546 808 1586 847 τὸ
1605 808 1782 860 ὁρώμενον
1810 807 1973 861 συγγενὲς
2004 808 2064 847 καὶ
2092 809 2213 859 ὅμοιον
2244 809 2500 859 ποιησάμενον,

1442 868 1493 906 δεῖ
1513 867 1717 907 ε’πιὸάλλειν
1738 871 1781 921 τῇ
1800 869 1877 922 θέᾳ.
1896 870 1933 907 οὔ
1955 867 2022 919 γὰρ
2041 867 2083 906 ἂν
2105 867 2247 906 πώποτε
2264 861 2354 907 εἶδεν
2373 870 2503 923 ὀφθαλ-

1443 927 1506 977 μὸς
1521 928 1636 976 ἥλιον,
1655 927 1832 975 ἡλιοειδὴς
1853 927 1902 978 μὴ
1920 926 2169 979 γεγενημένος,
2184 926 2262 965 οὐδὲ
2278 927 2320 966 τὸ
2335 928 2444 967 καλὸν
2460 927 2502 967 ἂν

1442 987 1506 1026 ἴδοι
1526 987 1649 1042 ψυχή,
1672 986 1721 1038 μὴ
1742 987 1834 1034 καλὴ
1856 986 2042 1038 γενομένη.
2063 986 2119 1026 Cf.
2150 987 2311 1026 Procius
2328 987 2370 1025 in
2393 987 2500 1029 Tim.

1441 1062 1478 1099 p.
1502 1049 1578 1086 232
1603 1049 1655 1100 (p.
1681 1049 1752 1086 561
1772 1047 1832 1086 ed.
1850 1046 2064 1098 Schneid.);
2095 1046 2148 1086 id.
2181 1046 2224 1084 in
2252 1048 2431 1085 Parmen.
2452 1047 2503 1090 T.

1414 1106 1415 1111 ¹
1442 1109 1485 1157 V,
1509 1122 1546 1160 p.
1573 1110 1662 1155 182,
1688 1110 1781 1156 2485
1807 1107 1945 1146 Theol.
1967 1106 2117 1155 Plat.1‚
2148 1107 2184 1146 3.
2201 1106 2392 1159 -αἶθέρα
2417 1107 2456 1148 h.
2478 1108 2504 1147 l.

1441 1182 1568 1207 aerem
1587 1167 1684 1206 dicit
1705 1176 1747 1206 ut
1768 1181 1824 1206 vs.
1844 1181 1908 1217 79.
1938 1166 2054 1219 Apud
2079 1168 2236 1204 Sextum
2264 1166 2383 1204 semel
2401 1166 2502 1218 (adv.

1441 1228 1560 1268 Math.
1585 1227 1614 1275 1,
1638 1229 1728 1278 303)
1747 1228 1824 1279 ἠέρι
1841 1228 1870 1264 δ’
1886 1226 1974 1279 ἠέρα
1995 1227 2067 1264 δῖον
2083 1226 2190 1277 quod
2213 1239 2288 1278 pro
2303 1225 2506 1278 interpre-

1441 1295 1610 1325 tamento
1622 1286 1826 1325 habemus.
1845 1286 1916 1324 δῖον
1935 1285 2095 1324 Aristot.
2119 1284 2288 1336 Metaph.
2307 1284 2370 1324 ed.
2387 1286 2503 1326 Bekk.

1440 1347 1507 1385 sed
1524 1346 1572 1385 de
1592 1347 1724 1386 Anim.
1747 1346 1843 1393 δῖαν,
1861 1345 1952 1383 licet
1981 1344 2038 1383 ibi
2065 1343 2381 1382 membranarum
2405 1345 2506 1383 scri·

1441 1414 1556 1455 ptura
1587 1405 1737 1453 variet;
1769 1406 1844 1444 δῖαν
1884 1403 2044 1443 exhibet
2087 1403 2203 1442 etiam
2245 1403 2503 1455 Philoponus.

1443 1464 1661 1517 Utrumque
1677 1465 1770 1504 satis
1787 1465 1968 1516 frequens
1979 1472 2051 1503 est.
2064 1463 2145 1503 Pro
2159 1464 2290 1515 στοργῇ
2302 1461 2339 1501 δὲ
2351 1461 2502 1516 στοργὴν

1442 1527 1482 1562 in
1504 1524 1741 1576 quibusdam
1765 1525 1881 1562 libris
1899 1523 2101 1562 invenitur
2121 1521 2273 1575 στοργὴν
2294 1521 2331 1560 δὲ
2353 1525 2505 1575 στοργῇ,

1441 1584 1611 1635 denique
1638 1598 1712 1636 pro
1739 1588 1851 1626 νεῖκος
1877 1582 1915 1620 δέ
1942 1598 1980 1620 τε
2008 1583 2140 1633 inepte
2164 1587 2277 1625 νεῖκος
2294 1580 2331 1620 δέ
2349 1595 2403 1632 γε.

1494 1643 1579 1682 Vss.
1606 1644 1806 1682 381-382.
1842 1643 1881 1680 ἐκ
1907 1641 2037 1680 τούτων
2064 1640 2131 1693 γὰρ
2151 1640 2248 1692 κτλ]
2268 1641 2362 1679 citat
2378 1640 2507 1680 Theo-

1443 1703 1623 1755 phrastus
1643 1703 1691 1741 de
1710 1703 1835 1741 Sensu
1856 1715 1940 1753 cap.
1966 1715 2010 1738 10
2036 1714 2075 1752 p.
2100 1701 2174 1739 651
2198 1701 2263 1740 ed.
2287 1699 2471 1741 Schneid.
2493 1715 2502 1739 :

1442 1763 1774 1816 ΔιαριΟμησάμενος
1791 1762 1861 1815 γὰρ
1877 1764 1923 1805 ὡς
1943 1759 2092 1798 ἕκαστον
2113 1759 2254 1813 ἑκάστῳ
2273 1759 2504 1813 γνωρίζομεν,

1442 1823 1499 1861 ἐπὶ
1519 1822 1611 1861 τέλει
1631 1822 1850 1875 προσέθηκεν
1877 1822 1923 1864 ὡς
1943 1822 1984 1859 ἐκ
2006 1818 2139 1858 τούτων
2159 1818 2277 1857 πάντα
2301 1818 2503 1872 πεπήγασιν

1444 1883 1678 1934 ἁρμοσθέντα·
1707 1882 1768 1920 καὶ
1802 1880 1936 1924 τούτοις
1965 1879 2150 1931 φρονέουσι
2180 1877 2241 1917 καὶ
2267 1877 2412 1918 ἅδονται
2441 1878 2503 1918 καὶ

1443 1943 1623 1981 ἀνιῶνται.
1654 1940 1706 1979 διὸ
1726 1939 1785 1979 καὶ
1814 1938 1940 1988 αἵματι
1963 1938 2121 1990 μάλιστα
2152 1942 2304 1991 φρονεῖν·
2327 1939 2362 1977 ἐν
2391 1937 2505 1991 τούτῳ

1442 2001 1510 2053 γὰρ
1533 2003 1688 2051 μάλιστα
1704 2004 1897 2053 κεκρᾶσθαι
1914 1997 2021 2053 [ἐστὶ]
2040 1998 2085 2038 τὰ
2105 2003 2263 2051 στοιχεῖα
2281 2001 2351 2038 τῶν
2368 2001 2502 2051 μερῶν.

1445 2065 1518 2100 Ρι·ο
1537 2060 1680 2100 ἅδονται
1698 2061 1758 2100 καὶ
1785 2060 2015 2099 Karstenius
2035 2068 2139 2098 recte
2157 2059 2292 2111 posuit
2308 2057 2426 2107 ἥδοντ*
2449 2059 2505 2106 ἧδ’

1444 2136 1564 2173 quum
1586 2122 1731 2159 doricae
1753 2121 1888 2158 formae
1907 2118 1972 2157 hic
1993 2119 2093 2157 nihil
2115 2119 2191 2157 loci
2209 2119 2275 2165 sit,
2301 2118 2362 2157 καὶ
2377 2127 2504 2158 autem

1446 2182 1537 2220 ferri
1559 2189 1740 2232 nequeat.
1760 2183 1950 2217 Praeterea
1978 2180 2053 2216 ἐστι
2078 2178 2183 2230 quod
2206 2187 2294 2230 post
2313 2181 2506 2231 κεκρᾶσθαι

1444 2241 1617 2280 abundat
1631 2241 1744 2279 uncis
1760 2239 1917 2278 inclusi.

1497 2301 1583 2341 Vss.
1624 2300 1827 2340 383-386.
1862 2297 2099 2349 Hippolytus
2137 2296 2353 2348 (Origenes)
2390 2294 2505 2349 αἱρέσ.

1444 2360 1565 2413 ἔλεγχ.
1588 2375 1626 2412 p.
1651 2361 1726 2406 254
1752 2371 1760 2399 t
1785 2359 1906 2399 Μέσον
1928 2358 1963 2397 δὲ
1987 2350 2074 2395 εἶναι
2094 2358 2163 2394 τῶν
2189 2355 2363 2410 διαφόρων
2386 2357 2505 2409 ἀρχῶν

1447 2420 1580 2459 δίκαιον
1601 2419 1719 2472 λόγον,
1739 2418 1816 2457 καθ’
1834 2417 1871 2456 ὃν
1889 2415 2113 2469 συγκρίνεται
2134 2415 2180 2455 τὰ
2209 2414 2408 2469 διῃρημένα
2438 2414 2506 2454 ὑπὸ

1446 2484 1509 2519 τοῦ
1524 2479 1658 2524 νείκους
1675 2479 1736 2518 καὶ
1751 2477 2037 2530 προσαρμόζεται
2054 2475 2148 2514 κατὰ
2162 2475 2226 2522 τὴν
2244 2473 2362 2529 φιλίαν
2378 2476 2428 2527 τῷ
2443 2474 2505 2515 ἑνί.

1447 2543 1566 2578 τοῦτον
1589 2539 1624 2577 δὲ
1644 2539 1748 2577 αὐτὸν
1767 2537 1823 2576 τὸν
1845 2536 1980 2576 δίκαιον
2004 2534 2108 2586 λόγον
2131 2535 2189 2574 τὸν
2208 2537 2251 2587 τῇ
2278 2533 2378 2588 φιλίᾳ
2398 2549 2508 2573 συνα-

1445 2598 1678 2651 γωνιζόμενον
1694 2599 1843 2636 Μοῦσαν
1860 2598 1878 2634 ὁ
1893 2595 2143 2646 Ἐμπεδοκλῆς
2160 2591 2431 2647 προσαγορεύων
2447 2592 2508 2631 καὶ

1447 2659 1550 2703 αὐτὸς
1567 2660 1663 2711 αὐτῷ
1681 2658 1770 2709 (leg.
1790 2670 1878 2696 eum
1909 2656 2058 2695 Steinio
2083 2653 2193 2702 αὐτὴν
2213 2655 2322 2706 αὑτῷ)
2343 2667 2506 2704 συναγω-

1446 2721 1600 2765 νίζεσθαι
1615 2718 1836 2770 παρακαλεῖ,
1854 2714 1968 2767 λέγων
1982 2709 2051 2754 ὧδέ
2067 2730 2153 2758 πως.
2173 2713 2239 2753 Vs.
2261 2713 2336 2752 383
2353 2712 2505 2751 codicis

1447 2779 1681 2830 scripturam
1701 2776 1839 2828 εἷκάραι
1855 2777 2037 2829 φημερίων
2057 2773 2230 2813 correxit
2245 2771 2423 2811 Millerus
2436 2772 2506 2824 qui

1446 2848 1484 2877 et
1500 2837 1615 2876 ἕνεκεν
1635 2845 1822 2874 mutatum
1839 2835 1998 2873 volebat
2012 2835 2053 2872 in
2067 2832 2206 2882 ἔμελεν.
2231 2833 2420 2871 Praeterea
2433 2844 2509 2884 pro

1448 2913 1537 2940 τινος
1558 2896 1663 2947 quod
1683 2903 1741 2933 est
1765 2894 1806 2932 in
1836 2894 1970 2932 codice
1990 2891 2314 2931 Schneidewinus
2346 2889 2510 2942 scripsit

1449 2957 1482 2995 τί
1496 2972 1562 2994 σοι.
1579 2955 1642 2994 Vs.
1656 2955 1730 2998 384
1748 2952 1923 3006 ἡμετέρης
1937 2954 2069 3005 posuit
2086 2951 2188 2990 idem
2206 2951 2270 2989 vir
2285 2950 2424 2989 doctus
2433 2962 2508 3002 pro

1448 3014 1684 3066 exemplaris
1695 3026 1812 3051 manu
1827 3013 1973 3050 exarati
1988 3011 2158 3050 lectione
2175 3008 2364 3062 ἡμετέρας,
2376 3008 2509 3048 simul-

1449 3089 1525 3127 que
1559 3074 1682 3125 ἔμελεν
1714 3072 1828 3110 metri
1859 3070 2153 3122 redintegrandi
2186 3069 2312 3120 gratia
2342 3067 2507 3109 addidit.

1449 3135 1634 3186 Sequitur
1659 3133 1701 3171 in
1719 3132 1852 3170 codice
1870 3131 2018 3181 μελέτας
2046 3131 2158 3181 cujus
2179 3131 2266 3168 loco
2287 3141 2358 3178 ego
2384 3126 2507 3180 πρώην

1450 3192 1743 3240 versuiintuli.
1764 3191 1827 3230 Vs.
1850 3191 1924 3229 385
1946 3190 2127 3243 εὖχομένῳ
2153 3189 2330 3241 reposuit
2347 3186 2507 3229 Schnei-

1449 3254 1647 3301 dewinus,
1679 3251 1748 3289 ubi
1777 3251 1899 3288 codex
1924 3252 2056 3302 inepte
2090 3250 2305 3302 εὐχομένων.
2338 3246 2405 3286 Vs.
2430 3247 2507 3285 386

1450 3313 1620 3364 μακάρων
1642 3311 1787 3349 Milleri
1804 3310 1995 3348 correctio
2015 3318 2095 3360 est3
2110 3310 2196 3348 cod.
2215 3307 2414 3360 μακαρίων.
2434 3309 2508 3344 Pro

1450 3371 1579 3424 ἀγασὸν
1604 3370 1719 3421 λόγον,
1745 3371 1770 3408 i.
1798 3382 1829 3407 e.
1857 3368 1962 3407 bona
1988 3368 2111 3406 verba
2138 3369 2222 3407 sive
2247 3367 2343 3406 boni
2363 3365 2508 3404 ominis

1449 3431 1566 3470 verba
1578 3461 1588 3478 ,
1611 3429 1932 3469 Schneidewinus
1948 3428 2116 3466 malebat
2135 3427 2288 3481 καθαρὸν
2305 3429 2405 3478 λόγον
2426 3439 2505 3477 quo

1451 3491 1612 3529 minime
1632 3503 1731 3542 opus
1755 3497 1822 3527 est.
