2612 3814
1093 256 1341 298 ORPHICA.

202 351 275 406 γὰρ
294 348 446 405 Ὀρφεὺς
473 350 492 388 ὃ
519 347 640 403 Θρᾷξ·
661 348 816 389 Θαλλῶν
838 346 868 386 δ’
897 346 987 387 ὅσσα
1009 348 1186 400 βροτοῖσιν

208 411 267 451 ἐπὶ
285 411 410 465 χθονὸς
428 408 697 462 ἔργα’μέμηλεν
712 439 724 460 ,
745 406 844 447 οὐδὲν
867 408 942 461 ἔχει
969 407 1053 459 μίαν
1080 402 1205 446 αἶσαν.

205 470 266 510 ἐπὶ
297 468 439 524 φρεσίν·
460 468 551 507 ἀλλὰ
576 468 760 507 κυκλεῖται
779 469 857 506 κτλ.
886 469 934 507 Οἱ
963 467 1085 507 θαλλοὶ
1107 466 1187 515 ἤτοι

206 531 270 576 τῆς
289 526 432 582 πρώτης
451 529 581 580 τροφῆς
600 525 779 582 σύμὸολον
803 526 1024 580 ὑπάρχουσιν
1042 525 1065 575 ἢ
1091 525 1187 571 ὅπως

207 586 422 626 ἐπίστωνται
449 588 481 624 οἱ
502 585 628 625 πολλοὶ
648 584 728 631 τοὺς
755 584 819 638 μὲν
851 584 1008 639 καρποὺς
1029 587 1073 625 δι’
1102 585 1184 625 ὅλου

204 645 346 687 θάλλειν
366 646 428 685 καὶ
442 645 609 691 αὔξεσθαι
628 645 860 697 διαμένοντας
872 677 883 698 ,
903 652 994 700 σφᾶς
1011 645 1040 685 δ’
1062 645 1187 691 αὐτοὺς

204 706 321 758 ὀλίγον
356 705 540 759 εἰληχέναι
576 705 636 744 τὸν
669 709 733 754 τῆς
765 707 857 753 ζωῆς
886 705 1033 760 χρόνον,
1060 706 1186 745 τούτου

149 807 151 810 ,
203 766 308 820 χάριν
330 765 487 805 δίδοσθαι
506 764 586 810 τοὺς
600 765 768 810 θαλλούς·
789 764 875 810 ἴσως
895 765 932 804 δὲ
952 766 1014 804 καὶ
1032 764 1092 803 ἵνα
1109 764 1185 803 ε’πί-

147 1892 182 1917 Io

206 841 385 874 στωνται,
407 824 483 876 ὅτι,
513 826 560 869 ὡς
595 818 640 864 αῧ
669 820 765 864 οὗτοι
789 824 971 874 καίονται,
991 823 1100 868 οὕτως
1126 824 1187 862 καὶ

203 883 282 929 τοὺς
302 887 351 929 εἷς
378 888 498 924 τοῦτον
525 884 583 924 τὸν
604 884 680 938 βίον
713 884 909 937 (ἥκοντας)
927 883 1064 938 ταχέως
1081 884 1185 923 ἐκλι-

204 945 297 985 πεῖν.
319 947 439 984 Poeta
467 959 557 983 cum
575 947 692 984 ramis
710 947 864 996 negotia
883 946 1051 982 humana
1071 957 1187 981 com-

201 1013 331 1056 parat,
353 1014 397 1043 ut
415 1007 608 1044 Homerus
623 1020 711 1043 cum
732 1006 835 1043 foliis
851 1005 965 1044 Iliad.
986 1006 1052 1052 vl,
1092 1005 1183 1048 146.

205 1068 343 1115 Itaque
364 1067 579 1104 Lobeckius
594 1066 789 1116 Aglaoph.
809 1067 849 1102 II
869 1078 911 1114 p.
936 1063 1013 1101 836
1028 1064 1186 1114 ‘initium

202 1125 315 1174 hujus
343 1125 548 1176 fragmenti
584 1126 637 1162 sic
658 1125 819 1174 corrigit
844 1137 854 1161 :
881 1123 1037 1163 Θαλλῶν
1069 1123 1099 1160 δ’
1115 1115 1183 1160 4ἶσα

207 1186 383 1236 βροτοῖσιν
408 1183 459 1223 ἐνὶ
487 1183 606 1237 φρεσὶν
625 1182 713 1236 ἔργα
746 1182 921 1239 μέμηλεν.
954 1179 1071 1222 Οὐδὲν
1110 1183 1186 1235 ἔχει

203 1242 289 1293 μίαν
307 1236 413 1281 αἶσαν
432 1242 488 1281 ἐπὶ
502 1242 639 1296 χθονός.
663 1244 739 1282 Sed
747 1236 814 1281 ’ἶσα
827 1243 998 1293 postulat
1015 1243 1186 1280 dativum

201 1302 341 1345 θαλλοῖς
361 1317 477 1353 quern
496 1304 662 1341 restitui.
679 1300 690 1354 )

201 1371 277 1412 Καὶ
293 1374 376 1425 βέδυ
394 1372 561 1428 νυμφάων
576 1371 828 1412 καταλείὸεται
845 1371 976 1426 ἀγλαὸν
995 1371 1106 1426 ὕδωρ.

257 1442 453 1494 (Clemens
481 1445 591 1484 Alex.
622 1446 765 1483 Strom.
790 1447 820 1483 V
837 1458 877 1495 p.
899 1443 976 1492 673
1001 1456 1011 1483 ε
1032 1444 1182 1496 Χρησι-

202 1500 361 1556 μώτερον
385 1502 456 1556 ἄρα
474 1503 515 1543 τὸ
535 1506 598 1551 τῆς
618 1502 840 1555 συμὸολικῆς
860 1501 1048 1556 ἑρμηνείας
1070 1503 1117 1546 εἷς
1137 1501 1182 1541 τὰ
1246 1558 1251 1563 ⁴

199 1561 431 1603 πολλὰ-ναὶ
460 1562 531 1614 μὴν
562 1565 586 1610 ἡ
616 1560 863 1615 στοιχειωτικὴ
884 1564 953 1601 τῶν
973 1561 1107 1601 παίδων
1129 1563 1182 1600 δι-

201 1623 382 1663 δασκαλία
402 1624 467 1672 τὴν
493 1627 563 1664 τῶν
588 1623 764 1679 τεττάρων
794 1623 976 1677 στοιχείων
1001 1623 1182 1677 περιείλη-

138 1677 141 1679 A
192 1694 266 1736 4(ρέν
290 1683 503 1737 ἑρμηνείαν·
535 1682 618 1736 βέδυ
645 1682 715 1737 γὰρ
741 1683 821 1728 τοὺς
847 1683 998 1737 Φρύγας
1025 1684 1065 1723 τὸ
1087 1683 1181 1738 ὕδωρ

201 1742 287 1795 φησὶ
316 1742 510 1796 (Δίδυμος)
529 1743 676 1791 καλεῖν,
707 1742 796 1782 καθὸ
826 1742 887 1782 καὶ
914 1742 1086 1797 Ὀρφεύς·
1108 1743 1181 1783 Καὶ

204 1799 286 1852 βέδυ
302 1803 382 1840 κτλ.
398 1800 409 1854 )

743 1877 896 1930 Διώρισε
916 1878 946 1916 δ’
966 1877 1181 1929 ἀνθρώποισι

200 1937 308 1991 χωρὶς
329 1937 392 1976 ἀπ’
409 1938 594 1978 ἀθανάτων
608 1936 717 1976 ναίειν
737 1937 834 1989 ἕδος,
854 1931 878 1989 ᾗ
899 1936 1003 1988 μέσος
1022 1936 1112 1983 ἄξων

199 1996 320 2044 ἠελίου
337 1995 505 2049 τρέπεται
521 1996 770 2048 ποτινεύμενος
783 2025 794 2044 ,
817 1996 896 2035 οὔτε
914 2012 948 2034 τι
964 1995 1044 2044 λίην

199 2056 334 2110 ψυχρὸς
368 2056 456 2110 ὒπὲρ
485 2058 664 2111 κεφαλῆς,
701 2056 776 2096 οὔτ’
793 2055 971 2110 ἔμπυρος,
1001 2055 1093 2095 ἀλλὰ
1116 2072 1181 2108 με-

1025 2116 1040 2168 [
1053 2115 1178 2168 σηγύς.

253 2198 439 2251 (Proclus
464 2201 506 2236 in
524 2201 621 2237 Plat.
651 2202 749 2238 Tim.
770 2202 806 2248 Ι,
835 2213 877 2250 p.
914 2201 964 2238 38
984 2202 1042 2250 A,
1062 2214 1104 2250 p.
1130 2200 1178 2247 87

195 2259 263 2298 ed.
293 2258 475 2297 Schneid.
499 2273 507 2296 ε
530 2257 603 2298 Καὶ
620 2257 689 2312 γὰρ
709 2259 748 2298 οὔ
765 2259 870 2310 μόνον
885 2260 917 2298 οἱ
935 2258 1181 2311 μαθηματικοὶ

203 2318 345 2370 λέγουσι
372 2317 534 2370 περὶτοῦ
566 2317 615 2370 μὴ
644 2325 716 2358 πᾶν
749 2320 862 2369 κλῖμα
891 2322 956 2371 γῆς
976 2317 1180 2372 ἀνθρώπους

202 2377 296 2430 ἔχειν
309 2409 321 2429 ,
339 2377 430 2417 ἀλλὰ
445 2377 507 2416 καὶ
520 2377 672 2432 Ὀρφεὺς
688 2377 817 2419 οὑτωσὶ
837 2377 1009 2433 διορίζων·
1027 2378 1180 2433 Διώρισε

201 2437 233 2475 δ’
255 2436 470 2490 ἀνθρώποισι
489 2436 592 2490 κτλ.)
1094 2436 1100 2443 ’

606 2514 693 2554 XX.

194 2591 261 2644 Τῷ
278 2588 316 2628 δὲ
335 2589 426 2637 Δίκη
442 2590 653 2635 πολύποινος
668 2591 831 2644 ἐφείπετο
844 2597 953 2630 πᾶσιν
973 2593 1122 2646 ἀρωγός.

255 2668 444 2719 (Proclus
468 2670 508 2705 in
529 2670 697 2706 Platonis
715 2670 851 2709 Theol.
873 2672 939 2717 VI,
964 2670 986 2707 8
1008 2683 1046 2720 p.
1067 2670 1141 2708 363
1165 2682 1174 2708 :

199 2727 243 2768 Ὁ
261 2726 538 2782 Ὀρφεὺς-ἥδη
566 2729 787 2780 βασιλεύοντι
807 2729 883 2782 [τῷ
902 2732 972 2768 τῶν
999 2728 1090 2768 ὅλων
1111 2730 1177 2777 δη-

201 2786 386 2840 μιουργῷ]
409 2786 470 2826 καὶ
490 2788 695 2837 διακοσμεῖν
729 2787 914 2841 ἀρχομένῳ
930 2786 971 2827 τὸ
1002 2794 1072 2827 πᾶν
1092 2787 1177 2826 ἕπε-

199 2846 281 2884 σθαί
301 2860 388 2899 φησι
407 2845 471 2893 τὴν
486 2845 571 2893 ὅλην
593 2845 724 2893 Δίκην·
743 2849 793 2899 τῷ
812 2845 849 2885 δὲ
869 2845 959 2895 Δίκη
977 2846 1175 2891 πολύπονος

2230 271 2306 306 177

1332 347 1481 400 ἔφεπετο
1508 351 1618 385 πᾶσιν
1665 347 1816 400 ἀρωγός.
1855 352 2003 387 Eodem
2030 353 2151 390 modo
2191 367 2318 394 versus

1332 415 1540 457 corruptus
1562 415 1618 445 est
1646 408 1796 448 Comm.
1830 409 1872 445 in
1901 412 1998 447 Tim.
2022 414 2053 449 V
2083 426 2124 461 p.
2151 413 2227 451 310
2252 417 2313 464 D,

1330 478 1424 516 pag.
1464 465 1538 514 753
1570 466 1635 506 ed.
1671 465 1854 504 Schneid.
1889 469 1968 505 Nos
1995 478 2140 507 certam
2172 473 2317 510 AEmilii

1331 526 1442 562 Porti
1460 526 1772 564 emendationem
1791 528 2054 576 probavimus.
2071 527 2082 582 )

1724 605 1832 644 XXr.

1330 681 1426 721 Οὖδέ
1444 696 1479 720 τι
1496 681 1665 730 λήθονται
1682 681 1859 722 Μουσέων
1877 683 2017 736 βροτοί·
2039 685 2076 723 αἱ
2095 683 2164 738 γὰρ
2181 685 2260 724 ἔασι

1330 740 1511 794 κοίρανοι,
1531 734 1606 780 αἷσι
1624 739 1764 793 μέμηλε
1780 741 1886 796 χορὸς
1902 741 2022 781 θαλίαι
2039 742 2070 781 τ’
2093 744 2285 797 ἐρατειναί.

1389 823 1546 875 (Schol.
1581 825 1765 875 Apollon.
1797 828 1943 876 Argon.
1962 828 2043 877 ΙΙΙ,
2065 840 2082 863 1
2111 824 2227 867 :⁶022
2248 830 2314 866 θα-

1333 883 1419 921 λιῶν
1440 884 1509 923 εἶσι
1527 883 1759 936 προστάτιδες
1775 886 1811 923 αἱ
1841 886 2008 934 Μοῦσαι,
2025 886 2059 924 ἐν
2088 891 2159 930 τοῖς
2185 885 2312 941 Ὀρφι-

1331 942 1405 986 κοῖς
1429 942 1649 990 δεδήλωται·
1668 941 1763 983 Οὖδέ
1785 958 1818 982 τι
1837 943 2007 991 λήθονται
2026 945 2111 984 κτλ.
2130 948 2179 983 Et
2195 948 2314 996 paulo

1331 1011 1418 1053 post
1438 1002 1516 1043 z’Ev
1531 1002 1784 1057 τοῖςὈρφικοῖς
1797 1002 1928 1057 εὑρέτις
1945 1003 2128 1057 ὀρχήσεως
2144 1005 2314 1059 ἡἘρατὼ

1332 1061 1582 1114 παραδίδοται.
1602 1065 1678 1101 Pro
1705 1065 2019 1102 membranarum
2038 1067 2230 1116 scriptura
2247 1066 2315 1112 λή-

1329 1135 1452 1171 γονται
1468 1123 1583 1172 posui
1595 1121 1763 1169 λήθονται
1778 1137 1867 1160 cum
1879 1125 2110 1162 Ruhnkenio
2128 1126 2177 1162 ad
2196 1125 2314 1165 Hom.

1330 1181 1466 1232 fragm.
1483 1184 1534 1221 H.
1553 1184 1594 1219 in
1614 1184 1809 1220 Bacchum
1822 1197 1865 1233 p.
1890 1183 1949 1234 3.)

1706 1261 1837 1300 XXII.

1327 1334 1451 1389 Αὐτὰρ
1487 1333 1634 1389 Ἔρωτα
1654 1334 1790 1390 Κρόνος
1813 1336 1875 1375 καὶ
1894 1335 2082 1389 πνεύματα
2111 1336 2216 1377 πάντ’
2240 1338 2318 1377 ἐτέ-

2171 1399 2316 1451 [κνωσε.

1385 1473 1535 1525 (Schol.
1551 1476 1734 1526 Apollon.
1748 1477 1825 1521 ΙΙΙ,
1846 1476 1895 1513 26
1916 1494 1924 1515 :
1948 1474 2012 1516 Ἐν
2032 1481 2105 1520 τοῖς
2122 1477 2168 1521 εἷς
2186 1476 2319 1530 Ὀρφέα

1326 1532 1600 1587 ἀναφερομένοις
1633 1534 1771 1587 Κρόνου
1802 1535 1908 1585 [παῖς
1944 1537 1962 1574 ὁ
1984 1534 2126 1590 Ἔρως]
2148 1538 2320 1588 γενεαλο-

1329 1595 1457 1644 γεῖται·
1491 1593 1604 1646 αὐτὰρ
1638 1596 1718 1635 κτλ.
1753 1597 1863 1636 Conf.
1901 1598 2047 1647 Orphei
2075 1599 2223 1649 Argon.
2265 1611 2319 1635 vs,

1328 1657 1390 1699 14.
1406 1652 1418 1706 )

1695 1733 1848 1772 XXIII.

1325 1807 1405 1858 Πῦρ
1424 1804 1541 1844 ἴκελον
1565 1806 1750 1859 σκιρτηδὸν
1770 1807 1829 1845 ἐπ’
1845 1806 1945 1860 ἠέρος
1966 1803 2073 1859 οἶδμα
2096 1810 2271 1860 τιταῒνον,

1325 1863 1347 1912 ἢ
1368 1864 1428 1904 καὶ
1444 1868 1515 1918 πῦρ
1536 1865 1743 1915 ἀτύπωτον,
1765 1865 1842 1905 ὅθεν
1862 1867 1971 1920 φαναὶ
1984 1866 2189 1920 προθέουσιν
2203 1898 2214 1920 ‚

1324 1923 1347 1972 ἢ
1368 1927 1441 1978 φῶς
1460 1924 1629 1964 πλούσιον
1649 1925 1741 1977 ἀμφὶ
1761 1927 1850 1979 γύην
1870 1928 2002 1980 ῥιζαῖον
2021 1926 2160 1980 ἑλιχθέν
2175 1957 2186 1978 ,

1325 1983 1419 2022 ἀλλὰ
1439 1982 1500 2022 καὶ
1519 1981 1628 2023 ἵππον
1647 1984 1732 2023 ἰδεῖν
1753 1984 1867 2038 φωτὸς
1887 1984 1996 2024 πλέον
2011 2015 2021 2033 ,
2040 1985 2313 2039 ἀστράπτοντα,

1289 2056 1306 2082 5
1325 2042 1348 2091 ἢ
1370 2042 1432 2082 καὶ
1448 2043 1560 2082 παῖδα
1577 2046 1667 2088 θοοῖς
1687 2043 1807 2089 νώτοις
1833 2044 2072 2098 ἐποχούμενον
2094 2044 2230 2095 ἵππου,

1327 2105 1499 2158 ἔμπυρον,
1514 2106 1537 2154 ἢ
1559 2108 1682 2160 χρυσῷ
1697 2106 1972 2158 πεπυκασμένον
1985 2138 1996 2156 ,
2015 2106 2036 2154 ἢ
2054 2107 2143 2147 πάλι
2158 2108 2307 2160 γυμνόν,

1331 2166 1349 2214 ἢ
1371 2167 1431 2206 καὶ
1450 2166 1636 2212 τοξεύοντα
1655 2166 1717 2206 καὶ
1734 2169 1882 2216 ἓστηῶτ’
1898 2167 1956 2206 ἐπὶ
1971 2167 2108 2213 νώτοις.

1383 2251 1567 2303 (Proclus
1586 2253 1627 2289 in
1645 2251 1820 2289 Platonis
1842 2253 1953 2289 Polit.
1974 2267 2017 2303 p.
2047 2253 2124 2290 380
2149 2266 2157 2289 :
2176 2253 2223 2291 Οἳ
2241 2251 2313 2291 θεοὶ

1329 2310 1464 2355 πολλὰς
1496 2313 1631 2349 ἑαυτῶν
1673 2310 1896 2365 προτείνουσι
1932 2311 2091 2365 μορφάς,
2130 2311 2247 2350 πολλὰ
2275 2312 2316 2351 δὲ

1329 2370 1503 2423 σχήματα
1521 2370 1793 2416 ἐξαλλάττοντες
1812 2371 2010 2425 φαίνονται.
2033 2395 2086 2402 —
2103 2371 2176 2411 Καὶ
2197 2376 2309 2411 ταῦτα

1327 2429 1390 2468 καὶ
1424 2433 1446 2478 ἡ
1483 2429 1742 2483 θεοπαράδοτος
1784 2430 2019 2483 μυσταγωγία
2063 2430 2303 2485 παραδίδωσι.

1327 2490 1452 2528 Ταῦτα
1472 2489 1540 2542 γάρ
1563 2504 1669 2543 φησιν
1694 2489 1964 2543 ἐπιφωνήσασα·
1984 2494 2056 2544 πῦρ
2085 2490 2201 2529 ἴκελον
2222 2493 2303 2534 κτλ,

1329 2553 1396 2588 Est
1423 2557 1551 2587 autem
1581 2551 1603 2596 ἡ
1628 2549 1887 2602 θεοπαράδοτος
1907 2549 2144 2602 μυσταγωγία
2173 2552 2309 2588 eadem

1329 2622 1446 2659 quam
1463 2610 1598 2649 Theol.
1618 2608 1717 2646 Plat.
1739 2611 1807 2660 VI,
1839 2610 1862 2647 8
1881 2623 1924 2659 p.
1952 2610 2027 2648 363
2048 2608 2112 2657 τὴν
2134 2608 2309 2662 Ὀρφικὴν

1326 2667 1578 2720 μυσταγωγίαν
1600 2669 1783 2719 appellat.
1806 2691 1860 2698 —
1885 2672 1947 2707 Vs.
1969 2669 1990 2707 5
2011 2670 2200 2707 Gesnerus
2220 2671 2309 2712 θοοῖς

1322 2742 1396 2778 pro
1417 2731 1504 2772 θεοῖς
1525 2729 1690 2778 scripsit.
1725 2750 1776 2758 —
1792 2731 1837 2768 V.
1858 2730 1882 2767 6
1906 2730 2008 2766 idem
2030 2725 2182 2781 ἔλπυρον
2200 2737 2308 2766 recte

1323 2790 1364 2825 in
1387 2786 1546 2841 ἔμπυρον
1564 2789 1740 2828 mutavit.
1767 2788 1826 2828 Cf.
1850 2790 2038 2827 Lobeckii
2059 2789 2253 2839 Aglaoph.
2286 2789 2304 2827 I

1324 2862 1366 2898 p.
1393 2850 1466 2886 106
1484 2847 1593 2898 seq.)

42 3111 43 3114 =
113 3094 224 3128 sedem
240 3104 386 3128 seorsum
402 3095 444 3128 ab
460 3096 702 3130 immortalibus
720 3096 950 3138 habitandam,
971 3096 1027 3129 ubi
1050 3096 1176 3129 medius

1722 2980 1824 3012 XXlI.

1238 3038 1301 3072 Sed
1316 3040 1468 3071 Amorem
1484 3039 1644 3072 saturnus
1664 3039 1697 3072 et
1714 3043 1830 3071 ventos
1846 3046 1959 3071 omnes
1975 3037 2096 3079 genuit.

1708 3099 1831 3131 XXIII.

111 3155 191 3189 solis
208 3156 347 3189 vertitur
359 3156 528 3198 accedens,
542 3166 648 3199 neque
664 3157 774 3199 paullo
1238 3158 1350 3199 Ignem
1365 3156 1503 3190 similem
1520 3156 1696 3190 subsultim
1712 3166 1769 3199 per
1785 3156 1870 3190 aeris
1884 3156 2002 3189 fluctus
2021 3155 2207 3189 tendentem
2217 3180 2227 3197 ‚

112 3212 257 3255 frigidior
274 3223 371 3257 supra
388 3218 498 3258 caput,
518 3225 624 3258 neque
643 3216 771 3257 ardens,
788 3216 844 3249 sed
861 3218 1073 3258 temperatus.
1238 3218 1295 3249 aut
1308 3217 1406 3249 eliam
1419 3216 1525 3258 ignem
1540 3217 1714 3249 informem
1734 3215 1821 3248 unde
1833 3214 1961 3256 fulgura
1975 3213 2135 3255 emicant,

611 3277 681 3310 XX.
1239 3277 1297 3309 aut
1316 3277 1423 3309 lucem
1441 3277 1560 3319 largam
1576 3277 1610 3310 in
1626 3279 1723 3309 terrae
1739 3274 1921 3308 visceribus
1941 3274 2166 3306 coruscantem
2177 3297 2188 3314 ‚

113 3333 211 3366 Hune
227 3332 338 3366 autem
354 3333 474 3367 vindex
486 3336 505 3368 J
509 3334 617 3368 ustitia
634 3335 830 3380 sequebatur
842 3335 993 3368 omnibus
1004 3335 1174 3367 auxilians.
1239 3336 1294 3368 sed
1311 3345 1434 3377 equum
1452 3337 1550 3369 etiam
1566 3335 1677 3369 videre
1691 3336 1764 3369 luce
1781 3335 1913 3377 plenum
1926 3358 1935 3374 ,
1952 3333 2128 3374 fulgentem
2138 3356 2147 3372 ,

594 3395 682 3428 xxi.
1238 3397 1294 3427 aut
1313 3394 1410 3427 etiam
1428 3403 1565 3436 puerum
1581 3394 1686 3428 veloci
1701 3394 1775 3436 equi
1791 3397 1877 3434 tergo
1891 3392 2116 3431 invehentem,

112 3452 225 3494 Neque
243 3452 482 3486 obliviscuntur
503 3456 669 3488 Musarum
688 3456 842 3489 mortales
863 3464 871 3484 ε
891 3455 941 3488 bne
960 3454 1045 3488 enim
1058 3455 1135 3488 sunt
1240 3453 1369 3494 igneum
1382 3477 1391 3493 ‚
1409 3454 1461 3487 vel
1476 3463 1555 3486 auro
1569 3454 1710 3494 tectum,
1732 3453 1782 3486 vel
1796 3461 1908 3484 rursus
1928 3450 2050 3483 nudum
2062 3474 2071 3490 ,

109 3511 252 3546 dominae
265 3538 275 3555 ‚
294 3523 368 3555 quoe
390 3516 506 3549 curant
519 3517 636 3550 choros
654 3518 688 3551 et
703 3517 785 3550 festa
801 3516 955 3558 jucunda.
1241 3513 1290 3546 vel
1308 3513 1406 3546 etiam
1426 3514 1634 3555 sagittantem
1657 3515 1754 3554 atque
1774 3513 1805 3545 in
1825 3513 1916 3551 tergo
1943 3509 2154 3542 insistentem.

264 3584 381 3608 ιηιιιοε.
412 3586 511 3610 cna-zc.
2123 3565 2161 3596 ⁴2

113 2977 155 3010 Et
167 2976 274 3018 liquor
289 2977 511 3018 Nympharum
521 3001 530 3019 ,
549 2976 684 3018 limpida
697 2977 809 3010 defluit
824 2986 920 3019 aqua.

572 3037 699 3070 Tribuit
712 3046 788 3070 vero
803 3037 989 3070 hominibus

1084 3155 1176 3199 [axss

181 3699 197 3721 0
