2612 3814
860 445 985 518 DE
1048 441 1522 518 HIPPONE.

160 804 292 856 Hippo
304 832 315 850 ‚
334 801 534 851 Rheginus
551 830 561 848 ‚
581 813 662 839 non
675 799 856 839 diversus
873 800 1029 839 fortasse
1042 813 1065 838 a
1086 799 1161 852 Py-

106 862 292 914 thagoreo
312 874 429 913 quem
455 861 713 899 Aristoxenus
733 860 907 898 Samium
932 859 1052 898 fuisse
1078 868 1166 898 tra·-

107 922 234 972 didit,
263 920 504 960 Censorinus
540 919 592 971 (1)
626 918 936 970 Metapontinum
980 917 1162 963 vocavit,

107 983 263 1020 incertae
295 989 333 1019 et
355 980 476 1018 aetatis
504 987 543 1017 et
567 986 679 1018 sectae
698 978 958 1030 philosophus
977 985 1049 1016 est.
1083 976 1167 1015 Etsi

107 1050 235 1080 autem
260 1039 360 1078 nihil
391 1039 440 1077 de
464 1037 550 1089 ejus
571 1037 653 1076 vita
683 1037 882 1089 proditum
911 1037 955 1075 in
989 1045 1167 1075 veterum

110 1098 375 1139 monumentis
388 1097 577 1147 legimus,
599 1105 728 1135 tamen
747 1109 796 1135 ex
815 1096 890 1135 hoc
916 1096 1022 1147 quod
1041 1095 1168 1134 Crati-

109 1172 184 1198 nus
206 1157 259 1211 (α)
274 1186 285 1205 ,
322 1156 494 1207 antiquae
518 1155 723 1194 comoediae
741 1154 868 1193 atticae
897 1163 1034 1206 poeta,
1055 1156 1098 1192 in
1125 1167 1171 1192 ea

111 1217 242 1256 fabula
261 1229 377 1267 quam
395 1214 580 1253 Oculatos
598 1213 836 1266 (Πανόπταις)
854 1214 1058 1266 inscripsit
1074 1214 1168 1266 Hip-

111 1289 263 1329 ponem
284 1274 484 1324 exagitare
513 1287 593 1312 non
623 1282 807 1323 gravatus
826 1281 881 1312 est
904 1273 1168 1324 colligendum

109 1334 279 1382 videtur,
330 1342 543 1384 utrumque
580 1332 745 1372 Periclis
794 1341 970 1385 tempore
1007 1332 1172 1372 Athenis

112 1394 270 1432 vixisse.
330 1392 483 1431 Etenim
508 1392 651 1431 comici
679 1400 803 1445 poetae
822 1393 865 1431 in
885 1393 1171 1432 illustrissimos

109 1454 170 1493 sui
191 1451 324 1493 saeculi
345 1451 603 1504 philosophos
623 1451 760 1491 invehi
779 1451 980 1504 solebant,
1003 1452 1079 1491 rati
1106 1465 1171 1491 re-

161 1576 207 1619 (1)
228 1574 426 1609 censorinus
445 1574 485 1608 de
504 1573 566 1607 Die
588 1574 686 1607 natali
707 1582 778 1615 cap.
801 1577 819 1606 5
848 1586 857 1607 z
891 1586 908 1602 «
929 1573 1072 1615 Hipponi
1096 1581 1174 1606 vero

113 1622 337 1664 Metapontino
371 1622 459 1663 sive,
509 1624 546 1654 ut
577 1621 791 1654 Aristoxenus
826 1621 942 1653 auctor
987 1622 1037 1654 est
1049 1644 1059 1662 ,
1114 1623 1173 1654 Sa-

116 1671 182 1704 mio
198 1671 262 1703 etc.
281 1682 298 1699 i»

157 1717 202 1759 (2)
218 1716 446 1758 Aristophanis
474 1717 643 1750 enarrator
658 1715 698 1748 ad
715 1715 802 1749 Nub.
826 1724 873 1748 vs.
896 1720 937 1749 96
962 1725 970 1748 ε
993 1716 1120 1758 Κυρίως
1142 1716 1174 1748 δὲ

117 1764 244 1805 πνιγεύς
257 1788 267 1805 ,
285 1763 359 1796 ἔνθα
378 1765 408 1795 οἱ
425 1763 572 1805 ἄνθρακες
592 1762 718 1805 ἔχονται
731 1764 784 1795 καὶ
802 1763 965 1804 πνίγονται
980 1771 988 1779 ·
1009 1766 1112 1796 ταῦτα
1135 1763 1168 1795 δὲ

114 1811 261 1853 πρότερος
278 1809 401 1852 Κράτης
417 1810 500 1850 (leg.
516 1810 686 1852 Κρατῖνος)
707 1810 740 1842 ἐν
759 1809 943 1848 Πανόπταις
958 1809 1091 1852 δράματι
1106 1812 1174 1852 περὶ

117 1859 277 1895 Ἵππωνος
291 1861 348 1890 τοῦ
365 1858 536 1898 φιλοσόφου
553 1858 718 1900 κωμῳδῶν
738 1857 833 1890 αὐτὸν
848 1858 931 1899 λέγει
943 1868 951 1877 ·
971 1859 1021 1900 ἀφ’
1044 1857 1082 1891 οὗ
1099 1869 1175 1891 στο-

114 1905 284 1949 χαζόμενοί
306 1906 386 1942 τινές
412 1916 506 1946 φασιν
518 1929 526 1943 ,
558 1905 606 1937 ὅτι
625 1906 778 1946 μηδεμιᾶς
796 1905 908 1948 ἔχθρας
929 1906 1020 1948 χάριν
1037 1905 1174 1948 Ἄριστο-

115 1954 211 1995 φάνης
235 1953 310 1993 ἧκεν
329 1953 380 1985 ἐπὶ
400 1953 456 1991 τήν
478 1956 541 1985 τῶν
566 1954 713 1994 Νεφελῶν
730 1953 878 1995 ποίησιν,
896 1954 928 1991 ὅς
950 1965 986 1995 γε
1001 1954 1078 1996 μήτε
1100 1955 1175 1996 πρὸς

113 2002 192 2035 ἰδιόν
204 2013 251 2041 τι,
275 2002 354 2042 μήτε
374 2000 549 2043 ἁρμόττον,
580 2001 659 2033 ἀλλὰ
682 2002 759 2043 μηδὲ
780 2002 854 2042 πρὸς
883 2002 915 2034 ἓν
939 2002 1083 2043 ἔγκλημα
1102 2002 1175 2042 ἦλθε

116 2049 320 2093 Σωκράτους·
343 2049 398 2081 δύο
414 2049 478 2091 γὰρ
495 2047 566 2080 κατ’
591 2048 689 2080 αὐτοῦ
705 2051 807 2080 ταῦτα
826 2049 948 2089 προθεὶς
971 2048 1154 2090 ἐγκλήματα
1166 2070 1175 2084 .

114 2097 152 2129 τὸ
169 2097 237 2137 περὶ
257 2096 410 2137 οὐρανοῦ,
438 2095 486 2127 ὅτι
511 2095 577 2127 ἐστὶ
595 2094 721 2136 πνιγεύς
733 2118 741 2133 ,
758 2095 813 2126 καὶ
842 2096 885 2132 ὡς
907 2095 1013 2132 ἱκανός
1033 2095 1100 2127 ἐστι
1123 2093 1177 2124 τὸν

116 2145 201 2182 ἥττω
220 2143 313 2184 λόγον
330 2143 489 2175 διδάσκειν
516 2143 571 2175 καὶ
587 2143 641 2175 τὸν
658 2142 820 2184 κρείττονα
832 2151 839 2159 ·
861 2143 897 2175 τὸ
915 2143 971 2184 μὲν
991 2142 1095 2175 κοινὸν
1114 2145 1177 2173 τῶν

116 2191 292 2233 φιλοσόφων
306 2190 454 2223 ἁπάντων
470 2190 626 2231 ἐπήγαγεν
643 2190 797 2231 ἔγκλημα.
825 2189 978 2223 Φαίνεται
995 2190 1028 2222 δὲ
1048 2190 1102 2221 καὶ
1127 2189 1176 2220 ἐπὶ

116 2238 217 2280 τούτῳ
234 2240 252 2271 ὁ
265 2239 390 2271 Ἵππων
404 2239 636 2280 κωμῳδηθῆναι
650 2238 779 2279 φθάσας.
792 2239 836 2270 Τὸ
850 2238 883 2269 δὲ
896 2242 959 2270 τῶν
973 2237 1178 2278 ἐγκλημάτων

115 2288 187 2321 οὐδὲ
201 2289 237 2320 τὸ
253 2287 383 2320 σύνολον
398 2286 597 2318 ἐπικοινωνεῖ
612 2285 779 2327 φιλοσοφίᾳ
791 2296 799 2303 ·
817 2285 854 2317 οὐ
876 2285 937 2326 γὰρ
960 2289 1054 2317 τοῦτο
1076 2285 1177 2325 ἐπαγ·

116 2334 277 2374 γέλλονται
300 2335 330 2366 οἱ
353 2333 516 2374 φιλόσοφοι
531 2358 541 2374 ,
555 2332 674 2369 δεινοὺς
691 2332 836 2370 ποιήσειν
860 2332 976 2372 λέγειν·
994 2332 1074 2364 ἷδιον
1093 2331 1126 2363 δὲ
1142 2331 1178 2363 τὸ

117 2386 243 2415 τοιοῦτο
261 2382 379 2423 μᾶλλον
399 2384 454 2420 τῆς
475 2382 640 2422 ῥητορικῆς
653 2389 661 2396 ·
689 2381 731 2417 ὡς
748 2380 797 2412 ἐπ’
815 2379 999 2421 ἀμφοτέροις
1018 2379 1072 2412 τὸν
1091 2379 1178 2420 φιλό-

118 2441 214 2471 σοφον
234 2429 426 2471 καθαρεύειν.
473 2429 513 2461 Οἱ
536 2428 569 2460 δὲ
584 2428 632 2460 ὅτι
652 2427 821 2469 ὁλόκληρον
845 2428 888 2464 εἰς
915 2427 1009 2459 αὐτὸν
1034 2427 1180 2464 συνέταξε

119 2477 222 2517 δρᾶμα
241 2476 295 2508 καὶ
320 2475 359 2507 δι’
385 2475 497 2517 ἔχθραν
539 2475 719 2517 νομίζουσιν
746 2475 841 2507 αὐτὸν
866 2476 1095 2514 πεποιηκέναι,
1122 2476 1180 2507 οὐκ

119 2523 216 2564 ὀρθῶς
232 2522 366 2555 οἴονται·
386 2525 510 2564 πρῶτον
528 2522 583 2563 μὲν
601 2523 661 2563 γὰρ
677 2521 804 2563 Δίφιλος
824 2522 867 2558 εἰς
884 2521 999 2554 Βοίδαν
1021 2522 1074 2554 τὸν
1091 2521 1177 2562 φιλό-

122 2580 219 2611 σοφον
247 2569 415 2611 ὁλόκληρον
436 2570 582 2607 συνέταξε
608 2569 731 2609 ποίημα
744 2594 754 2610 ,
774 2568 813 2601 δι’
835 2569 872 2601 οὗ
889 2570 942 2601 καὶ
965 2570 1009 2605 εἰς
1037 2569 1178 2601 δουλείαν

119 2617 326 2659 ἐρρυπαίνετο
343 2618 360 2649 ὁ
375 2616 540 2658 φιλόσοφος
551 2626 559 2633 ·
581 2617 619 2649 οὐ
636 2617 687 2649 διὰ
705 2620 799 2648 τοῦτο
821 2617 856 2648 δὲ
879 2617 985 2659 ἐχθρὸς
1002 2616 1055 2656 ἦν·
1073 2617 1181 2648 ἔπειτα

124 2665 276 2703 Εὔπολις,
304 2665 330 2697 εἰ
350 2665 403 2696 καὶ
430 2664 470 2696 δι’
491 2664 606 2705 ὀλίγων
625 2664 764 2705 ἐμνήσθη
792 2663 998 2705 Σωκράτους,
1022 2665 1139 2705 μᾶλλον
1160 2665 1180 2704 ἢ

119 2710 334 2755 Ἀριστοφάνης
350 2712 380 2744 ἐν
397 2712 482 2749 ὅλαις
495 2715 563 2749 ταῖς
583 2713 729 2753 Νεφέλαις
745 2712 840 2744 αὐτοῦ
857 2712 1034 2754 καθήψατο.
1050 2713 1088 2744 In
1100 2711 1182 2744 hanc

120 2761 314 2792 seutentiam
340 2761 437 2792 etiam
472 2759 574 2791 schol.
605 2760 766 2791 clement.
808 2759 982 2792 Alexandr.
1020 2761 1181 2800 Protrept.

122 2815 195 2848 pag.
207 2810 247 2840 20
258 2806 311 2839 ed.
327 2806 410 2848 Lips.
428 2819 437 2838 ι
452 2810 516 2839 Τοῦ
532 2807 692 2843 Ἵππωνος
706 2807 760 2839 καὶ
775 2807 872 2839 αὐτοῦ
886 2808 928 2843 ὡς
946 2806 1077 2842 ἀσεὸοῦς
1090 2817 1182 2845 γενο-

121 2854 216 2894 μένου
236 2855 390 2896 μέμνηται
420 2855 438 2887 ὀ
468 2856 629 2896 Κρατῖνος.
647 2854 698 2886 Cf.
719 2855 834 2896 Bergk.
856 2855 984 2887 Comm.
1016 2853 1058 2886 de
1077 2852 1180 2895 Reliq.

124 2901 262 2934 eomoed.
283 2901 381 2935 Attic.
401 2910 431 2942 p.
455 2903 605 2934 164-181.

166 2949 212 2992 (3)
232 2949 411 2982 Alexander
426 2948 684 2988 Aphrodisiensis
700 2949 732 2980 in
751 2948 930 2982 Aristotelis
942 2948 1086 2989 Metaph.
1106 2951 1132 2990 Ι,
1151 2951 1182 2986 3.

125 3006 197 3038 pag.
218 3001 252 3030 2¹
273 2997 324 3030 ed.
339 2998 455 3030 Bonitz
474 3009 482 3029 ι
500 2999 603 3029 Τοῦτο
619 2997 652 3029 δὲ
669 2997 754 3036 λέγοι
772 2998 810 3029 ἂν
824 2997 892 3038 περὶ
908 2997 1018 3037 αὐτοῦ,
1029 2996 1077 3029 ὅτι
1095 2997 1184 3034 ἄθεος

125 3045 180 3084 ἦν·
201 3047 326 3077 τοιοῦτο
339 3044 399 3086 γὰρ
419 3045 473 3076 καὶ
484 3044 519 3076 τὸ
538 3044 587 3076 ἐπὶ
601 3047 657 3076 τοῦ
672 3044 772 3084 τάφου
790 3045 887 3076 αὐτοῦ
899 3044 1093 3086 ἐπίγραμμα,
1112 3044 1185 3076 Plu—

127 3091 257 3124 tarchus
277 3093 352 3123 adv.
374 3091 497 3123 Stoicos
520 3100 548 3123 c.
568 3095 601 3124 31
631 3101 639 3123 :
661 3093 701 3123 Οἱ
719 3094 795 3133 γοῦν
812 3092 897 3124 ἄθεοι
915 3093 1183 3133 προσαγορευθέν-

77 3175 78 3178 ¹
125 3148 174 3174 τες
190 3137 296 3177 οὗτοι,
315 3138 472 3179 Θεόδωροι
485 3138 539 3169 καὶ
557 3137 708 3180 Διαγόραι
727 3139 780 3170 καὶ
798 3137 954 3174 Ἵππωνες
971 3138 1029 3170 οὐκ
1051 3138 1183 3180 ἐτόλμη-

126 3195 186 3217 σαν
200 3185 316 3224 εἰπεῖν,
334 3186 370 3218 τὸ
381 3186 463 3217 θεῖον
485 3185 532 3217 ὅτι
554 3186 686 3227 φθαρτόν
705 3186 808 3226 ἐστιν,
827 3186 893 3218 ἀλλ’
908 3186 966 3218 οὐκ
983 3186 1185 3228 ἐπίστευσαν,

127 3233 169 3268 ὡς
183 3232 249 3264 ἔστι
265 3243 294 3264 τι
310 3232 475 3274 ἄφθαρτον.
494 3235 628 3266 Factum
647 3234 743 3266 etiam
773 3233 913 3274 quadam
929 3234 1075 3273 Diagorae
1096 3233 1182 3266 Melii

129 3278 339 3312 similitudine
350 3282 383 3312 et
403 3280 510 3320 specie
522 3305 531 3321 ,
549 3282 586 3312 ut
605 3282 709 3322 Hippo
723 3281 836 3313 Melius
855 3281 1018 3313 interdum
1038 3281 1186 3313 nomina-

130 3328 229 3358 retur.
249 3326 300 3358 Sic
320 3327 423 3359 Clem.
439 3326 530 3359 Alex.
551 3328 686 3360 Coliort.
702 3328 742 3359 ad
758 3329 853 3360 Gent.
873 3337 904 3369 p.
926 3331 962 3359 15
980 3338 986 3359 :
1005 3328 1185 3368 Θαυμάζειν

131 3372 232 3405 ἔπεισί
252 3384 324 3415 μοι,
339 3373 404 3415 ὅτῳ
423 3373 531 3416 τρόπῳ
553 3375 715 3417 Εὐήμερον
734 3376 788 3408 τὸν
803 3375 1039 3416 Ἀκραγαντῖνον
1056 3377 1109 3406 καὶ
1128 3377 1186 3407 Νι·

130 3419 248 3462 κάνορα
269 3421 322 3452 τὸν
341 3422 479 3463 Κύπριον
493 3422 547 3454 καὶ
564 3423 721 3465 Διαγόραν
747 3424 800 3455 καὶ
818 3424 963 3455 Ἵππωνα
989 3424 1042 3456 τὸν
1066 3424 1187 3461 Μήλιον

130 3468 198 3500 κτλ.
214 3468 322 3505 ἀθέους
333 3469 589 3510 ἐπικεκλήκασιν,
609 3470 661 3501 ubi
680 3471 814 3503 sortasse
833 3470 1016 3511 ponendum
1030 3470 1100 3505 τοὺς
1116 3472 1187 3507 Μη-

131 3514 224 3552 λίοις.
245 3516 404 3548 Arnobius
417 3518 470 3554 lv,
490 3521 528 3548 29
546 3530 552 3548 :
571 3531 584 3544 «
604 3519 639 3549 Et
654 3527 826 3559 possumus
842 3518 972 3559 quidem
990 3518 1050 3549 hoc
1068 3518 1099 3549 in
1119 3518 1187 3549 loco

278 3586 393 3609 vultos.
424 3587 523 3610 GuJic.

1200 3581 1240 3613 81

1227 813 1312 838 rum
1334 799 1562 838 divinarum
1591 799 1930 850 humanarumque
1956 800 2220 850 cognitionem
2252 811 2291 841 et

1231 859 1316 898 veri
1345 859 1637 909 indagationem
1659 872 1776 911 quam
1806 859 1886 898 viri
1919 859 1980 898 illi
2002 860 2293 911 profitebantur

1230 933 1310 957 non
1343 931 1428 958 esse
1448 919 1606 958 virtutis
1638 919 1862 970 magistram
1879 948 1889 966 ‚
1918 919 1982 958 sed
2015 920 2230 971 impietatis
2256 931 2293 960 et

1229 979 1438 1029 pravitatis
1454 978 1706 1018 effectricem.
1729 978 1863 1030 Neque
1882 993 1978 1018 vero
1996 978 2160 1018 dubium
2174 1010 2183 1028 ‚
2196 981 2292 1031 quin

1233 1038 1364 1090 Hippo
1381 1046 1512 1090 aperte
1530 1037 1691 1076 deorum
1710 1046 1887 1076 naturam
1904 1038 2108 1077 sustulisse
2122 1039 2294 1079 creditus

1231 1098 1282 1136 sit
1304 1096 1428 1148 (unde
1441 1098 1558 1136 etiam
1576 1097 1677 1136 athei
1703 1097 1756 1150 (3)
1772 1111 1989 1149 cognomen
2010 1099 2182 1151 invenit)
2203 1101 2297 1151 quia

1232 1171 1363 1196 rerum
1386 1158 1563 1196 omnium
1594 1157 1836 1210 principium
1859 1167 1925 1196 aut
1942 1157 2119 1196 Thaletis
2146 1159 2203 1210 (4)
2231 1161 2296 1198 in-

1231 1224 1311 1254 star
1338 1229 1488 1266 aquam,
1516 1224 1605 1266 aut,
1626 1224 1670 1253 ut
1691 1215 1780 1254 aliis
1801 1217 1950 1267 placet,
1972 1216 2167 1254 humidum
2189 1218 2296 1268 quod

1232 1275 1392 1327 quidam
1415 1274 1463 1313 de
1492 1287 1581 1313 aere
1611 1275 1931 1327 interpretantur,
1955 1284 2021 1314 aut
2049 1289 2190 1328 aquam
2211 1277 2296 1327 igni

1233 1333 1480 1385 conjunctam
1505 1347 1590 1372 esse
1607 1334 1822 1374 contendit.
1845 1335 2038 1373 Caeterum
2058 1336 2126 1387 qui
2148 1345 2291 1374 terram

1234 1393 1339 1432 abeo
1356 1407 1428 1445 pro
1447 1407 1578 1432 rerum
1602 1393 1853 1432 fundamento
1869 1394 2035 1445 positam
2054 1408 2139 1433 esse
2156 1404 2298 1447 putant

1234 1451 1277 1491 in
1298 1465 1435 1491 errore
1452 1460 1676 1492 versantur.
1696 1451 1772 1491 Sed
1795 1452 2000 1492 humidum
2023 1466 2155 1492 rerum
2181 1451 2298 1505 prin-

1234 1581 1348 1605 omnes
1364 1572 1443 1605 istos
1457 1573 1551 1605 nobis
1565 1582 1646 1614 quos
1659 1573 1812 1607 inducitis
1829 1577 1931 1615 atque
1947 1575 2115 1616 appellatis
2131 1575 2222 1614 deos,
2238 1576 2298 1608 ho-

1235 1621 1340 1653 mines
1353 1620 1449 1653 ruisse
1467 1623 1651 1662 monstare,
1666 1622 1717 1655 vel
1730 1623 1947 1663 Agragantino
1970 1625 2125 1655 Eueinero
2142 1624 2298 1664 replicato

1236 1685 1279 1691 -
1292 1667 1342 1699 vel
1359 1667 1516 1700 Nicanore
1530 1669 1652 1710 cyprio
1665 1693 1674 1709 ‚
1695 1670 1746 1702 vel
1767 1671 1893 1703 Pellaeo
1907 1672 2039 1711 Leonte,
2054 1670 2106 1703 vel
2120 1673 2298 1712 cyrenensi

1235 1714 1406 1748 Theodoro
1418 1738 1427 1753 ‚
1440 1715 1490 1747 vel
1509 1715 1656 1756 Hippone
1671 1725 1709 1748 ac
1725 1717 1864 1758 Diagora
1885 1717 1999 1749 Meliis.
2021 1717 2072 1750 Cf.
2090 1718 2257 1760 Σωκράτης
2279 1720 2297 1751 ὁ
2330 1736 2335 1739 -
2369 1744 2375 1748 .

1236 1763 1354 1801 Μήλιος
1378 1762 1466 1803 apud
1486 1762 1651 1804 Aristoph.
1673 1763 1756 1796 Nub.
1779 1773 1812 1797 v,
1831 1767 1904 1797 828.

1280 1810 1325 1852 (4)
1338 1810 1520 1843 Alexander
1539 1811 1795 1852 Aphrodisiensis
1810 1812 1842 1843 in
1858 1812 2045 1845 Aristotelis
2062 1813 2203 1854 Metaph.
2217 1815 2246 1854 Ι,
2265 1817 2297 1855 3,

1240 1867 1309 1898 pag.
1325 1861 1361 1891 21
1384 1857 1436 1890 ed.
1457 1858 1569 1890 Bonitz
1597 1868 1604 1886 z

1236 1907 1329 1949 ὑγρὸν
1347 1905 1532 1948 ἀδιορίστως
1546 1906 1736 1945 ὑποθέσθαι,
1752 1907 1788 1939 οὐ
1803 1907 2043 1948 διασαφήσαντα
2056 1907 2186 1950 πότερον
2203 1909 2299 1950 ὕδωρ,

1240 1956 1282 1992 ὡς
1299 1955 1423 1995 Θαλῆς,
1444 1953 1464 1994 ἢ
1477 1954 1548 1995 ἀήρ,
1568 1956 1610 1991 ὡς
1626 1954 1821 1996 Ἀναξιμένης
1838 1956 1890 1987 καὶ
1910 1956 2058 1996 Διογένης
2069 1964 2077 1972 ·
2095 1957 2143 1988 διὸ
2163 1958 2217 1988 καὶ
2234 1969 2299 1989 πα-

1238 2005 1389 2044 ραιτεῖται
1408 2002 1505 2034 αὐτοῦ
1517 2002 1574 2040 τὴν
1595 2002 1686 2039 δόξαν
1701 2004 1743 2039 ὡς
1757 2003 1942 2035 ἐπιπόλαιον
1956 2004 2009 2035 καὶ
2028 2004 2116 2035 οὐδὲν
2131 2004 2301 2045 διασαφοῦ-

1238 2060 1310 2082 σαν.
1326 2050 1367 2081 Ἢ
1385 2049 1443 2091 οὐχ
1465 2051 1506 2086 ὡς
1529 2049 1738 2091 ἀδιάρθρωτον
1764 2050 1862 2082 αὐτοῦ
1879 2051 1935 2088 τήν
1965 2050 2055 2087 δόξαν
2083 2056 2299 2092 παραιτεῖται·

1238 2096 1275 2128 οὐ
1292 2097 1352 2138 γὰρ
1374 2097 1443 2128 εἶπε
1459 2096 1511 2128 διὰ
1527 2097 1584 2135 τὴν
1598 2097 1753 2129 εὐτέλειαν
1768 2098 1866 2129 αὐτοῦ
1890 2102 1944 2136 τῆς
1963 2098 2069 2138 δόξης,
2091 2099 2158 2131 ἀλλ’
2175 2102 2217 2137 ὡς
2242 2101 2301 2133 οὐκ

1240 2143 1404 2184 ὀφείλοντα
1431 2144 1462 2176 ἐν
1481 2147 1545 2181 τοῖς
1569 2145 1749 2186 φιλοσόφοις
1777 2146 2076 2187 ἐγκαταριθμεῖσθαι
2098 2147 2150 2178 διὰ
2168 2149 2224 2185 τήν
2246 2152 2301 2187 τῆς

1239 2191 1378 2228 διανοίας
1398 2191 1565 2223 εὐτέλειαν.
1612 2192 1673 2223 Διὰ
1703 2192 1763 2234 γὰρ
1783 2195 1878 2224 τοῦτο
1909 2193 1977 2224 εἷπε
1995 2193 2031 2225 τὸ
2060 2194 2139 2234 μετὰ
2161 2195 2300 2235 τούτων,

1238 2238 1337 2278 λέγων
1348 2240 1412 2269 τῶν
1424 2235 1611 2279 φιλοσόφων.
1631 2240 1703 2278 Ipse
1724 2238 1909 2270 Aristoteles
1925 2239 2066 2280 Metaph.
2083 2242 2108 2279 1,
2125 2242 2157 2280 3,
2174 2251 2205 2282 p.
2225 2244 2299 2282 984,

1241 2294 1278 2326 a,
1297 2290 1314 2317 2
1333 2285 1385 2318 ed.
1406 2285 1540 2318 Bekker.
1566 2287 1613 2318 ait
1713 2287 1817 2324 Θαλῆς
1837 2286 1940 2327 μέντοι
1967 2287 2088 2327 λέγεται
2108 2288 2206 2326 οὕτως
2224 2289 2301 2322 ἀπο-

1243 2333 1400 2375 φήνασθαι
1414 2334 1483 2376 περὶ
1503 2337 1556 2372 τῆς
1573 2334 1698 2375 πρώτης
1722 2334 1824 2371 αἰτίας
1837 2342 1845 2350 ·
1871 2335 2019 2367 Ἵππωνα
2035 2336 2094 2376 γὰρ
2118 2337 2178 2370 οὐκ
2199 2338 2236 2369 ἄν
2256 2349 2302 2375 τις

1241 2383 1385 2420 ἀξιώσειε
1406 2382 1502 2413 θεῖναι
1520 2382 1598 2423 μετὰ
1615 2381 1734 2413 τούτων
1750 2381 1801 2413 διὰ
1814 2382 1869 2420 τήν
1883 2382 2037 2414 εὐτέλειαν
2054 2384 2151 2416 αὐτοῦ
2165 2388 2219 2423 τῆς
2237 2385 2302 2417 δια-

1240 2430 1337 2466 νοίας.
1356 2429 1405 2461 ld.
1426 2428 1467 2460 de
1484 2428 1599 2460 Anima
1619 2430 1644 2467 l,
1667 2433 1685 2460 2
1707 2441 1715 2460 ι
1738 2430 1809 2461 Τῶν
1833 2429 1865 2461 δὲ
1889 2431 2123 2472 φορτικωτέρων
2146 2433 2199 2464 καὶ
2218 2433 2303 2475 ὕδωρ

1241 2477 1319 2514 τινὲς
1336 2477 1533 2518 ἀπεφήναντο
1548 2475 1623 2517 [τὴν
1643 2475 1767 2518 ψυχήν]
1780 2500 1789 2515 ,
1807 2476 1948 2519 καθάπερ
1965 2477 2091 2510 Ἵππων
2103 2488 2110 2495 ·
2133 2481 2298 2519 πεισθῆναι

1239 2523 1271 2555 δ’
1285 2523 1428 2556 ἐοίκασιν
1443 2524 1479 2555 ἐκ
1500 2526 1555 2562 τῆς
1576 2527 1688 2563 γονῆς,
1708 2523 1756 2555 ὅτι
1772 2523 1900 2556 πάντων
1919 2525 2018 2567 ὑγρά·
2033 2526 2086 2558 καὶ
2101 2526 2161 2568 γὰρ
2183 2526 2303 2568 ἐλέγχει

1242 2571 1312 2608 τοὺς
1331 2571 1412 2612 αἷμα
1431 2570 1608 2612 φάσκοντας
1624 2571 1680 2609 τὴν
1697 2571 1820 2614 ψυχήν,
1836 2572 1883 2604 ὅτι
1899 2573 1919 2611 ἡ
1936 2574 2013 2612 γονή
2027 2573 2087 2614 οὐχ
2110 2574 2190 2615 αῐμα
2201 2583 2209 2591 ·
2229 2575 2302 2607 ταύ-

1242 2630 1298 2657 την
1315 2618 1342 2650 δ’
1361 2619 1440 2651 εἶναι
1452 2619 1509 2657 τὴν
1527 2618 1653 2659 πρώτην
1669 2619 1785 2661 ψυχήν.
1799 2619 1987 2660 Simplicius
1999 2620 2039 2652 ad
2069 2621 2165 2662 Phys.
2183 2621 2239 2656 sol.
2256 2627 2274 2655 G
2293 2637 2300 2655 :

1242 2666 1365 2708 Ὠσπερ
1378 2666 1522 2705 Θαλῆς...
1544 2667 1597 2698 καὶ
1615 2665 1757 2706 Ἵππων,
1778 2667 1811 2704 ὃς
1836 2667 1923 2699 δοκεῖ
1944 2668 1998 2699 καὶ
2013 2668 2102 2706 ἄθεος
2124 2670 2303 2710 γεγονέναι,

1242 2714 1326 2756 ὕδωρ
1340 2714 1445 2754 ἔλεγον
1457 2714 1513 2752 τήν
1529 2714 1640 2756 ἀρχήν.
1661 2716 1702 2746 Et
1719 2714 1797 2747 ibid.
1814 2724 1845 2755 p.
1863 2719 1914 2754 32,
1927 2723 1946 2746 a
1963 2729 1969 2747 :
1989 2715 2109 2753 Πάντες
2122 2718 2182 2758 γὰρ
2196 2729 2304 2758 σωμα-

1243 2761 1329 2794 τικόν
1346 2772 1372 2793 τι
1392 2762 1428 2793 τὸ
1448 2761 1480 2793 ἓν
1493 2761 1691 2794 ὑποτίθενται
1705 2765 1799 2794 τοῦτο
1811 2771 1819 2778 ·
1841 2762 1908 2795 ἀλλ’
1923 2764 1952 2795 οῖ
1970 2763 2024 2804 μὲν
2039 2764 2070 2795 ἓν
2088 2776 2116 2795 τι
2131 2768 2194 2796 τῶν
2211 2769 2304 2807 τριῶν

1247 2807 1434 2850 στοιχείων·
1456 2808 1563 2849 ὥσπερ
1580 2809 1686 2847 Θαλῆς
1704 2808 1759 2850 μὲν
1775 2809 1829 2841 καὶ
1847 2809 1970 2842 Ἵππων
1986 2811 2022 2842 τὸ
2036 2810 2132 2853 ὕδωρ.
2156 2811 2243 2843 idem
2262 2813 2302 2843 ad

1245 2856 1377 2887 Aristot.
1389 2854 1431 2887 de
1442 2855 1531 2887 Coelo
1547 2864 1578 2896 p.
1598 2858 1668 2896 148,
1682 2864 1700 2888 a
1715 2856 1840 2889 ιἯσαν
1854 2856 1886 2888 δέ
1897 2867 1974 2893 τινες
1991 2858 2021 2888 οἱ
2036 2857 2068 2889 ἒν
2084 2858 2223 2897 λέγοντες
2237 2859 2304 2890 Θα·

1243 2906 1297 2941 λῆς
1312 2902 1367 2944 μὲν
1381 2902 1435 2934 καὶ
1447 2902 1572 2935 Ἵππων
1593 2903 1687 2945 ὕδωρ,
1706 2902 1900 2945 Ἀναξιμένης
1917 2905 1948 2936 δὲ
1965 2905 2020 2936 καὶ
2046 2905 2194 2946 Διογένης
2210 2905 2299 2946 ιίιεςξραΔ

1246 2952 1399 2990 Origenes
1417 2950 1606 2992 Pliilosoph.
1640 2954 1677 2984 16
1705 2964 1715 2985 z
1735 2953 1861 2985 Ἵππων
1881 2952 1914 2984 δὲ
1935 2953 1952 2984 ὁ
1966 2953 2108 2992 Ῥηγῖνος
2130 2954 2228 2995 ἀρχὰς
2247 2953 2301 2994 ἔφη

1245 2998 1366 3039 ψυχρὸν
1380 2998 1416 3030 τὸ
1446 2998 1531 3040 ὕδωρ
1551 2999 1605 3031 καὶ
1630 3000 1743 3042 θερμὸν
1760 3000 1796 3032 τὸ
1820 3002 1895 3041 πῦρ,
1922 3000 2114 3041 γεννώμενον
2131 3001 2164 3032 δὲ
2185 3001 2220 3032 τὸ
2246 3003 2308 3042 πῦρ

1246 3046 1308 3077 ὑπὸ
1325 3046 1457 3086 ὕδατος,
1475 3049 1688 3085 κατανικῆσαι
1703 3047 1759 3087 τῇν
1779 3050 1837 3080 τοῦ
1858 3048 2064 3088 γεννήσαντος
2077 3047 2208 3089 δύναμιν
2221 3072 2229 3086 ,
2247 3059 2302 3080 συ-

1247 3092 1363 3132 στῆσαί
1375 3104 1409 3125 τε
1423 3094 1478 3126 τὸν
1491 3093 1624 3135 κόσμον.
1644 3095 1760 3126 Sextus
1773 3095 1955 3136 Empiricus
1974 3095 2128 3135 Pyrrlion.
2143 3097 2228 3135 Hyp.
2248 3097 2306 3135 ΙΙΙ,

1247 3143 1287 3172 30
1305 3149 1336 3181 p.
1363 3143 1419 3173 130
1439 3140 1490 3173 ed.
1512 3141 1608 3173 Fabr.
1631 3143 1663 3174 et
1675 3142 1863 3175 adv.Math.
1885 3143 1940 3183 lX,
1959 3145 2015 3175 361
2031 3151 2062 3183 p.
2083 3147 2144 3175 620
2162 3142 2306 3174 :''lmtu›v

1250 3188 1284 3220 δὲ
1303 3189 1321 3220 ὁ
1345 3188 1486 3229 Ῥηγῖνος
1509 3192 1572 3231 πῦρ
1588 3189 1646 3221 καὶ
1670 3190 1767 3231 ὕδωρ,
1791 3189 1878 3231 quod
1906 3190 2040 3222 totidem
2064 3189 2172 3222 verbis
2193 3190 2309 3231 legitur

1247 3234 1333 3276 apud
1349 3237 1510 3268 Calenum
1527 3237 1619 3270 nist.
1638 3237 1717 3278 phil.
1733 3247 1763 3270 c.
1785 3242 1813 3270 5.
1836 3240 1860 3270 t.
1884 3240 1971 3274 xlx,
1993 3248 2025 3279 p.
2051 3240 2123 3270 243.
2146 3238 2256 3270 schol.
2275 3238 2307 3270 in

1247 3282 1376 3315 Aristol..
1394 3291 1427 3324 p.
1446 3286 1506 3316 514
1516 3284 1568 3315 ed.
1584 3284 1719 3316 Brandis
1739 3297 1747 3317 :
1765 3285 1869 3323 Θαλῆς
1884 3286 1939 3326 μὲν
1956 3286 1973 3317 ὁ
1991 3286 2156 3324 Μιλήσιος.
2171 3286 2224 3317 καὶ
2238 3286 2307 3318 ’Ἰπ-

1247 3341 1318 3362 πων
1333 3331 1369 3363 τὸ
1388 3331 1420 3363 ἓν
1436 3331 1593 3363 ὑπέθεσαν
1607 3356 1616 3372 ,
1642 3332 1749 3371 ἐπειδὴ
1770 3333 1801 3370 ἐξ
1812 3333 1924 3370 ὕδατος
1942 3333 1980 3364 τά
2005 3343 2039 3365 τε
2059 3333 2224 3374 σπέρματα
2245 3335 2308 3364 τῶν

1248 3377 1337 3419 ζῴων
1350 3379 1404 3410 καὶ
1422 3382 1485 3411 τῶν
1509 3382 1625 3420 φυτῶν.
1654 3380 1787 3411 Fallitur
1809 3382 1861 3412 Jo.
1883 3381 2044 3412 Diaconus
2063 3380 2163 3418 Alleg.
2183 3379 2214 3411 in
2242 3382 2307 3411 lle-

1249 3425 1328 3456 siodi
1343 3427 1464 3466 Tlieog.
1484 3428 1587 3466 p.456
1604 3426 1655 3459 ed.
1676 3427 1776 3459 Gaisf.
1796 3429 1854 3459 2‘0
1874 3429 1928 3468 μὲν
1947 3428 1982 3459 τὸ
1994 3430 2055 3468 πῦρ
2067 3427 2158 3462 τιθεὶς
2172 3426 2307 3466 πρεσὸυ-

1250 3473 1427 3514 γενέστερον
1441 3477 1503 3505 τῶν
1519 3474 1638 3515 ἄλλων,
1657 3475 1763 3511 ὁποῖος
1783 3475 2002 3516 Ἡράκλειτος,
2018 3477 2034 3507 ὁ
2049 3475 2079 3506 δὲ
2103 3474 2159 3511 τὴν
2177 3477 2234 3513 γῆν
2258 3475 2300 3509 ὡς

1248 3519 1371 3551 Ἵππων
1388 3522 1404 3552 ὁ
1422 3521 1519 3558 ἄθεος.

2139 3583 2160 3615 6

1633 1859 1780 1891 Ἵππωνα
1800 1861 1980 1901 ἱστοροῦσιν
2007 1860 2106 1902 ἀρχὴν
2136 1862 2244 1898 ἁπλῶς
2261 1862 2298 1895 τὸ
2345 1846 2365 1882 ”³
