2612 3814
281 263 324 298 12
1052 240 1478 287 ΕΜΠΕΔΟΚΛΕΟΥΣ
1508 239 1635 279 ΕΠΗ.

348 342 523 395 ἡμετέρης
539 340 661 393 ἔμελεν
678 338 799 393 πρώην
818 337 874 377 διὰ
892 335 1065 391 φροντίδος
1084 336 1210 385 ἐλθεῖν,

269 418 320 445 38⁵
349 400 528 455 εὐχομένω
546 405 605 440 νῦν
627 393 708 439 αῦτε
729 397 949 450 παρίστασο,
971 394 1211 441 Καλλιόπεια,

350 461 441 514 ἀμφὶ
459 462 545 500 θεῶν
566 458 735 511 μακάρων
758 455 885 508 ἀγαθὸν
902 455 1004 506 λόγον
1025 452 1241 507 ἐμφαίνοντι.

551 567 570 585 ἡ
787 564 802 582 ἡ
1018 562 1034 579 ὑ

350 638 466 683 <imme
485 637 519 682 ὃς
536 637 634 676 θείων
655 635 840 689 πραπίδων
857 632 1029 680 ἐκτήσατο
1045 633 1210 680 πλοῦτον,

351 697 461 743 δειλὸς
477 697 506 736 δ’
526 691 554 750 ᾧ
574 694 766 735 σκοτόεσσα
787 695 872 732 θεῶν
889 691 967 745 πέρι
990 690 1070 736 δόξα
1092 689 1262 741 μέμηλεν.

550 804 571 826 ιιι
787 802 806 821 *
1022 798 1040 817 *

351 879 412 917 οὔκ
432 877 525 915 ἔστιν
546 872 739 913 πελάσασθ’
759 871 830 911 οὐδ’
851 871 1077 923 ὀφθαλμοῖσιν
1097 865 1233 921 ἐφικτὸν

271 952 323 978 ³90
352 935 533 988 ἡμετέροις
552 933 574 981 ἢ
593 931 694 986 χερσὶ
715 929 852 976 λαὸεῖν,
871 928 962 981 ἥπερ
983 943 1023 979 γε
1044 926 1194 979 μεγίστη

351 997 487 1038 πειθοῦς
504 993 733 1044 ἀνθρώποισιν
751 987 918 1040 ἁμαξιτὸς
937 988 984 1031 εἷς
1005 985 1110 1038 φρένα
1131 983 1266 1022 πίπτει.

351 1053 427 1094 οὔτε
451 1052 518 1106 γὰρ
534 1050 708 1104 ἀνδρομέῃ
727 1049 862 1102 κεφαλῇ
876 1047 968 1086 κατὰ
989 1046 1070 1096 γυῖα
1090 1043 1283 1092 κέκασται,

353 1114 390 1151 οὗ
409 1112 471 1164 μὲν
491 1109 578 1149 ἀπαὶ
598 1108 720 1147 νώτοιο
739 1107 799 1146 δύο
819 1106 943 1146 κλάδοι
963 1104 1162 1151 ἀΐσσονται,

352 1174 390 1211 οὗ
408 1171 510 1214 πόδες
524 1199 534 1217 ,
553 1170 591 1208 οὗ
608 1167 670 1207 θοὰ
685 1167 794 1220 γοῦν’,
810 1166 848 1204 οὐ
866 1164 980 1216 μήδεα
994 1162 1215 1218 λαχνήεντα,

273 1247 326 1272 aer»
356 1229 446 1270 ἀλλὰ
461 1228 548 1284 φρὴν
565 1227 642 1282 ἱερὴ
662 1226 722 1266 καὶ
739 1224 930 1278 ἀθέσφατος
949 1223 1074 1264 ἔπλετο
1092 1227 1229 1274 μοῦνον,

354 1288 511 1344 φροντίσι
529 1286 660 1338 κόσμον
682 1284 821 1324 ἅπαντα
840 1283 1083 1324 καταΐσσουσα
1104 1285 1236 1336 θοῇσιν.

533 1400 599 1440 EK
627 1399 734 1439 ΤΩΝ
764 1398 1064 1438 ΚΑΘΑΡΜΩΝ.

352 1509 406 1554 ὟΩ
426 1513 539 1568 φίλοι,
558 1509 592 1550 οἳ
611 1511 701 1563 μέγα
720 1508 808 1548 ἄστυ
829 1507 922 1548 κατὰ
948 1506 1071 1553 ξανθοῦ
1090 1504 1325 1559 Ἀκράγαντος

355 1573 461 1612 ναίετ’
481 1571 534 1610 ἀν’
551 1571 642 1624 ἄκρα
669 1569 815 1617 πόλευς,
839 1569 978 1619 ἀγαθῶν
1008 1564 1243 1618 μελεδήμονες
1269 1564 1325 1617 ἔρ-

355 1631 472 1678 ξείνων
490 1630 614 1669 αἰδοῖοι
632 1627 791 1679 λιμένες,
813 1625 1006 1673 κακότητος
1027 1625 1186 1678 ἄπειροι,
1218 1625 1322 1678 [γων,

273 1707 327 1733 400
353 1691 504 1746 χαίρετ’·
521 1689 590 1742 ἐγὼ
605 1688 634 1727 δ’
649 1687 760 1739 ὔμμιν
777 1685 850 1731 θεὸς
867 1685 1056 1738 ἄμὸροτος,
1073 1684 1188 1724 οὐκέτι
1205 1684 1326 1733 θνητὸς

354 1751 540 1800 πωλεῦμαι
555 1747 644 1799 μετὰ
658 1753 745 1785 πᾶσι
757 1744 936 1797 τετιμένος
947 1775 958 1793 ,
976 1743 1095 1797 ὥσπερ
1112 1743 1202 1783 ἔοικε
1214 1774 1225 1794 ,

354 1809 502 1853 ταινίαις
522 1823 559 1846 τε
579 1806 806 1860 περίστεπτος
823 1804 983 1858 στέφεσίν
1002 1819 1041 1843 τε
1059 1803 1222 1849 θαλείοις.

354 1870 478 1909 Τοῖσιν
494 1866 560 1918 ,ἅμ’
580 1860 648 1905 εὖτ’
669 1864 711 1905 ἂν
726 1865 861 1916 ἵκωμαι
881 1866 914 1909 ἐς
934 1863 1042 1904 ἄστεα
1058 1863 1295 1912 τηλεθόωντα,

356 1927 520 1980 ἀνδράσιν
534 1926 597 1974 ἠδὲ
615 1924 750 1977 γυναιξὶ
768 1924 966 1975 σεὸίζομαι·
987 1924 1018 1962 οἱ
1035 1923 1066 1961 δ’
1086 1921 1148 1973 ἅμ’
1163 1921 1307 1961 ἕπονται

275 2001 330 2028 ⁴0⁶
358 1986 495 2040 μυρίοι,
512 1984 701 2039 ἐξερέοντες
716 1982 787 2032 ὅπη
807 1982 893 2036 πρὸς
911 1982 1029 2037 κέρδος
1043 1981 1220 2034 ἀταρπός,

357 2048 389 2086 οἱ
407 2044 470 2098 μὲν
491 2042 732 2096 μαντοσυνέων
753 2041 989 2097 κεχρημένοι,
1010 2043 1041 2080 οἱ
1060 2042 1088 2079 δ’
1105 2041 1163 2080 ἐπὶ
1181 2040 1314 2081 νούσων

357 2103 478 2158 (δηρὸν
498 2104 541 2152 δὴ
558 2104 738 2156 χαλεπῇσι
754 2101 973 2155 πεπαρμένοι
993 2102 1081 2155 ἀμφ’
1096 2100 1254 2153 ὀδύνῃσι)

356 2162 530 2203 παντοίων
542 2162 709 2203 ἐπύθοντο
718 2160 835 2201 κλύειν
853 2160 982 2208 εὐηκέα
1003 2160 1115 2214 βάξιν.
1128 2158 1327 2213 [πρήσσων,

355 2221 460 2262 Ἀλλὰ
487 2220 522 2261 τί
553 2222 657 2267 τοῖςδ’
694 2219 866 2271 ἐπίκειμ’,
901 2219 984 2259 ὡσεὶ
1016 2218 1109 2271 μέγα
1139 2217 1265 2272 χρῆμά
1292 2234 1328 2257 τι

277 2296 330 2323 ⁴10
357 2283 387 2321 εἶ
404 2284 537 2330 θνητῶν
554 2279 710 2334 περίειμι
723 2278 967 2333 πολυφθορέων
990 2278 1197 2331 ἀνθρώπωνς

554 2385 571 2401 t
790 2385 808 2405 ο
1025 2383 1045 2403 4

1335 1794 1339 1798 ὁ
1387 1765 1498 1789 versor
1513 1757 1598 1789 inter
1613 1765 1728 1790 omnes
1741 1756 1867 1798 cultus,
1882 1759 1919 1789 ut
1935 1765 1993 1795 par
2006 1760 2076 1797 est,

1379 342 1467 366 curae
1484 335 1551 366 erat
1567 341 1672 374 nuper
1689 331 1721 365 in
1738 332 1879 366 mentem
1899 331 1979 365 mihi
1998 332 2122 372 venire,

1381 392 1522 434 precanti
1538 400 1625 424 nunc
1642 400 1754 424 rursus
1767 391 1843 424 ades
1854 415 1864 433 ,
1882 391 2044 433 Calliopea
2055 415 2065 433 ,

1379 450 1419 483 de
1435 451 1496 482 diis
1513 449 1614 483 beatis
1631 449 1717 482 bona
1734 449 1830 482 verba
1846 449 1976 483 dicenti.

1609 549 1625 566 t
1899 549 1917 567 ἡ

1383 627 1498 660 Beatus
1515 625 1570 668 qni
1590 624 1710 658 divinae
1730 625 1847 658 mentis
1861 621 2107 666 amplitudinem
2127 629 2241 658 nactus
2258 627 2326 666 est,

1382 686 1477 719 miser
1493 685 1543 718 cui
1559 685 1698 718 obscura
1713 683 1754 717 de
1766 684 1828 717 diis
1841 684 1950 726 opinio
1963 684 2080 726 placet.

1610 785 1629 804 ᾗ
1900 782 1918 802 ἱ
2193 785 2213 803 1-

1383 862 1476 906 (Deo)
1493 862 1752 905 appropinquare
1767 870 1831 893 non
1842 869 2025 903 possumus,
2036 869 2142 904 neque
2151 862 2337 896 oculiseum
2351 871 2441 897 asee-

1383 922 1502 954 nostris
1508 930 1578 963 ,nec
1585 920 1735 954 manibus
1743 918 2028 962 prehendere‚quoe
2036 919 2170 961 quidem
2176 919 2445 964 amplissimamui

1384 981 1598 1023 persuasionis
1615 981 1666 1014 via
1683 981 1715 1013 in
1731 980 1901 1014 hominum
1915 982 2060 1013 mentem
2073 989 2108 1013 se
2121 980 2277 1015 insinuat.

1383 1043 1494 1082 Neque
1510 1040 1596 1073 enim
1614 1039 1759 1073 humano
1775 1038 1880 1081 capite
1897 1039 1930 1071 in
1944 1047 2080 1080 corpore
2093 1040 2228 1074 ornatus
2240 1043 2307 1081 est,

1383 1108 1488 1141 neque
1502 1101 1531 1132 ei
1544 1109 1562 1132 e
1576 1099 1672 1132 dorso
1687 1099 1753 1132 duo
1772 1098 1942 1141 prosiliunt
1961 1099 2061 1140 rami,

1384 1170 1448 1193 non
1466 1160 1581 1203 pedeS,
1599 1169 1664 1195 nou
1683 1160 1777 1202 agilia
1795 1168 1920 1201 genua,
1936 1169 2001 1193 non
2021 1159 2112 1202 penis
2126 1159 2274 1194 hirsutus
2286 1185 2295 1201 ,

1384 1221 1442 1253 sed
1463 1229 1556 1254 mens
1576 1222 1704 1254 tantum
1722 1222 1770 1254 est
1786 1222 1898 1254 sancta
1917 1221 2015 1262 atque
2031 1220 2210 1263 immensa,

1385 1280 1579 1321 cogitatione
1593 1280 1689 1313 celeri
1703 1279 1863 1312 mundum
1884 1280 2070 1312 universum
2087 1288 2288 1321 percurrens.

1596 1396 1623 1426 E
1646 1394 1929 1427 LUSTRALIBUS
1953 1394 2224 1427 CARMlNlBUS.

1387 1519 1415 1550 Ο
1436 1517 1529 1550 amici
1544 1517 1600 1559 qui
1617 1527 1766 1559 magnam
1783 1517 1857 1550 ssavi
1874 1517 2059 1558 Acragantis
2078 1516 2192 1550 urbem

1385 1586 1513 1610 summa
1527 1577 1560 1610 in
1575 1580 1664 1618 parte
1678 1577 1848 1618 habitatis,
1866 1577 2075 1610 honestarum
2093 1585 2202 1609 rerum
2219 1577 2371 1619 studiosi,

1386 1637 1586 1670 venerabiles
1606 1637 1770 1679 hospitum
1788 1638 1917 1678 portus,
1931 1636 2102 1678 pravitatis
2117 1636 2301 1675 immunes,

1387 1695 1527 1729 salvete!
1556 1705 1614 1736 ego
1641 1695 1735 1728 vobis
1763 1704 1829 1728 non
1858 1695 1998 1736 amplius
2017 1694 2163 1728 mortalis
2182 1693 2238 1728 sed
2258 1692 2451 1727 immortalis

2352 1753 2448 1795 {deus

1387 1817 1477 1850 vittis
1490 1817 1618 1850 cinctus
1635 1816 1826 1858 coronisque
1843 1816 2081 1849 convivalibus.

1387 1880 1535 1916 Quorum
1557 1876 1686 1919 quando
1704 1875 1854 1910 florentes
1870 1876 1967 1909 urbes
1983 1876 2121 1917 intravi,

1387 1937 1484 1970 simul
1501 1945 1520 1969 a
1535 1936 1613 1969 viris
1626 1937 1659 1969 et
1675 1935 1864 1969 mulieribus
1881 1936 2043 1976 honoror,
2056 1935 2112 1978 qui
2130 1943 2182 1968 me
2197 1934 2392 1968 comitantur

1388 1996 1572 2037 innumeri,
1592 1996 1819 2037 percontantes
1837 2003 1902 2036 qua
1918 1994 2000 2027 lucri
2016 1994 2069 2027 via
2090 1995 2221 2036 pateat,

1389 2056 1443 2088 alii
1457 2055 1617 2089 vaticiniis
1633 2054 1832 2095 indigentes,
1852 2054 1907 2087 alii
1922 2054 1954 2086 in
1974 2053 2095 2086 morbis

1389 2116 1457 2156 (din
1477 2115 1595 2157 quippe
1612 2114 1708 2147 saevis
1724 2113 1857 2147 cruciati
1871 2113 2049 2155 doloribus)

1389 2174 1489 2207 variis
1505 2174 1658 2206 lenientia
1675 2173 1776 2206 verba
1797 2172 1910 2205 audire
1930 2173 2093 2214 quaerunt.

1391 2231 1458 2262 Cur
1477 2237 1555 2261 vero
1573 2228 1622 2260 bis
1639 2227 1772 2269 insisto,
1788 2226 1881 2269 quasi
1895 2235 2049 2267 magnum
2066 2226 2146 2268 quid
2164 2234 2258 2267 agam
2270 2249 2279 2266 ‚

1390 2289 1418 2322 si
1431 2287 1563 2321 caducis
1582 2287 1739 2320 antecello
1756 2286 1970 2320 mortalibus?

1619 2384 1638 2403 ’ἡ
1912 2383 1930 2401 *
2203 2383 2221 2400 ἡ

362 2449 392 2495 ὦ
410 2456 500 2510 φίλοι
515 2485 525 2504 ,
541 2448 618 2494 οἶδα
637 2455 699 2507 μὲν
719 2448 777 2494 οῧν
797 2454 848 2493 ὅτ’
867 2442 1012 2503 ἀληθείη
1030 2455 1128 2510 παρὰ
1150 2454 1293 2508 μύθοις,
1356 2456 1362 2488 ¹
1391 2465 1419 2497 0
1436 2462 1548 2505 amici,
1565 2464 1654 2495 certo
1668 2461 1800 2503 quidem
1817 2460 1885 2494 scio
1899 2460 2071 2494 veritatem
2090 2460 2204 2493 adesse
2219 2459 2349 2500 verbis,

361 2515 418 2560 οὓς
436 2514 503 2568 ἐγὼ
523 2513 663 2567 ἐξερέω·
681 2514 778 2564 μάλα
796 2515 826 2553 δ’
843 2515 999 2567 ἀργαλέη
1014 2532 1054 2567 γε
1069 2516 1235 2556 τέτυκται

363 2575 506 2629 ἀνδράσι
521 2574 581 2614 καὶ
600 2574 766 2622 δύσζηλος
785 2574 843 2613 ἐπὶ
861 2574 967 2628 φρένα
986 2576 1119 2621 πίστιος
1139 2575 1246 2630 ὁρμή.

560 2678 581 2700 4
797 2679 816 2698 ιι-
996 2674 1000 2678 “
1031 2680 1050 2701 ιιι

364 2752 503 2803 σαρκῶν
520 2750 712 2802 ἀλλογνῶτι
731 2748 1006 2803 περιστέλλουσα
1021 2754 1158 2804 χιτῶνι.

565 2856 586 2877 ³4
799 2856 817 2874 ιι

285 2942 337 2967 415
872 2928 1090 2982 ἀμφιὸρότην
1109 2930 1231 2984 χθόνα,

367 2988 407 3025 ἐκ
427 2986 489 3038 μὲν
507 2987 575 3039 γὰρ
596 2986 691 3039 ζῴων
709 2986 812 3027 ἐτίθει
827 2989 955 3041 νεκρά,
974 2988 1053 3028 εἴδε’
1071 2990 1242 3041 ἀμείὸων.

569 3091 590 3112 4
801 3094 821 3111 t
1035 3094 1054 3112 ἡ

369 3157 451 3197 οὐδέ
466 3174 518 3203 τις
535 3153 578 3207 ἦν
596 3159 758 3200 κείνοισιν
777 3160 884 3215 Ἄρης
899 3161 972 3207 θεὸς
984 3162 1063 3202 οὗδὲ
1082 3165 1256 3216 Κυδοιμὸς

371 3217 451 3257 οὐδὲ
471 3216 556 3263 Ζεὺς
577 3218 737 3270 βασιλεὺς
755 3221 833 3260 οὐδὲ
855 3221 987 3276 Κρόνος
1005 3222 1083 3263 οὐδὲ
1106 3226 1301 3275 Ποσειδῶν,

372 3276 463 3315 ἀλλὰ
483 3276 620 3331 Κύπρις
638 3279 814 3331 βασίλεια.
898 3285 911 3292 ”

290 3348 345 3374 420
371 3333 436 3383 τὴν
455 3334 521 3387 οἵγ’
536 3337 755 3377 εὖσεὸέεσσιν
772 3339 973 3391 ἀγάλμασιν
994 3341 1182 3382 ἱλάσκοντο

370 3400 538 3447 γραπτοῖς
556 3411 593 3435 τε
610 3396 729 3451 ζῴοισι
748 3399 886 3451 μύροισί
904 3416 942 3439 τε
960 3401 1222 3453 δαιδαλεόδμοις

373 3453 527 3508 σμύρνης
544 3456 576 3494 τ’
593 3456 744 3509 ἀκρήτου
763 3458 894 3504 θυσίαις
912 3460 1055 3500 λιὸάνου
1074 3471 1112 3501 τε
1129 3464 1278 3509 θυώδους
1290 3496 1300 3513 ,

1357 2490 1362 2565 Ι
1391 2532 1466 2565 quae
1484 2531 1543 2564 ego
1563 2521 1756 2562 enuntiabo,
1777 2520 1834 2554 sed
1852 2520 2031 2553 admodum
2049 2519 2207 2553 molestus
2222 2520 2337 2554 saltem
2351 2520 2401 2553 est

1393 2581 1580 2615 hominihus
1596 2582 1629 2614 et
1647 2580 1828 2613 invidiosus
1846 2579 1916 2613 lidei
1932 2579 1964 2612 in
1980 2588 2126 2613 animum
2143 2579 2286 2622 illapsus.

1621 2687 1640 2706 t
1913 2687 1930 2705 ο
2096 2710 2099 2712 q
2201 2686 2220 2704 ο

1393 2764 1542 2808 (Natura)
1561 2764 1666 2798 alieno
1680 2764 1817 2797 indueus
1833 2773 1888 2797 eos
1905 2763 2009 2797 carnis
2026 2763 2160 2796 amictu.

1914 2867 1936 2886 t
2208 2862 2227 2882 t

1688 2943 1831 2986 (corpus)
1850 2943 1998 2976 tellurem
2017 2942 2165 2976 homines
2185 2941 2452 2975 circumdantem.

1394 3005 1421 3036 E
1439 3003 1522 3037 vivis
1542 3004 1628 3037 enim
1649 3006 1778 3037 mortua
1797 3003 1955 3045 faciebat,
1974 3003 2097 3044 species
2114 3004 2335 3035 commutans.

1624 3106 1642 3124 8
1915 3105 1934 3124 ᾗ
2208 3106 2227 3122 1

1395 3182 1507 3222 Neque
1525 3180 1562 3213 iis
1577 3183 1664 3214 Mars
1680 3181 1765 3215 ullus
1777 3182 1846 3214 erat
1862 3181 1942 3214 deus
1959 3190 2066 3223 neque
2082 3179 2276 3220 Tumultus,

1397 3247 1502 3280 neque
1517 3248 1572 3272 rex
1589 3240 1718 3281 Jupiter
1733 3248 1838 3281 neque
1857 3242 2017 3273 Saturnus
2037 3247 2145 3280 neque
2161 3239 2349 3280 Neptunus,

1397 3297 1454 3330 sed
1473 3298 1580 3338 regina
1597 3299 1708 3331 Venus
1730 3311 1738 3330 ι

1396 3365 1494 3398 quam
1511 3356 1558 3390 illi
1574 3357 1634 3399 piis
1652 3357 1780 3398 placare
1796 3357 1944 3390 solebant
1957 3357 2056 3399 signis

1397 3417 1430 3447 et
1446 3416 1540 3458 pictis
1555 3415 1749 3457 imaginibus
1766 3415 2002 3458 unguentisque
2020 3416 2235 3458 fragrantibus

1398 3474 1602 3516 myrrhaeque
1619 3484 1710 3516 purae
1729 3477 1762 3508 et
1779 3475 1863 3508 turis
1881 3475 2007 3509 odorati
2029 3475 2141 3508 suffitu
2155 3500 2165 3516 ,
