2612 3814
322 286 400 321 438

317 368 393 408 ἔστι
419 364 625 416 παντελῶς,
653 365 675 412 ἢ
705 365 758 404 ὅτι
788 366 852 404 οὐκ
880 365 1099 416 ἐπιμελεῖται
1126 366 1228 414 ἡμῶν
1246 363 1369 414 ὀρθῶς.

318 429 376 466 Τὰ
397 425 432 465 δὲ
465 430 608 464 τοιαῦτα
630 425 835 475 δοξάσματα
856 426 895 463 οὗ
925 423 1028 475 μόνον
1049 421 1094 462 τὰ
1123 424 1162 461 ἐκ
1185 422 1373 474 προδιοτῆς

315 485 412 525 κακὰ
432 486 617 534 ἐπιτείνει,
641 486 730 524 ἀλλὰ
746 484 805 523 καὶ
827 485 873 526 εἰς
892 489 1011 522 πᾶσαν
1031 482 1200 535 πονηρίαν
1220 481 1282 528 τὴν
1303 482 1372 533 ψυ-

316 544 385 598 χὴν
402 545 594 598 ἐπεγείρει,
626 544 685 583 καὶ
711 548 774 592 τῆς
805 543 1025 587 αὐτεξουσίου
1051 540 1238 594 θεραπείας
1263 538 1371 585 αὐτὴν

317 605 530 657 ἀποστερεῖ,
567 606 618 658 τῷ
645 602 867 655 προστιθέναι
897 600 1135 645 λανθανούσας
1162 600 1275 642 αἰτίας
1302 601 1372 636 τῶν

316 667 374 702 νῦν
394 663 730 717 δυσχεραινομένων.
791 664 874 705 Πῶς
895 660 929 699 δὲ
955 662 1006 698 δεῖ
1026 659 1105 712 περὶ
1129 658 1262 697 τούτων
1276 658 1372 711 φιλο-

316 723 435 777 σοφεῖν
446 753 458 774 ,
480 723 674 762 ἐπάκουσον
692 723 808 760 αὐτῶν
822 722 890 758 τῶν
915 721 1021 758 ἐπῶν.

710 829 780 868 XI.
818 833 986 866 17—-20,

399 921 507 953 ’Ὄσσα
523 932 556 952 τε
571 919 750 961 δαιμονίῃσι
767 919 878 960 τύχαις
895 918 999 959 βροτοὶ
1021 916 1104 957 ἄλγε’
1120 917 1245 957 ἔχουσιν

404 968 448 1000 ὧν
460 969 497 1000 ἂν
511 971 618 1010 μοῖραν
637 967 710 1008 ἔχῃς
727 966 832 1007 πράως
850 966 919 1006 φέρε
930 989 939 1006 ,
959 964 1028 1007 μηδ’
1043 964 1223 1004 ἀγανάκτει.

401 1012 517 1049 leoena
534 1016 565 1047 δὲ
577 1015 702 1056 πρέπει,
723 1014 858 1045 καθόσον
875 1014 961 1053 δύνῃ·
979 1013 1039 1044 ὧδε
1051 1013 1083 1044 δὲ
1101 1011 1223 1052 φράζευ·

397 1064 435 1095 οὐ
451 1062 531 1094 πάνυ
544 1065 608 1098 τοῖς
626 1061 752 1101 ἀγαθοῖς
769 1061 888 1093 τούτων
913 1060 992 1092 πολὺ
1010 1063 1107 1102 μοῖρα
1127 1059 1250 1091 δίδωσι.

372 1143 447 1197 Πρὸ
467 1146 528 1191 τῆς
548 1143 656 1191 ἄλλης
681 1142 877 1195 ἐξηγήσεως
893 1143 1000 1182 ἐκεῖνο
1019 1146 1197 1195 προειπεῖν
1219 1140 1293 1190 δεῖ,
1316 1139 1370 1178 ὅτι

317 1203 428 1256 ἄλγεα
447 1207 506 1242 νῦν
528 1202 622 1254 λέγει
657 1203 702 1241 τὰ
731 1202 907 1249 ἐπίπονα,
942 1201 1003 1241 καὶ
1037 1200 1255 1254 τραχυτέραν
1285 1202 1370 1248 ἡμῖν

313 1262 378 1310 τὴν
395 1262 471 1301 ὁδὸν
491 1265 554 1301 τοῦ
578 1262 653 1314 βίου
668 1261 993 1314 παρασκευάζοντα·
1015 1254 1084 1300 οἶον
1099 1260 1211 1306 νόσον,
1228 1257 1365 1304 πενίαν,

314 1321 492 1375 φιλτάτων
511 1320 692 1368 ἀποὸολήν
707 1350 718 1368 ,
744 1319 881 1365 ἀδοξίαν
904 1322 938 1359 ἐν
961 1318 1073 1359 πόλει.
1148 1319 1275 1357 Ταῦτα
1298 1315 1367 1367 γὰρ

314 1378 457 1431 χαλεπὰ
480 1378 544 1430 μέν
573 1380 670 1425 ἐστι,
691 1378 752 1417 καὶ
779 1379 986 1417 δυσδιάθετα
1017 1376 1109 1416 κατὰ
1135 1376 1192 1415 τὸν
1217 1374 1303 1427 βίον·
1329 1375 1367 1412 οὐ

316 1440 386 1489 μὴν
401 1438 506 1484 ὄντως
520 1438 629 1484 κακά,
646 1438 723 1477 οὐδὲ
742 1440 830 1490 αὐτῇ
843 1441 885 1490 τῇ
904 1439 1001 1492 ψυχῇ
1016 1434 1174 1489 βλαὸερὰ
1188 1433 1367 1486 τυχγάνει,

317 1497 376 1535 ἐὰν
392 1497 441 1548 μὴ
464 1496 552 1543 αὐτὴ
574 1496 674 1549 ἐθέλῃ
691 1497 748 1534 διά
767 1512 801 1534 τι
821 1496 951 1535 τούτων
963 1498 1012 1540 εἰς
1023 1494 1150 1533 κακίαν
1167 1494 1366 1532 ἀποκλῖναι·

314 1553 334 1593 ὃ
348 1554 407 1593 καὶ
429 1554 486 1592 ἐπὶ
499 1556 567 1593 τῶν
583 1555 722 1606 ἀγαθῶν
738 1554 930 1592 δοκούντων
946 1553 1051 1592 πάθοι
1073 1551 1128 1599 ἄν,
1152 1550 1201 1601 μὴ
1225 1549 1366 1602 βουλη-

314 1618 413 1653 θεῖσα
434 1615 552 1657 καλῶς
580 1613 669 1652 αὐτὰ
703 1611 1021 1665 μεταχειρίζεσθαι·
1050 1604 1119 1650 οἷον
1145 1609 1282 1661 ὑγίειαν
1308 1607 1369 1645 καὶ

312 1674 462 1719 πλοῦτον
482 1672 543 1710 καὶ
564 1671 785 1711 δυναστείαν.
878 1668 987 1711 Ἔστι
1002 1670 1071 1724 γὰρ
1097 1669 1157 1708 καὶ
1181 1670 1215 1707 ἐν
1236 1666 1370 1710 τούτοις

312 1734 549 1781 κακυνθῆναι,
576 1731 637 1770 καὶ
657 1733 691 1770 ἐν
712 1734 784 1775 τοῖς
811 1730 977 1774 ἐναντίοις
1004 1727 1130 1783 ἀρετὴν
1151 1727 1365 1776 κτήσασθαι.

312 1791 371 1831 Τὰ
386 1791 421 1830 δὲ
438 1791 545 1837 ὅντως
558 1791 671 1840 κακά,
690 1791 734 1831 τὰ
748 1793 788 1830 ἐκ
803 1787 1038 1842 προαιρέσεώς
1052 1790 1144 1827 ἐστιν
1165 1783 1369 1838 ἁμαρτανό-

1023 274 1295 316 fflssssocus
1327 274 1477 316 (ΞΟΜΜ
1485 274 1545 313 EN
1554 274 1620 312 ΤΑ
1628 272 1746 314 mus

1435 376 1522 411 μενα
1535 390 1545 409 ,
1572 354 1620 404 οἷς
1643 361 1871 400 συνεισελθεῖν
1895 360 2022 414 ἀρετὴν
2051 361 2152 415 φύσιν
2170 364 2231 402 οὐκ
2254 364 2341 416 ἔχει.
2356 365 2485 404 Ταῦτα

1434 420 1470 458 δέ
1492 422 1584 457 ἐστιν
1608 418 1764 466 Ἀδικία,
1782 419 1843 458 καὶ
1875 419 2087 467 Ἀκολασία,
2108 421 2168 459 καὶ
2187 420 2302 460 πάντα
2327 420 2393 461 ὅσα
2417 422 2481 472 τὴν

1432 483 1494 517 τοῦ
1520 480 1629 517 καλοῦ
1653 477 1807 524 σύζευξιν
1840 479 1903 518 οὐκ
1934 478 2150 532 ἐπιδέχεται.
2209 481 2264 520 Οὔ
2292 481 2361 532 γάρ
2386 481 2482 522 ἐστιν

1432 538 1541 577 οὐδενὶ
1570 540 1639 576 τῶν
1660 536 1824 577 τοιούτων
1854 538 1894 577 τὸ
1919 539 2072 583 καλῶς
2093 538 2371 592 ἐπιφθέγγεσθαι·
2397 534 2482 590 οἷον,

1434 599 1545 636 ἀδικεῖ
1576 597 1714 643 καλῶς,
1748 596 1992 638 ἀκολασταίνει
2022 599 2158 646 καλῶς,
2185 597 2306 651 ὥσπερ
2332 597 2390 638 ἐπὶ
2412 601 2481 639 τῶν

1433 656 1530 699 ἐκτὸς
1563 657 1683 694 κακῶν
1702 654 1869 706 λε’γομεν,
1897 659 1993 695 νοσεῖ
2018 658 2155 705 καλῶς,
2187 657 2328 696 πένεται
2351 657 2481 703 καλῶς·

1432 715 1514 754 ὅταν
1537 709 1574 753 εὖ
1595 715 1655 753 καὶ
1673 714 1765 753 κατὰ
1783 714 1842 754 τὸν
1862 714 1962 767 ὀρθὸν
1992 715 2094 767 λόγον
2115 715 2159 754 τὰ
2187 720 2335 756 τοιαῦτα
2355 716 2444 771 φέρῃ
2464 719 2483 756 ὁ

1432 775 1624 828 ἄνθρωπος.
1681 775 1771 819 Ταῖς
1790 774 1826 813 δὲ
1848 775 2017 828 ψυχικαῖς
2039 774 2222 828 πονηρίαις
2240 777 2304 815 οὐκ
2319 776 2483 830 ἕπιφίρε·

1432 850 1489 872 ται
1507 833 1546 873 τὸ
1564 836 1702 885 καλῶς,
1723 833 1809 873 διότι
1829 833 2049 887 ἀποστροφαί
2069 836 2135 873 εἶσι
2154 835 2214 874 καὶ
2229 835 2482 888 ἀποτεύγματα

1431 898 1493 932 τοῦ
1515 895 1614 946 ὀρθοῦ
1634 893 1759 945 λόγου,
1774 893 1811 932 ὃν
1829 892 1930 946 φύσει
1950 892 2070 932 ἐνόντα
2083 924 2093 943 ,
2118 892 2179 932 καὶ
2199 895 2482 947 ἐγγεγραμμένον

1432 955 1540 1006 αὐτῇ,
1558 959 1700 1007 παρορᾷ
1716 956 1738 1002 ἡ
1760 951 1943 1004 ἀνθρώπου
1963 951 2059 1005 ψυχὴ
2080 951 2148 991 ὑπὸ
2167 955 2228 1000 τῆς
2243 954 2484 1006 προσπαθείας

1431 1011 1737 1066 ἀποτυφλουμένη.
1812 1013 1846 1051 Τ
1849 1010 2015 1064 εκμήριον
2037 1011 2073 1049 δὲ
2087 1015 2148 1050 τοῦ
2170 1011 2366 1051 ἐνεῖναιτὸν
2382 1012 2482 1066 ὀρθὸν

1429 1071 1532 1123 λόγον
1551 1073 1620 1114 τοῖς
1639 1069 1833 1123 ἀνθρώποις
1845 1100 1854 1118 ,
1876 1069 1916 1109 τὸ
1935 1070 1994 1109 καὶ
2014 1069 2071 1108 τὸν
2089 1069 2208 1109 ἄδικον
2223 1100 2234 1119 ,
2257 1071 2292 1109 ἐν
2310 1064 2359 1115 οἷς
2374 1071 2483 1122 μηδὲν

1430 1132 1525 1183 αὐτῷ
1543 1131 1715 1184 διαφέρει,
1747 1129 1877 1183 κρίνειν
1905 1130 2069 1178 δικαίως,
2102 1129 2161 1168 καὶ
2183 1128 2241 1168 τὸν
2263 1129 2476 1178 ἀκόλαστον,

1432 1191 1666 1244 σωφρονικῶς·
1688 1187 1749 1228 καὶ
1779 1188 1887 1237 ὅλως,
1920 1189 1978 1228 τὸν
2011 1188 2119 1228 κακὸν
2151 1190 2269 1241 ὀρθαῖς
2300 1189 2484 1241 ἐπιόολαῖς

1430 1252 1602 1302 χρῆσθαι,
1620 1250 1654 1287 ἐν
1676 1242 1726 1294 οἶς
1746 1248 1977 1300 ἀπροσπαθής
1998 1249 2085 1289 ἐστι.
2142 1248 2205 1288 Διὸ
2225 1247 2286 1288 καὶ
2305 1248 2484 1300 μεθίστα-

1429 1313 1510 1348 σθαι
1530 1309 1675 1348 δύναται
1688 1310 1706 1346 ὁ
1726 1309 1854 1361 φαῦλος
1873 1309 1920 1351 εἷς
1933 1306 2060 1359 ἀρετὴν
2080 1307 2301 1359 καταγνώσει
2317 1311 2379 1355 τῆς
2391 1323 2486 1361 προ-ο

1428 1366 1530 1420 τέρας
1546 1366 1686 1410 κακίας.
1745 1367 1799 1406 Οὐ
1821 1365 1891 1418 μὴν
1916 1365 1973 1404 διὰ
1998 1369 2102 1404 τοῦτο
2124 1366 2332 1420 ἐνυπάρχειν
2353 1367 2405 1406 δεῖ
2421 1375 2485 1406 και

1428 1426 1485 1464 τὸν
1507 1425 1556 1476 μὴ
1577 1425 1677 1479 ὀρθὸν
1696 1424 1812 1477 λόγον,
1833 1424 1889 1464 ἵνα
1907 1424 2000 1478 ἀρχὴ
2020 1427 2089 1464 τῶν
2107 1428 2238 1464 κακιῶν
2261 1420 2359 1471 οὗτος
2380 1427 2484 1479 γένη·

1429 1501 1507 1535 ται,
1529 1484 1648 1538 ὥσπερ
1669 1486 1796 1529 ἐκεῖνος
1813 1488 1882 1524 τῶν
1901 1487 2047 1537 ἀρετῶν.
2103 1484 2218 1538 Ἀρκεῑ
2237 1484 2306 1539 γὰρ
2322 1485 2445 1538 παρὼν
2464 1488 2484 1525 ὁ

1429 1544 1527 1597 ὀρθὸς
1545 1544 1663 1596 λόγος,
1676 1543 1795 1596 ὥσπερ
1818 1543 1922 1595 νόμος
1939 1545 1974 1582 ἔν
1994 1542 2115 1592 πόλει,
2134 1543 2179 1583 τά
2205 1560 2243 1583 τε
2274 1546 2354 1584 κατ’
2377 1544 2483 1584 αὐτὸν

1430 1603 1656 1656 πραττόμενα
1676 1602 1737 1643 καὶ
1752 1603 1797 1642 τὰ
1824 1605 1909 1655 παρ’
1932 1602 2035 1642 αὐτὸν
2058 1603 2216 1656 διορίζειν
2234 1632 2245 1651 ,
2266 1602 2328 1642 καὶ
2352 1602 2397 1643 τὰ
2420 1602 2484 1655 μὲν

1431 1662 1692 1715 ἀποδέχεσθαι,
1712 1661 1757 1700 τὰ
1777 1661 1813 1700 δὲ
1835 1661 2071 1715 σωφρονίζειν.
2130 1662 2203 1702 Καὶ
2222 1660 2320 1701 οὐδὲν
2343 1663 2395 1701 δεῖ
2417 1677 2484 1701 κα-

1432 1724 1502 1760 κῶν
1522 1724 1652 1774 ἀρχῆς,
1676 1720 1753 1759 οὔτε
1769 1721 2037 1770 ἐνυποκειμένης
2057 1719 2136 1759 οὔτε
2155 1719 2279 1765 ἔξωθεν
2293 1720 2482 1760 κακοποιὸν

1431 1781 1544 1820 αἰτίαν
1570 1779 1778 1828 ἐνδιδούσης·
1811 1780 1952 1832 ἀγαθῶν
1981 1779 2018 1819 δὲ
2044 1779 2097 1818 δεῖ
2116 1781 2228 1833 ἀρχῆς
2247 1780 2404 1831 μάλιστα
2422 1781 2484 1820 καὶ

312 1940 515 1977 transferre
526 1968 535 1985 ,
548 1941 609 1976 vel
625 1941 773 1976 nullum
794 1940 950 1976 omnino
969 1951 1045 1975 esse
1058 1940 1181 1975 Deum
1202 1935 1365 1972 dicendo

311 2000 372 2036 vel
392 2012 471 2036 non
490 2006 593 2036 recte
623 1999 670 2035 ab
691 2011 737 2035 eo
769 2011 829 2035 res
851 2006 999 2035 nostras
1028 1995 1298 2034 administrari.
1319 1997 1368 2031 At

312 2071 404 2095 vero
423 2058 613 2106 ejusmodi
635 2059 836 2107 opiniones
851 2071 932 2094 non
950 2058 1073 2094 solum
1090 2056 1188 2093 mala
1206 2067 1251 2092 ex
1267 2061 1368 2090 ante-

314 2125 400 2154 acta
409 2119 488 2154 vita
499 2117 709 2166 repetenda
722 2124 863 2167 augent
876 2124 913 2154 et
930 2117 1153 2161 intendunt,
1170 2114 1236 2151 sed
1253 2114 1366 2150 etiam

311 2178 479 2213 animum
499 2176 549 2213 ad
571 2188 724 2213 omnem
756 2175 969 2225 nequitiam
991 2176 1173 2222 incitant,
1203 2185 1367 2221 eumque

312 2237 511 2273 curatione
523 2263 533 2281 ,
554 2248 637 2284 quae
651 2247 770 2285 penes
786 2236 912 2285 ipsum
931 2242 987 2271 est
999 2264 1009 2282 ‚
1033 2235 1188 2284 privant
1200 2245 1366 2282 praesen—-

311 2297 361 2332 tia
383 2296 522 2345 quibus
535 2307 717 2331 vexamur
737 2295 834 2332 mala
854 2295 904 2332 ad
924 2296 1093 2331 occultas
1113 2306 1240 2330 causas
1261 2292 1366 2329 refe-

310 2355 447 2394 rendo,
464 2354 671 2403 Quomodo
688 2361 814 2391 autem
832 2355 880 2391 de
891 2355 948 2391 his
964 2354 1230 2403 philosophari
1248 2365 1364 2402 opor-

311 2421 405 2462 teat,
428 2427 474 2451 ex
493 2415 582 2463 ipsis
600 2414 772 2450 versibus
792 2414 893 2451 disce
911 2425 925 2451 ·:

717 2524 789 2562 XI.
829 2536 963 2570 ¹7-2o.

396 2614 521 2651 Quibus
537 2623 631 2655 poi-ro
648 2614 834 2647 infortuniis
854 2614 1011 2647 divinitu>
1026 2618 1188 2655 anguntur
1203 2612 1365 2652 homines,

396 2660 511 2692 horum
529 2663 655 2702 partem
687 2662 815 2694 fatalem
835 2671 1062 2703 quamcunque
1084 2661 1218 2694 sortitus
1243 2669 1298 2700 es,
1319 2660 1365 2692 le·

812 2708 913 2750 [niter
932 2710 978 2742 fer
990 2712 1023 2742 et
1039 2710 1109 2743 sine
1136 2709 1363 2750 indignatione.

396 2752 458 2785 Sed
480 2754 659 2787 remedium
681 2755 835 2790 adhibere
866 2757 958 2790 decet
989 2761 1145 2798 quantum
1176 2762 1266 2798 potes
1290 2765 1298 2784 τ
1319 2757 1366 2789 sic

937 2802 1071 2845 [autem
1094 2805 1202 2836 tecum
1231 2804 1364 2845 reputa,

397 2846 484 2878 haud
503 2847 680 2880 admodum
699 2849 802 2882 multa
823 2849 917 2882 bonis
929 2851 1006 2883 talia
1020 2851 1121 2883 satum
1138 2850 1301 2884 invehere.

365 2929 581 2976 Antequam
600 2928 650 2965 ad
679 2936 903 2966 caeterorum
934 2932 1229 2980 explicationem
1247 2945 1361 2969 acce-

312 2985 468 3032 damus,
488 2987 563 3022 hoc
590 2987 742 3035 praefari
762 2997 937 3037 oportet,
969 3003 1014 3027 ea
1032 3004 1134 3028 nunc
1156 2989 1267 3042 ἄλγεα
1295 3004 1363 3041 ap-

311 3046 466 3094 pellari,
496 3058 579 3094 quae
607 3047 766 3083 molesta
798 3055 884 3084 sunt
918 3056 956 3085 et
993 3052 1227 3099 asperiorem
1253 3047 1388 3088 nobis'

311 3105 396 3140 vitae
414 3105 513 3140 viam
534 3105 723 3155 reddunt,
741 3107 843 3142 velut
860 3108 1040 3144 morbum
1052 3136 1063 3155 ‚
1084 3118 1363 3159 paupertatem,

311 3162 591 3200 carissimorum
606 3163 798 3211 jacturam
814 3172 851 3202 et
863 3165 904 3201 in
921 3166 1073 3204 civitate
1101 3169 1360 3218 ignominiam.

311 3222 408 3258 Nam
433 3221 513 3259 haec
548 3223 704 3271 quidem
731 3226 864 3274 gravia
889 3233 977 3263 sunt
1004 3239 1074 3264 nec
1107 3231 1299 3278 concoqui
1323 3231 1362 3267 in

311 3281 390 3317 vita
422 3280 529 3318 facile
546 3290 711 3331 queunt,
746 3296 829 3332 quae
855 3291 981 3322 tamen
1007 3299 1086 3322 non
1116 3299 1246 3324 revera
1277 3297 1363 3326 sunt

310 3341 430 3387 mala,
470 3353 541 3377 nec
579 3342 706 3378 animo
737 3351 901 3391 nocent,
938 3345 1009 3381 nisi
1032 3346 1113 3395 ips'e
1151 3347 1199 3383 ab
1224 3348 1282 3384 his
1322 3361 1362 3386 se

311 3401 351 3435 in
371 3400 506 3436 vitium
526 3399 678 3437 deflecti
697 3402 793 3438 sinat
801 3416 812 3452 3
840 3403 948 3452 quod
974 3411 1012 3441 et
1031 3405 1071 3440 in
1091 3405 1136 3442 iis
1155 3418 1239 3454 quae
1258 3408 1359 3445 bona

313 3454 489 3494 videntur
513 3459 548 3495 ei
582 3460 755 3507 acc-idat,
784 3462 814 3497 si
839 3462 912 3499 illis
945 3470 1048 3500 recte
1081 3465 1139 3501 uti
1170 3466 1358 3513 noluerit,

307 3515 420 3551 verbi
440 3518 560 3567 gratia
580 3519 736 3558 sanitate
765 3528 803 3559 et
826 3521 966 3559 divitiis
992 3529 1029 3559 et
1054 3526 1240 3573 potentia.
1266 3527 1361 3564 Nam

1431 1940 1469 1969 et
1488 1933 1528 1968 in
1546 1931 1603 1968 his
1623 1931 1718 1967 vitio
1736 1929 1834 1967 affici
1853 1930 1946 1966 etin
1963 1930 2167 1966 contrariis
2191 1930 2373 1968 virtutem
2397 1943 2484 1968 con-

1428 1992 1535 2040 sequi
1550 2002 1764 2040 possumus.
1782 1989 1855 2025 Illa
1874 1995 2001 2026 autem
2019 2001 2152 2026 revera
2163 1990 2264 2026 mala
2282 1997 2382 2035 sunt,
2399 2000 2483 2039 quae

1429 2051 1635 2087 voluntatis
1666 2056 1753 2086 sunt
1781 2055 1960 2098 peccata,
1982 2049 2211 2097 quibuscum
2234 2049 2338 2085 coire
2362 2049 2483 2086 virtus

1429 2108 1564 2144 natura
1583 2120 1663 2143 non
1677 2113 1810 2156 potest.
1833 2107 1924 2143 Haec
1950 2113 2075 2143 autem
2093 2113 2179 2143 sunt
2195 2106 2392 2154 injustitia,
2424 2107 2483 2143 in·

1432 2167 1683 2216 temperantia
1702 2174 1738 2203 et
1759 2178 1997 2214 quaecunque
2016 2166 2167 2202 honesti
2193 2166 2364 2214 bonique
2383 2178 2483 2203 con-

1425 2226 1664 2274 junctionem
1697 2238 1777 2261 non
1815 2225 2032 2261 admittunt.
2080 2226 2213 2274 Neque
2260 2226 2362 2262 enim
2413 2226 2482 2262 ulli

1428 2285 1648 2333 hujusmodi
1663 2286 1718 2321 rei
1739 2284 1897 2332 adjungi
1911 2284 2002 2322 licet
2017 2285 2176 2321 verbum
2199 2285 2306 2330 bene,
2331 2292 2375 2322 ut
2390 2286 2483 2322 bene

1429 2345 1607 2392 injuriam
1634 2343 1744 2390 facit,
1764 2345 1855 2381 bene
1885 2343 2125 2389 libidinatur‚
2158 2343 2483 2393 quemadmodum

1429 2405 1476 2441 de
1504 2406 1614 2441 malis
1636 2405 1801 2441 externis
1832 2404 2013 2450 dicimus,
2053 2405 2145 2440 bene
2175 2411 2356 2455 aegrotat,
2389 2405 2483 2442 bene

1428 2471 1696 2513 paupertatem
1727 2462 1822 2509 fert,
1857 2462 2013 2511 quando
2049 2462 2134 2510 quis
2161 2461 2339 2498 decenter
2369 2468 2408 2499 et
2439 2469 2483 2500 ut

1428 2524 1533 2560 recta
1563 2523 1663 2558 ratio
1705 2521 1842 2568 dictat,
1874 2520 2096 2568 hujusmodi
2114 2521 2214 2557 mala
2242 2521 2395 2559 tolerat.
2431 2520 2494 2558 At*

1427 2583 1543 2618 animi
1562 2583 1668 2619 malis
1686 2595 1765 2618 non
1779 2581 1957 2629 adjicitur
1973 2580 2068 2617 illud
2082 2581 2196 2629 bene,
2218 2580 2308 2629 quia
2330 2581 2395 2617 illa
2414 2580 2481 2619 de·

1428 2642 1651 2677 clinationes
1684 2648 1773 2677 sunt
1801 2647 1839 2676 et
1857 2640 2113 2676 aberrationes
2141 2652 2162 2676 a
2181 2646 2287 2675 recta
2312 2639 2480 2686 ratione,

1428 2713 1544 2749 quam
1565 2701 1633 2737 etsi
1653 2701 1786 2736 natura
1809 2700 1959 2735 insitam
1976 2706 2091 2748 atque
2118 2698 2343 2747 insculptam
2364 2695 2482 2735 habet

1428 2760 1575 2794 animus
1609 2758 1818 2804 humanus,
1854 2765 1979 2794 tamen
2019 2758 2230 2807 cupiditate
2269 2764 2481 2794 occaecatus

1426 2819 1597 2867 negligit.
1613 2819 1736 2854 Inesse
1756 2825 1883 2854 autem
1896 2817 2116 2854 hominibus
2135 2823 2276 2853 rectam
2291 2816 2479 2852 rationem

1427 2884 1648 2926 argumento
1674 2884 1751 2923 est,
1772 2877 1880 2925 quod
1908 2876 2085 2924 injustus,
2101 2876 2170 2912 ubi
2191 2875 2286 2913 nihil
2309 2873 2390 2921 ejus
2418 2875 2479 2910 in-

1428 2943 1559 2982 terest,
1577 2936 1674 2985 juste
1698 2936 1846 2984 judicat
1867 2944 1904 2973 et
1930 2938 2184 2985 intemperans
2209 2942 2478 2986 temperanter,

1427 3001 1540 3043 atque
1561 2996 1600 3031 in
1619 3007 1782 3041 summa,
1797 2995 1918 3030 malus
1938 2995 2050 3030 rectis
2069 2995 2189 3030 utitur
2209 2993 2395 3039 consiliis,
2411 2992 2479 3030 ubi

1426 3054 1533 3092 nulla
1554 3054 1762 3103 eupiditate
1795 3054 1972 3090 trahitur.
1996 3052 2108 3090 Unde
2129 3051 2172 3088 fit
2205 3058 2248 3088 ut
2270 3052 2383 3088 etiam
2401 3063 2480 3089 ma-

1426 3115 1483 3150 lus
1503 3113 1552 3150 ad
1570 3115 1751 3150 virtutem
1774 3113 1933 3149 transire
1961 3119 2094 3161 queat,
2124 3110 2328 3160 repudiata
2346 3109 2478 3159 prio're

1426 3186 1495 3210 sua
1522 3173 1740 3211 vitiositate.
1763 3172 1852 3208 Non
1871 3172 1959 3208 ideo
1992 3179 2120 3208 tamen
2150 3171 2338 3207 rationem
2363 3170 2478 3207 etiam

1426 3245 1505 3268 non
1524 3239 1668 3269 rectam
1693 3231 1841 3268 homini
1858 3231 1976 3267 inesse
2006 3237 2181 3279 oportet,
2201 3237 2245 3266 ut
2260 3230 2340 3267 haec
2357 3223 2493 3266 vitio-'

1426 3303 1511 3327 rum
1545 3292 1592 3328 sit
1611 3291 1866 3341 principium,
1886 3290 1984 3326 sicut
2011 3290 2075 3326 illa
2101 3290 2300 3328 virtutum.
2330 3281 2479 3326 Sufficit

1425 3352 1528 3388 enim
1555 3363 1719 3401 praesens
1747 3356 1854 3387 recta
1876 3350 1974 3386 ratio
1989 3377 1999 3395 ‚
2029 3356 2208 3398 tanquam
2237 3349 2298 3385 lex
2317 3349 2358 3384 in
2377 3346 2475 3384 civi·

1425 3416 1525 3460 tate,
1543 3417 1624 3446 tum
1643 3403 1695 3446 ad
1713 3421 1797 3459 eas,
1821 3421 1905 3457 quae
1925 3408 2134 3445 secundum
2166 3419 2249 3444 eam
2272 3413 2310 3443 et
2337 3412 2477 3455 praeter

1425 3481 1508 3505 eam
1518 3468 1623 3505 ,fiunt
1630 3498 1640 3515 ,
1659 3466 1923 3517 distinguenda
1935 3497 1945 3516 ‚
1963 3475 2043 3504 tum
2059 3467 2109 3504 ad
2129 3467 2207 3503 haec
2220 3465 2423 3516 probanda
2438 3471 2478 3503 et

1419 3529 1486 3564 illa
1507 3528 1749 3578 corrigenda.
1780 3529 1859 3565 Nec
1885 3528 2042 3564 omnino
2077 3540 2173 3576 opus
2202 3533 2255 3563 est
2287 3526 2476 3563 malorum
