2612 3814
14 2948 17 2954 -‹
9 2656 21 2936 voraess-ea-a=‹·-u=,›a‚-.‹-
10 2637 16 2650 Α-
8 2550 19 2629 zuoz-
8 2469 18 2541 -ffl
7 2443 15 2462 υ

0 3088 21 3134 ¹l

296 291 346 324 ⁷0
1165 275 1584 318 COMMENTARIUS

296 384 382 410 cum
399 369 534 409 eodem
551 369 757 408 Karstenio
774 381 847 420 pro
863 366 954 406 κατὰ
969 366 1098 419 posui,
1111 366 1204 415 quia
1217 363 1339 403 verbo
1403 365 1494 400 bilia
1514 364 1667 400 naribus
1684 363 1875 411 indagans
1894 379 1911 396 ιο
1935 363 1963 401 i.
1985 374 2020 400 e.
2040 371 2083 402 ut
2099 363 2219 414 vulgo
2235 363 2459 415 loquimur,

296 430 360 482 ἔγῃ
377 428 620 481 jungendum
649 437 720 468 est.
745 427 893 467 Deinde
923 424 1056 481 βροτέῳ
1085 422 1167 478 χροῒ
1195 425 1338 464 retinui
1391 420 1568 469 serarum
1587 423 1702 457 lustra
1720 422 1923 470 indagans.
1944 420 2204 473 Interpretum
2219 424 2465 472 conjecturas

294 477 343 527 de
359 503 473 527 manu
497 488 719 537 intelligens
738 495 868 539 spreto
890 486 1233 537 interpretamento
1261 482 1340 536 χερὶ
1403 480 1610 531 variasque
1623 479 1834 531 opiniones
1852 480 1998 520 referre
2014 481 2083 520 vix
2100 482 2260 530 attinet,
2279 495 2300 521 e
2315 483 2466 535 quibus

293 547 397 599 quod
410 560 459 586 ex
477 561 556 586 uno
573 547 706 585 codice
720 546 890 585 enotavit
908 545 1112 582 Bekkerus.
1131 542 1341 594 Sequentia
1403 539 1578 578 Sturzius
1592 539 1751 591 τέρματα
1767 538 1916 589 μελέων,
1932 546 2184 579 extremitates
2196 544 2453 591 membrorum,

9 2403 17 2432 n·
7 2310 16 2395 .-.---
4 2143 15 2300 ..σω-,σες-
4 1975 19 2130 ...tuen—„Qu
3 1955 13 1967 J

293 606 410 657 vulgo
431 607 487 645 sic
515 605 788 645 scribebantur
819 618 827 642 :
860 602 961 654 αἰθὴρ
989 602 1018 640 δ’
1046 600 1143 645 ἐκτὸς
1162 600 1231 639 ἔσω
1261 600 1338 638 κτλ.

293 666 366 707 Sed
405 678 524 717 quum
558 665 621 703 hic
655 664 873 703 versiculus
909 661 1099 712 apodosin
1143 660 1339 698 contineat

292 724 612 777 praecedentium,
631 723 754 762 deleta
768 735 865 774 opus
881 721 953 759 suit
970 720 1160 772 particula
1175 718 1209 757 δὲ
1225 731 1338 770 quam

292 785 445 837 primus
464 784 597 823 omisit
616 782 853 821 Karstenius.

348 842 413 882 Vs.
446 843 535 881 363.
558 841 697 891 αἴσιμον
716 839 806 891 ὕδωρ
835 838 900 877 hic
921 850 1076 890 quoque
1103 837 1282 887 servavi,
1300 844 1341 874 ut

295 915 355 941 vs.
381 902 478 948 3543
503 901 693 939 Bekkerus
712 897 870 948 αὕξιμον,

348 960 411 1000 Vs.
436 962 508 1006 364
529 973 588 1010 sq.
612 959 690 996 I’ro
717 955 1000 1007 κλαδασσόμενον
1021 954 1239 994 Lobeckius
1269 954 1341 992 Pa-

297 1020 392 1059 tliol.
416 1033 454 1071 p.
474 1020 524 1069 89
540 1017 685 1069 injuria
704 1015 983 1066 κλυδασσόμενον
1001 1014 1239 1054 exarandum
1261 1027 1344 1052 esse

296 1078 428 1117 statuit
444 1078 615 1127 neglecta
631 1076 810 1128 llesychii
831 1076 957 1126 glossa
977 1089 986 1113 :
1005 1075 1198 1114 κλαδᾶσαι·
1213 1074 1340 1123 σεῖσαι,

297 1137 398 1176 unde
417 1136 608 1188 suspicari
627 1137 713 1174 licet
729 1135 862 1188 κλαδᾷν
883 1143 920 1173 et
938 1133 1149 1174 κλαδάσσειν
1168 1133 1215 1171 de
1232 1135 1345 1171 vehe-

297 1194 415 1233 menti
431 1202 535 1232 motu
557 1194 703 1232 dictum
722 1193 892 1231 eamdem
908 1206 1032 1245 prope
1046 1192 1125 1230 vim
1143 1191 1340 1230 habuisse.

297 1254 411 1300 Quod
431 1266 585 1292 versum
605 1252 750 1291 claudit
777 1252 834 1291 διὰ
850 1254 956 1303 γυίων
978 1251 1059 1303 jam
1078 1250 1247 1289 restituit
1264 1252 1345 1287 Ste-

298 1313 450 1364 phanus
477 1311 640 1362 expulsa
661 1311 754 1350 falsa
773 1312 967 1363 scriptura
995 1310 1254 1362 plurimorum
1282 1323 1345 1347 co-

296 1372 429 1409 dicum
460 1370 503 1408 δι*
537 1371 683 1421 ἀγυιῶν.
714 1369 839 1421 Hujus
877 1378 1003 1408 autem
1034 1369 1344 1407 emendationem

296 1443 511 1482 paucorum
552 1429 744 1468 librorum
783 1430 1010 1468 auctoritate
1042 1429 1084 1466 in
1114 1427 1259 1479 quibus
1290 1427 1346 1466 διὰ

297 1487 415 1539 γυίων,
435 1487 528 1539 γύων
549 1489 610 1526 vel
636 1489 727 1537 γυῶν
755 1495 836 1538 cst,
862 1488 1050 1526 firmatam
1077 1487 1229 1525 invenit
1250 1486 1345 1523 Bek-

295 1548 429 1587 kerus.
452 1546 687 1585 Membranae
715 1559 849 1585 omnes
868 1546 910 1585 in
929 1545 1063 1584 ὁππότε
1083 1543 1232 1589 ἐπαΐξειε
1255 1558 1346 1583 con·

297 1607 473 1658 spirant,
509 1605 576 1645 sed
596 1614 638 1644 ut
669 1618 728 1643 vs.
763 1606 838 1651 348
874 1604 1132 1656 quorumdam
1168 1603 1346 1642 codicum

297 1666 503 1704 lectionem
531 1661 661 1716 ἀπαΐξῃ
685 1664 824 1702 merito
845 1664 1016 1715 praetulit
1047 1664 1240 1702 Bekkerus
1261 1663 1347 1702 vul-

298 1733 394 1774 gatae
428 1719 554 1775 ἐπαίξῃ
593 1732 755 1775 propter
794 1724 955 1761 verbum
986 1722 1212 1775 oppositum
1253 1725 1347 1761 ἀνα-

298 1782 437 1835 θρώσκῃ
462 1797 470 1820 :
493 1783 548 1822 ita
565 1783 679 1821 etiam
699 1781 765 1820 hic
785 1780 937 1827 ἐπαΐξειε
966 1782 1008 1821 in
1028 1780 1184 1827 ἀπαΐξειε
1205 1782 1347 1820 mutari

299 1843 495 1895 oportuit,
523 1843 708 1894 quoniam
741 1841 842 1880 idem
876 1841 1110 1880 vocabulum
1144 1841 1265 1880 altera
1301 1854 1348 1879 ex

300 1911 412 1954 parte
445 1900 666 1953 respondet.
703 1900 992 1940 Cot-rectionem
1014 1900 1115 1939 hanc
1144 1913 1167 1938 a
1201 1900 1349 1939 Steinio

299 1961 540 2012 propositam
565 1960 707 2012 recepi.

355 2024 418 2060 Vs.
439 2021 530 2061 366.
554 2019 686 2069 αἰθέρος
714 2017 810 2061 εὐθὺς
831 2020 944 2071 ῥεῦμα
965 2019 1061 2071 κτλ.]
1083 2020 1139 2058 Ita
1157 2019 1351 2058 Bekkerus

302 2092 324 2117 e
347 2087 529 2130 quattuor
550 2078 752 2117 codicibus
770 2078 914 2126 edidit;
945 2079 1090 2130 reliqui
1117 2092 1190 2131 pro
1219 2077 1352 2130 αἰθέρος

301 2138 446 2177 habent
478 2140 611 2190 ἕτερον,
651 2146 799 2176 veteres
839 2138 1031 2176 editiones
1065 2136 1206 2190 θάτερον
1246 2136 1350 2188 quod

303 2198 444 2236 mirum
465 2206 523 2236 est
541 2197 746 2236 Karstenio
770 2198 974 2250 placuisse.
995 2197 1091 2236 Nam
1117 2205 1205 2248 post
1227 2195 1352 2234 inter-

300 2256 441 2308 jectam
474 2257 626 2307 longam
660 2260 987 2308 comparationem
1017 2257 1106 2307 quis
1139 2270 1218 2295 non
1246 2257 1353 2294 videt

304 2316 405 2355 aeris
417 2315 650 2355 vocabulum
667 2317 916 2368 repetendum
932 2316 1219 2368 perspicuitatis
1240 2328 1354 2354 causa

308 2374 452 2413 fuisse?
574 2422 579 2427 ρ

360 2433 425 2472 Vs.
453 2435 546 2482 367.
580 2427 657 2472 εἶτε
684 2434 714 2472 δ’
735 2433 942 2487 ἀναθρώσκῃ
965 2431 1059 2487 κτλ.]
1094 2434 1235 2486 scripsi
1265 2447 1352 2472 cum

305 2492 503 2540 Bekker03
525 2491 620 2531 libri
644 2494 786 2544 partim
809 2493 1018 2546 ἀναθρώσκη
1035 2494 1177 2545 partim
1196 2493 1351 2546 ἀναθρώ-

308 2553 386 2589 &not
404 2551 463 2589 vel
483 2551 712 2603 ἀναθρώσκει.

361 2612 428 2649 Vs.
453 2611 541 2648 368.
559 2607 727 2661 κέμματα
748 2611 846 2663 κτλ.]
863 2611 1093 2650 Plutarchus
1112 2610 1256 2658 Quaest.
1275 2620 1353 2652 nat.

308 2682 348 2720 p.
367 2682 460 2718 9173
473 2668 552 2706 vol.
572 2671 612 2706 X
625 2670 752 2720 p.642
770 2669 830 2709 ed.
849 2669 975 2709 Reisk.
996 2685 1004 2708 :
1022 2671 1176 2724 Πότερον
1193 2672 1229 2710 αἱ
1244 2670 1354 2720 κύνες,

311 2726 358 2770 ὥς
375 2726 478 2779 φησιν
494 2727 761 2779 Ἐμπεδοκλῆς,
788 2728 953 2780 κε’μματα
970 2730 1112 2782 θηρείων
1138 2730 1272 2781 μελέων
1288 2747 1354 2782 μυ-

311 2789 454 2838 κτῆρσιν
476 2786 665 2839 ἐρευνῶσαι
681 2785 741 2829 τὰς
770 2787 958 2841 ἀπορροίας
973 2788 1295 2839 ἄναλαμὸάνουσιν,
1317 2789 1356 2834 ἃς

311 2845 532 2884 ἐναπολείπει
543 2843 587 2883 τὰ
601 2845 702 2898 θηρία
715 2849 757 2899 τῇ
769 2846 833 2900 ὕλῃ
850 2848 928 2886 κτλ.
948 2847 1052 2887 Idem
1065 2849 1111 2887 de
1121 2848 1357 2888 Curiositate

312 2917 403 2956 pag.
426 2904 524 2953 520;
553 2905 634 2942 vol.
655 2904 743 2944 VIII
777 2919 866 2958 pag.
888 2908 936 2955 67
958 2907 1017 2945 ed.
1043 2908 1171 2947 Reisk.
1201 2922 1355 2948 versum

313 2963 458 3001 omisso
487 2963 658 3002 auctoris
673 2965 830 3003 nomine
857 2966 914 3004 sic
937 2966 1093 3006 exhibet
1115 2982 1124 3005 ι
1147 2970 1193 3007 Οἱ
1214 2969 1356 3021 κυνηγοὶ

312 3019 390 3065 τοὺς
422 3019 601 3065 σκύλακας
621 3051 630 3061 .
663 3052 674 3063 .
707 3052 717 3063 .
748 3049 758 3060 .
786 3023 1035 3076 ἀνακρούουσι,
1061 3026 1214 3078 καθαρὸν
1244 3029 1356 3066 αὐτῶν

313 3079 375 3119 καὶ
395 3078 546 3133 ἄκρατον
566 3080 794 3133 φυλάττοντες
808 3081 848 3121 τὸ
869 3083 1089 3135 αἰσθητήριον
1108 3085 1165 3124 ἐπὶ
1181 3084 1219 3125 τὸ
1235 3087 1358 3126 οἰκεῖον

314 3138 428 3191 ἔργον,
447 3137 503 3177 ἵνα
520 3138 746 3192 εὐτονώτερον
761 3140 936 3195 ἐμφύηται
950 3147 1018 3186 τοῖς
1031 3142 1155 3195 ἴχνεσι,
1171 3162 1185 3178 α
1200 3145 1359 3197 τέρματα

315 3196 443 3250 θηρίων
469 3197 603 3249 μελέων
627 3201 821 3251 μυκτῆρσιν
845 3203 1004 3253 ἐρευνῶν.
1019 3219 1034 3237 ι»
1048 3202 1222 3242 Pertinet
1240 3205 1360 3255 igitur

314 3255 381 3294 hic
399 3269 537 3296 versus
556 3257 602 3295 ad
623 3271 761 3297 canum
788 3260 982 3309 sagacium
1004 3261 1222 3301 odoratum.
1243 3263 1360 3302 Com·-

315 3324 450 3366 parato
470 3324 640 3368 utroque
669 3317 866 3357 Plutarchi
888 3319 975 3358 loco
1004 3320 1248 3372 Empedoclis
1282 3336 1362 3361 ma-

316 3387 411 3414 num
433 3375 635 3414 restituere
655 3376 751 3415 mihi
775 3377 884 3417 visus
900 3391 984 3418 sum
1005 3379 1211 3419 scribendo
1237 3393 1247 3419 ε
1274 3380 1360 3432 κέμ-

317 3448 415 3482 ματα
435 3433 580 3487 Θηρείων
602 3435 734 3486 μελέων
751 3439 944 3490 μυκτῆρσιν
962 3440 1107 3491 ἐρευνῶν
1124 3440 1247 3480 intell.
1268 3441 1361 3481 κύων

317 3491 390 3531 hac
406 3494 620 3532 sententia:
644 3512 658 3529 ε,
678 3500 783 3533 canis·
792 3497 1005 3544 firmorum
1028 3501 1271 3538 membrorum
1294 3515 1360 3538 cu-

1403 612 1605 650 perperam
1635 611 1720 637 esse
1753 598 1838 637 vult
1872 599 1992 651 pedes
2021 609 2059 639 et
2093 600 2235 652 pedum
2269 602 2435 653 vestigia
2448 618 2465 651 ·,

1404 658 1659 696 Buttmannus
1672 657 1889 696 Comment.
1906 660 1992 698 Soc.
2006 658 2114 710 Lips.
2130 659 2212 698 vol.
2237 659 2287 698 lv
2301 659 2463 713 κέρματα

1404 730 1540 769 parum
1564 715 1824 769 probabiliter
1839 716 2032 768 conjecit,
2054 717 2282 757 Karstenius
2301 719 2463 772 τέρματα

1405 776 1551 829 θηρείων
1571 774 1705 828 λεχέων
1724 775 1870 827 posuit.
1891 775 2005 822 Quod
2023 777 2242 828 posteriore
2257 777 2466 818 Plutarchi

1406 838 1493 875 loco
1535 835 1713 874 Diibneri
1760 834 1883 873 editio
1930 834 2047 873 habet
2091 834 2260 887 πέλματα
2274 866 2285 885 ,
2339 837 2466 877 tenuit

1405 896 1590 935 Steinius.

1458 954 1523 995 Vs.
1548 955 1640 1004 369.
1663 947 1732 992 ὧδε
1751 951 1815 1004 μὲν
1833 951 1929 1008 κτλ.]
1951 954 2095 1004 legitur
2111 953 2216 1006 apud
2231 953 2464 1008 Theophra-

1406 1021 1506 1052 stum
1528 1013 1576 1053 de
1595 1013 1718 1051 Sensu
1741 1026 1826 1065 cap.
1851 1027 1899 1051 22
1918 1027 1957 1065 p.
1979 1014 2073 1061 656,
2093 1014 2162 1065 qui
2186 1014 2468 1067 Empedoclem

1407 1071 1720 1125 reprehendens,
1749 1072 1855 1124 quod
1886 1073 2186 1124 respirationem
2208 1082 2246 1112 et
2277 1074 2464 1114 olfactum

1406 1144 1454 1169 ex
1468 1131 1600 1170 eadem
1617 1144 1733 1170 causa
1745 1140 1908 1183 repetat,
1921 1132 1983 1170 his
2000 1133 2123 1170 utitur
2139 1131 2271 1172 verbis
2283 1147 2292 1171 ε
2304 1131 2350 1174 ‘O
2367 1134 2404 1173 δὲ
2418 1136 2471 1180 ὥς

1407 1191 1536 1238 ταῦτῆς
1558 1190 1665 1238 οὔσης
1687 1193 1750 1238 τῆς
1774 1190 1889 1235 αἰτίας
1908 1190 1969 1230 καὶ
1996 1192 2055 1230 ἐπὶ
2076 1191 2169 1230 τέλει
2187 1191 2297 1231 πάλιν
2326 1192 2467 1246 εἴρηκεν

1408 1249 1527 1302 ὥσπερ
1542 1250 1869 1300 ε’πισημαινόμενος·
1882 1244 1949 1289 ὧδὲ
1965 1249 2028 1302 μὲν
2043 1251 2120 1290 κτλ.
2137 1251 2334 1303 Hesychia
2348 1252 2469 1292 etiam

1408 1307 1500 1358 ὀσμὴ
1524 1317 1581 1348 est
1597 1308 1765 1362 ὄσφρησις
1789 1309 1858 1361 qui
1877 1309 2039 1349 sortasse
2065 1309 2165 1349 hanc
2181 1310 2292 1349 vocis
2310 1311 2465 1362 signifi-

1409 1368 1600 1407 cationem
1620 1381 1667 1406 ex
1684 1368 1923 1419 Empedocle
1940 1369 2156 1408 annotavit.

1463 1427 1532 1467 VS.
1548 1428 1624 1475 370
1634 1427 1941 1480 Theophrastus
1952 1427 2050 1467 ibid.
2061 1441 2143 1479 cap.
2157 1441 2181 1478 9
2197 1442 2205 1466 :
2222 1426 2300 1475 Τὴν
2311 1428 2342 1467 δ’
2356 1428 2471 1478 ἀκοὴν

1411 1485 1480 1524 ἀπὸ
1507 1488 1576 1525 τῶν
1605 1485 1735 1525 ἔσωθεν
1766 1486 1922 1538 γίνεσθαι
1950 1485 2197 1542 ψόφωνζὸταν
2223 1487 2292 1541 γὰρ
2319 1488 2387 1527 ὑπὸ
2405 1491 2471 1537 τῆς

1412 1548 1527 1595 φωνῆς
1546 1549 1670 1599 κινηθῇ
1690 1546 1728 1598 (ἡ
1750 1546 1876 1600 ἀκοὴ),
1892 1547 1992 1599 ἠχεῖν
2014 1545 2109 1591 ἐντός
2121 1561 2130 1571 ·
2146 1544 2267 1599 ὥσπερ
2288 1545 2358 1600 γὰρ
2377 1542 2470 1586 εἶναι

1412 1605 1557 1644 κώδωνα
1585 1608 1655 1645 τῶν
1688 1606 1758 1646 ἔσω
1783 1605 1883 1660 ἤχων
1911 1605 1975 1652 τὴν
1995 1604 2118 1654 ἀκοήν,
2144 1604 2188 1653 ἣν
2214 1606 2471 1660 προσαγορεύει

1412 1664 1575 1718 σάρκινον
1598 1665 1689 1714 ὄζον,
1706 1665 1913 1717 κινουμένην
1935 1665 1970 1704 δὲ
1988 1664 2106 1705 παίειν
2129 1664 2188 1704 τὸν
2206 1665 2294 1719 ἀέρα
2310 1664 2471 1720 πρὸστὰ

1412 1723 1537 1777 στερεὰ
1547 1724 1608 1764 καὶ
1623 1729 1735 1764 ποιεῖν
1754 1718 1858 1777 ἦχον,
1874 1725 1904 1763 i.
1921 1737 1956 1762 e.
1980 1741 1997 1759 α
2015 1724 2192 1763 auditum
2206 1724 2472 1766 interioribus

1411 1786 1519 1824 sonis
1533 1786 1635 1824 effici
1655 1800 1665 1824 ι
1685 1785 1833 1838 quippe
1846 1798 1995 1833 aurem,
2009 1784 2166 1836 quando
2178 1797 2274 1823 voce
2289 1785 2468 1835 feriatur,

1411 1845 1514 1883 intra
1543 1858 1584 1884 se
1607 1845 1733 1897 ipsam
1762 1857 1904 1883 sonare
1929 1858 1938 1882 ι
1959 1857 2043 1883 esse
2071 1845 2176 1883 enim
2201 1844 2310 1883 velut
2332 1844 2468 1885 tubam

1412 1916 1547 1942 eorum
1569 1917 1656 1956 quae
1678 1904 1785 1943 intus
1801 1911 1942 1943 sonant
1964 1916 2097 1942 aurem
2111 1931 2122 1951 ‚
2144 1916 2260 1955 quam
2284 1916 2469 1944 carneum

1413 1967 1557 2003 nodum
1581 1964 1763 2016 appellat,
1782 1977 1861 2015 quo
1879 1971 2056 2013 tempore
2071 1976 2168 2002 vero
2193 1963 2356 2002 feriatur
2380 1977 2466 2004 eam

1413 2037 1539 2062 aerem
1566 2023 1699 2062 densis
1721 2023 1772 2074 (h.
1793 2036 1828 2061 e.
1857 2022 2132 2074 cartilagineis)
2162 2022 2382 2075 parietibus
2405 2037 2470 2064 re·-

1413 2092 1616 2134 percutere
1649 2084 1900 2134 sonitumque
1936 2082 2115 2123 reddere.
2151 2101 2168 2118 υ
2201 2082 2350 2136 Scripsi
2380 2099 2470 2125 cum

1415 2143 1621 2181 Karstenio
1652 2141 1721 2181 ἀπὸ
1754 2144 1825 2181 τῶν
1855 2141 1984 2180 ἔσωθεν
2013 2155 2087 2192 pro
2115 2142 2277 2192 vulgato
2307 2142 2377 2181 ἀπὸ
2398 2145 2476 2183 τῶν

1414 2201 1535 2247 ἔξωθεν
1567 2202 1750 2241 inductus
1769 2201 2033 2255 Theophrasti
2055 2202 2289 2241 refutatione
2310 2215 2397 2255 cap.
2421 2218 2467 2242 21

1414 2262 1556 2312 dogma
1578 2261 1879 2314 Empedocleum
1907 2261 1964 2300 sic
1983 2261 2197 2300 refellentis
2217 2273 2232 2300 ἰ
2255 2261 2362 2301 Ἀλλὰ
2389 2263 2476 2317 περὶ

1413 2320 1477 2368 τὴν
1500 2320 1609 2368 ἀκοὴν
1629 2321 1711 2360 ὅταν
1729 2322 1851 2373 ἀποδῷ
1864 2320 2098 2377 ιτοῒςηέσωθεν
2118 2321 2298 2373 γίγνεσθαι
2325 2322 2472 2377 ψόφοις,

1417 2375 1544 2414 ἄτοπον
1573 2375 1613 2414 τὸ
1633 2374 1786 2423 οἴεσθαι,
1804 2376 1908 2422 δῆλον
1934 2378 2041 2424 εἶναι,
2059 2377 2135 2419 πῶς
2158 2374 2344 2414 ἀκούουσιν
2377 2377 2474 2417 ἔνδον

1415 2434 1611 2481 ποιήσαντα
1628 2434 1737 2488 ψόφον
1755 2432 1875 2485 ὥσπερ
1895 2432 2043 2472 κώδωνα
2055 2449 2064 2457 ·
2081 2435 2151 2472 τῶν
2172 2432 2236 2485 μὲν
2251 2433 2321 2487 γὰρ
2340 2432 2407 2480 ἔξω
2428 2436 2474 2474 δι’

1415 2493 1544 2531 ἐκεῖνον
1567 2493 1636 2544 (τὸν
1655 2492 1816 2543 κώδωνα)
1843 2491 2032 2543 ἀκούομεν,
2052 2491 2184 2531 ἐκείνου
2213 2490 2251 2531 δὲ
2275 2494 2476 2547 ψοφοῦντος

1417 2551 1473 2591 διὰ
1486 2551 1542 2600 τί;
1559 2566 1728 2604 quorum
1750 2551 1963 2590 verborum
1986 2564 2123 2590 sensus
2144 2559 2202 2590 est
2221 2565 2230 2589 :
2261 2568 2278 2586 α
2299 2552 2366 2590 sed
2387 2553 2475 2592 ine·

1416 2621 1525 2663 ptum
1555 2625 1639 2651 esse
1665 2612 1823 2651 credere
1861 2625 1950 2663 quae
1972 2611 2020 2650 de
2054 2611 2188 2650 auditu
2217 2610 2477 2652 interioribus

1415 2671 1521 2710 sonis
1552 2671 1691 2710 effecto
1721 2672 1825 2710 dicat
1844 2683 2034 2723 apparere
2054 2669 2244 2722 quaerenti
2273 2671 2473 2721 quomodo

1417 2731 1577 2769 audiant
1597 2731 1746 2778 tubam,
1776 2731 1883 2770 intus
1905 2738 2106 2769 sonantem
2132 2744 2141 2768 ε
2165 2738 2350 2768 externos
2368 2730 2473 2769 enim

1418 2803 1536 2828 sonos
1572 2803 1642 2842 per
1693 2790 1825 2829 tubam
1878 2789 2080 2836 audimus3
2120 2797 2159 2827 at
2196 2801 2273 2840 qua
2323 2788 2476 2828 ratione

1419 2849 1542 2899 ipsam
1575 2851 1734 2889 tubam‘?
1762 2868 1777 2884 u
1809 2850 1998 2888 Similiter
2022 2847 2257 2887 Plutarchus
2284 2847 2333 2887 de
2363 2847 2474 2888 Plac.

1417 2908 1516 2960 phil.
1536 2908 1602 2957 lv,
1626 2910 1672 2947 16
1697 2924 1704 2947 :
1725 2909 1970 2959 Ἐμπεδοκλῆς
1988 2907 2051 2956 τὴν
2072 2907 2180 2954 ἀκοὴν
2201 2906 2357 2959 γίνεσθαι
2381 2907 2476 2947 κατὰ

1417 2967 1644 3021 πρόσπτωσιν
1685 2969 1887 3020 πνεύματος
1924 2971 1975 3021 τῷ
2010 2967 2220 3020 κοχλιώδει,
2251 2966 2338 3020 ὅπερ
2369 2966 2478 3020 φησὶν

1419 3026 1627 3080 ἐξηρτῆσθαι
1643 3028 1737 3072 ἐντὸς
1747 3031 1807 3067 τοῦ
1824 3027 1911 3073 ὠτός
1922 3058 1932 3076 ,
1949 3026 2111 3072 κώδωνος
2124 3026 2224 3075 δίκην
2240 3025 2476 3078 αἰωρούμενον

1419 3086 1479 3126 καὶ
1494 3087 1724 3139 τυπτόμενον,
1741 3088 1767 3127 i.
1783 3101 1821 3128 e.
1841 3105 1857 3123 α
1875 3088 2049 3127 auditum
2062 3088 2165 3126 effici
2177 3100 2266 3127 aere
2279 3087 2422 3139 illapso
2433 3087 2476 3127 in

1420 3146 1617 3186 cochleam
1634 3148 1924 3198 cartilagineam
1937 3177 1947 3195 ,
1965 3160 2080 3198 quam
2098 3148 2204 3186 intra
2218 3159 2350 3186 aurem
2368 3155 2475 3198 apta-

1420 3214 1495 3244 tam
1526 3206 1622 3246 dicit
1635 3236 1645 3255 ,
1683 3206 1937 3245 tintinnabuli
1972 3207 2014 3245 in
2051 3207 2210 3246 modum
2244 3218 2473 3258 suspensam

1421 3274 1459 3304 et
1484 3266 1691 3318 pulsatam.
1725 3283 1742 3299 n
1763 3265 1851 3304 Jam
1874 3266 1908 3304 si
1928 3279 1950 3304 a
1968 3265 2163 3305 vocabulo
2183 3265 2374 3318 κοχλιῶδες
2395 3265 2473 3304 dis·

1422 3325 1584 3364 cesseris
1603 3325 1708 3377 quod
1723 3324 1772 3363 ab
1788 3327 1999 3377 interprete
2014 3325 2230 3376 profectum
2250 3337 2335 3364 esse
2350 3324 2473 3372 dicas,

1422 3397 1561 3435 parum
1582 3385 1724 3432 refert,
1742 3383 1874 3422 tubam
1894 3397 1942 3422 an
1959 3383 2267 3423 tintinnabulum
2286 3381 2478 3436 Empedo-

1422 3443 1500 3482 cles
1518 3444 1561 3482 in
1581 3457 1674 3482 aure
1693 3444 1821 3482 inesse
1839 3442 2011 3482 voluerit
2033 3457 2042 3482 ι
2065 3451 2170 3495 patet
2196 3452 2323 3482 autem
2344 3442 2475 3495 philo-

1421 3502 1583 3554 sophum
1608 3504 1808 3552 statuisse,
1830 3503 2000 3542 auditum
2022 3503 2126 3541 effici
2152 3503 2294 3555 partim
2314 3510 2476 3541 externo
