2612 3814
965 276 1016 316 IN
1045 277 1268 318 AUBEUM
1299 276 1532 317 CARMEN.

171 364 338 411 καλοῖτο,
357 363 417 402 καὶ
438 366 468 404 εἷ
492 366 511 403 ὃ
542 363 639 409 ἄθεος
658 363 723 411 τὴν
756 363 900 416 γνώμην
921 365 1105 411 Εὐσέὸιος.
1163 365 1222 406 Τὰ

171 420 241 476 γὰρ
259 426 406 462 τοιαῦτα
433 422 530 462 οὐδὲν
552 422 695 476 μετέχει
711 426 774 471 τῆς
787 427 855 462 τῶν
872 425 1053 476 ὀνομάτων
1077 425 1222 478 ὀρθότη-

170 495 246 528 τος,
278 479 333 519 ὅτι
352 481 462 532 μηδὲν
478 484 541 528 τῇς
559 482 679 525 οὐσίας
697 479 721 528 ἢ
750 484 813 528 τῇς
839 482 1012 536 ἐνεργείας
1030 484 1223 537 παρίστησι

173 541 240 577 τ’ὤν
254 539 474 591 πραγμάτων
489 538 648 589 ἐκείνων,
667 533 715 584 οἷς
735 546 849 579 κεῖται
869 542 1040 592 ὀνόματα.
1063 542 1141 591 Τὴν
1163 537 1222 581 οὖν

169 597 275 641 ὅντως
293 597 463 649 ὀρθότητα
484 601 553 637 τῶν
575 598 754 650 ὀνομάτων
773 601 807 638 ἐν
823 605 894 644 τοῖς
908 600 1029 645 ἀϊδίοις
1045 603 1114 640 τῶν
1130 617 1223 654 πρα-

174 655 319 706 γμάτων
335 656 404 709 χρὴ
421 659 554 704 ζητεῖν·
570 657 630 695 καὶ
651 657 783 696 τούτων
802 659 836 697 ἐν
854 659 924 703 τοῖς
944 659 1063 703 θείοις·
1078 659 1138 698 καὶ
1154 662 1221 704 τῶν

167 713 270 753 θείων
290 716 326 752 ἐν
344 716 414 759 τοῖς·
436 716 599 768 ἀρίστοις.
654 713 763 756 Ὅθεν
781 716 842 756 καὶ
860 717 899 756 τὸ
915 721 974 756 τοῦ
995 717 1098 763 Διὸς
1111 717 1221 767 ὄνομα

168 771 344 821 σύμὸολόν
365 775 440 813 ἐστι
456 774 516 813 καὶ
531 774 632 813 εἰκὼν
651 776 685 814 ἐν
703 779 800 829 φωνῇ
817 777 1070 830 δημιουργικῆς
1086 777 1221 829 οὐσίας,

167 833 219 884 τῷ
247 829 327 875 τοὺς
343 832 501 884 πρώτους
521 834 684 882 θεμένους
703 840 773 878 τοῖς
793 835 979 887 πράγμασι
994 835 1038 873 τὰ
1053 836 1222 887 ὀνόματα,

168 888 229 928 διὰ
249 891 371 944 σοφίας
406 892 630 945 ὑπερὸολήν,
651 893 772 947 ὥσπερ
800 892 894 938 τινὰς
918 893 1223 946 ἀγαλματοποιοὺς

170 947 348 1000 ἀρίστους,
366 949 507 1003 διὰτῶν
529 952 732 1003 ὀνομάτων,
754 954 800 996 ὥς
819 954 864 991 δι’
889 953 1051 1000 εἰκόνων,
1066 953 1223 1006 ἐμφανί-

159 1021 229 1058 -σαι
247 1009 360 1047 αὐτῶν
375 1008 436 1053 τὰς
449 1010 622 1062 δυνάμεις.
664 1010 735 1051 ·Τὰ
747 1009 815 1064 γὰρ
835 1012 869 1049 ἐν
890 1014 933 1065 τῇ
951 1015 1047 1065 φωνῇ
1065 1011 1222 1063 ὀνόματα

171 1065 333 1117 σύμὸολα
356 1070 425 1108 τῶν
452 1071 487 1109 ἐν
508 1073 552 1124 τῇ
573 1071 669 1124 ψυχῇ
701 1070 853 1117 νοήσεων
873 1070 1144 1122 ἀπειργάζοντο,
1162 1069 1224 1115 τὰς

171 1122 207 1163 δὲ
227 1126 361 1172 νοήσεις
391 1125 498 1172 αὐτὰς
530 1130 724 1181 γνωστικὰς
758 1128 892 1172 εἰκόνας
931 1130 999 1167 τῶν
1032 1128 1221 1176 νοηθέντων

172 1184 393 1235 πραγμάτων
414 1187 610 1227 ἐποιοῦντο.
669 1188 727 1240 Τῇ
743 1185 811 1239 γὰρ
831 1186 917 1240 πρὸς
942 1185 987 1225 τὰ
1006 1186 1115 1235 νοητὰ
1142 1190 1222 1226 ἐπι-

168 1245 303 1295 στροφῇ
325 1243 471 1295 θεωρίας
482 1243 715 1293 πλησθέντες,
733 1247 892 1285 κάκεῖθεν
911 1246 1098 1299 ἐγκύμονες
1120 1247 1223 1298 γενό-

169 1303 267 1346 μενοι
291 1304 417 1353 νοερῶν
433 1302 565 1341 ὠδίνων
580 1334 590 1351 ,
612 1305 658 1348 εἷς
672 1303 789 1358 φωνὰς
803 1304 871 1353 ἤδη
889 1305 1065 1359 προϊόντες
1078 1310 1222 1345 τοιαῦτα

167 1356 318 1396 ἐτίθεντο
339 1365 408 1403 τοῖς
429 1354 506 1399 οῧσι
523 1359 568 1400 τὰ
584 1362 743 1414 ὀνόματα
755 1392 766 1411 ,
785 1362 808 1401 ἃ
825 1363 867 1401 δι’
889 1365 994 1411 αὐτῇς
1013 1367 1075 1412 τῇς
1092 1369 1224 1418 φωνῆς,

167 1415 230 1453 καὶ
254 1418 323 1454 τῶν
351 1419 398 1462 εἷς
429 1418 494 1467 τὴν
514 1420 658 1467 Ιταύτης
691 1422 888 1476 ἐκφώνησιν
922 1423 1222 1479 παραληφθέντων

149 1475 350 1527 ’στοιχείων
364 1507 374 1525 ,
395 1479 441 1522 ὡς
464 1472 535 1518 οἶόν
565 1495 602 1518 τε
621 1474 664 1528 ἦν
677 1512 688 1529 ,
720 1481 901 1521 ἀπετύπου
920 1485 990 1521 τῶν
1010 1484 1222 1534 ὀνομαζομέ·

165 1548 235 1572 νων
259 1534 304 1573 τὰ
333 1535 431 1586 εἴδη,
453 1537 513 1576 καὶ
548 1538 739 1594 ἐπέστρεφε
773 1539 860 1594 πρὸς
883 1540 991 1587 αὐτὰς
1015 1540 1079 1586 τὰς
1107 1542 1223 1586 οὐσίας

167 1591 246 1637 τοὺς
280 1595 388 1646 ὀρθῶς
420 1597 534 1635 αὐτῶν
571 1598 849 1644 κατακούοντας·
887 1599 980 1639 ὥστε
1005 1600 1159 1653 γίνεσθαι
1183 1601 1223 1640 τὸ

165 1650 278 1704 πέρας
307 1655 370 1701 τῇς
392 1654 532 1694 ἐκείνων
555 1656 700 1710 θεωρίας
724 1658 838 1711 ἀρχὴν
857 1659 946 1711 ἡμῖν
975 1660 1063 1712 πρὸς
1090 1659 1222 1712 εὕρεσιν

166 1714 230 1758 τῆς
249 1714 318 1752 τῶν
348 1715 568 1768 πραγμάτων
589 1717 758 1762 νοήσεως.
820 1718 929 1758 Οὕτω
948 1716 1012 1770 μὲν
1037 1713 1095 1758 οὖν
1113 1722 1131 1758 ὁ
1152 1719 1223 1767 δη·-

166 1772 334 1827 μιουργὸς
365 1774 482 1818 αὐτοῖς
500 1774 613 1814 πάλαι
642 1775 704 1827 μὲν
739 1775 951 1829 τετρακτύς,
974 1781 1031 1816 νῦν
1052 1777 1088 1816 δὲ
1110 1776 1221 1822 Ζεὺς

167 1846 225 1870 πα
241 1832 323 1885 τήρ
337 1863 348 1883 ,
378 1834 422 1871 δι’
449 1832 489 1877 ἃς
511 1833 654 1885 εἴπομεν
690 1834 821 1884 αἰτίας,
842 1836 1059 1888 ὠνόμασται.
1115 1835 1164 1876 εὈ
1185 1837 1221 1875 δὲ

167 1892 261 1930 αἰτεῖ
277 1893 361 1943 παρ’
385 1893 490 1931 αὐτοῦ
512 1896 574 1941 τῇς
601 1894 783 1948 παρούσης
805 1896 912 1949 εὐχῇς
932 1899 950 1934 ὃ
978 1895 1079 1948 λόγος
1096 1926 1106 1944 ,
1123 1899 1222 1934 τοῦτο

167 1948 236 1998 ἤδη
255 1956 328 1995 τοῖς
348 1957 457 1990 πᾶσιν
485 1953 694 2006 ἐφήπλωται
712 1954 760 2005 ’δι’
781 1954 1004 2006 ἀγαθότητα·
1028 1957 1112 2009 παρ’
1135 1958 1220 2004 ἡμῖν

166 2008 206 2047 δέ
225 2011 299 2048 ἐστι
316 2009 355 2048 τὸ
375 2009 499 2049 λαὸεῖν
519 2010 558 2049 τὸ
573 2011 627 2050 ἀεὶ
644 2011 728 2064 παρ’
753 2013 885 2051 ἐκείνου
905 2013 1096 2064 διδόμενον.
1148 2013 1221 2053 Καὶ

165 2066 235 2121 γὰρ
256 2069 290 2106 ἐν
307 2074 377 2113 τοῖς
394 2068 574 2123 προτέροις
591 2069 728 2122 ἐλέγετο
741 2101 752 2119 ,

2246 284 2323 318 475

1719 365 1808 406 ἔρχευ
1821 363 1869 396 ἐπ’
1889 364 1977 407 ἔργον

1450 413 1564 444 θεοῖσιν
1582 411 1783 452 ἐπευξάμενος
1794 436 1804 452 ,

1282 486 1328 527 ὡς
1352 482 1490 521 ἐκείνων
1513 481 1577 532 μὲν
1599 481 1652 520 ἀεὶ
1670 480 1833 520 διδόντων
1852 480 1898 519 τὰ
1919 482 2048 533 ἀγαθά,
2073 485 2175 532 ἡμῶν
2201 482 2237 522 δὲ
2256 485 2333 523 τότε

1283 541 1372 581 αὐτὰ
1393 540 1612 594 δεχομένων,
1644 541 1726 580 ὅταν
1747 539 1887 584 ἑαυτοὺς
1919 540 2004 592 πρὸς
2033 541 2094 588 τὴν
2117 541 2210 580 θείαν
2240 542 2333 582 δόσιν

1283 601 1525 651 συντείνωμεν·
1546 599 1585 638 τὸ
1606 599 1674 652 γὰρ
1705 598 1923 644 αὐτεξούσιον
1942 600 2005 638 οὐκ
2025 598 2067 638 ἂν
2095 599 2198 638 λάὸοι
2216 601 2258 639 τὰ
2277 600 2335 639 ὄν-

1282 676 1348 704 τως
1367 658 1504 711 ἀγαθά,
1533 658 1580 707 μὴ
1603 657 1811 712 βουλόμενον
1828 658 1965 698 λαὸεῖν.
2024 660 2148 697 Ταῦτα
2172 658 2211 696 δέ
2242 660 2334 698 ἐστιν

1284 721 1429 767 ἀλήθεια
1451 718 1511 758 καὶ
1532 718 1661 771 ἀρετή,
1694 719 1764 758 ἀπὸ
1796 721 1858 765 τῇς
1878 719 2128 770 δημιουργικῆς
2150 718 2263 762 αἷτίας
2283 718 2336 757 ἀεὶ

1282 778 1342 818 καὶ
1358 776 1524 821 ὡσαύτως
1541 783 1647 816 πᾶσιν
1675 777 1944 829 ἐλλαμπόμενα.
2004 776 2076 815 Καὶ
2095 779 2155 814 νῦν
2179 776 2214 816 δὲ
2236 780 2254 816 ὁ
2273 777 2335 816 λό-

1282 853 1340 889 γος
1356 840 1402 882 ὡς
1419 838 1609 889 ἀναγκαῖον
1625 836 1710 889 πρὸς
1726 836 1789 884 τὴν
1808 839 1892 875 τῶν
1914 851 1935 873 κ
1947 851 1999 874 ακ
2010 837 2064 873 ῶν
2089 836 2108 873 λ
2120 835 2139 873 ύ
2151 851 2211 874 σιν
2232 837 2335 874 ἀπαι-

1282 902 1335 934 τεῖ
1353 895 1415 943 τὴν
1436 898 1568 934 ἑαυτῶν
1600 894 1720 934 οὐσίαν
1753 897 1847 946 ἡμᾶς
1878 895 1977 933 ἰδεῖν·
1997 897 2098 932 τοῦτο
2126 893 2195 947 γὰρ
2225 888 2266 942 ἦν
2296 895 2335 934 τὸ

1284 954 1360 1009 οἵῳ
1376 957 1424 1007 τῷ
1444 955 1623 1005 δαίμονι
1639 955 1847 1007 χρῶνται·
1871 953 1946 992 ἀντὶ
1967 957 2027 992 τοῦ
2044 982 2054 1001 ,
2077 952 2134 1006 οἵᾳ
2150 955 2263 1006 ψυχῇ.
2279 956 2334 1007 Τῇ

1284 1013 1320 1052 δὲ
1340 1013 1484 1066 τοιαύτῃ
1518 1014 1566 1057 εἷς
1591 1013 1732 1057 ἑαυτοὺς
1752 1014 1944 1066 ἐπιστροφῇ
1969 1012 2156 1064 διορίζεται
2177 1012 2212 1058 ἐξ
2228 1013 2335 1064 ἀνάγ-

1284 1088 1346 1121 κης
1362 1071 1506 1111 ἕπεσθαι
1534 1072 1590 1110 καὶ
1611 1070 1673 1119 τὴν
1697 1072 1881 1124 ἀποφυγὴν
1908 1073 1976 1110 τῶν
1999 1087 2053 1109 κα
2066 1074 2126 1109 κῶ
2139 1087 2172 1121 ν,
2196 1071 2256 1110 καὶ
2271 1072 2334 1120 τὴν

1283 1130 1448 1185 ἔκφανσιν
1461 1133 1530 1170 τῶν
1550 1131 1635 1185 πρὸς
1654 1131 1877 1183 εὐδαιμονίαν
1898 1129 1964 1169 ὑπὸ
1983 1134 2043 1169 τοῦ
2063 1134 2140 1170 θεοῦ
2161 1147 2335 1184 προτεινο-

1285 1188 1412 1238 μένων.
1503 1188 1566 1234 'Ek'
1587 1188 1782 1234 ὑποθέσεως
1800 1184 1858 1228 οὗν
1884 1188 2039 1242 πρόεισιν
2063 1193 2080 1228 ὃ
2097 1188 2245 1241 λόγος,
2265 1188 2334 1227 ὅτι

1284 1249 1326 1286 εἰ
1363 1247 1527 1292 πάντες
1546 1246 1648 1286 ἴδοιεν
1681 1249 1700 1287 ὅ
1737 1250 1824 1296 εἶσι,
1858 1247 1918 1287 καὶ
1947 1247 2024 1300 οἵῳ
2055 1250 2115 1301 τῷ
2154 1248 2334 1299 δαίμονι

1284 1310 1504 1359 χρῶνται,
1526 1307 1690 1351 πάντες
1720 1309 1857 1347 ἀπολυ
1870 1312 1986 1347 θεῖεν
2007 1307 2048 1345 ἂν
2072 1309 2141 1345 τῶν
2170 1308 2332 1346 κακῶν.

1283 1367 1396 1405 Τοῦτο
1427 1365 1462 1405 δὲ
1483 1366 1664 1406 ἀδύνατον.
1739 1368 1793 1406 Οὐ
1814 1366 1881 1420 γὰρ
1902 1360 1971 1405 οἷόν
1991 1382 2029 1405 τε
2053 1366 2225 1409 πάντας
2247 1367 2334 1416 ὁμοῦ

1285 1424 1539 1477 φιλοσοφῆσαι,
1565 1424 1624 1463 καὶ
1646 1424 1878 1469 ὑποδέξασθαι
1903 1423 1947 1463 τὰ
1968 1423 2066 1477 παρὰ
2098 1427 2158 1463 τοῦ
2180 1426 2255 1462 θεοῦ
2271 1423 2334 1463 ιἀεὶ

1283 1482 1550 1535 προσφερόμενα
1566 1482 1680 1534 ἀγαθὰ
1699 1483 1784 1535 πρὸς
1801 1480 1942 1529 εὖζωΐας
1961 1483 2177 1530 τελειότητα.
2194 1501 2198 1507 ”
2210 1482 2258 1522 Τί
2274 1477 2333 1520 οἷν

1283 1541 1324 1580 τὸ
1341 1542 1546 1592 λειπόμενον
1562 1572 1574 1590 ,
1604 1542 1627 1589 ἢ
1656 1542 1795 1586 τούτους
1831 1542 1955 1592 μόνους
1985 1545 2116 1595 χρῆναι
2154 1545 2171 1580 θ
2184 1557 2205 1578 α
2219 1543 2334 1595 ῤῥεῖν

1283 1599 1360 1645 τοὺς
1379 1600 1582 1653 προσιόντας
1603 1604 1646 1655 τῇ
1669 1600 1905 1655 ἀναφαινούσῃ
1926 1601 1971 1640 τὰ
1985 1603 2096 1640 οἰκεῖα
2114 1604 2199 1653 ἡμῖν
2219 1602 2334 1650 ἀγαθὰ

1283 1659 1485 1712 ἐπιστήμῃ’;
1505 1660 1626 1707 μόνους
1639 1660 1706 1714 γὰρ
1722 1659 1861 1704 τούτους
1874 1662 1894 1698 ἀ
1904 1676 1931 1699 π
1941 1676 1958 1699 ο
1969 1661 2016 1698 λυ
2028 1661 2106 1708 θήσ
2117 1675 2132 1698 ε
2144 1675 2164 1698 σ
2175 1664 2192 1699 θ
2203 1675 2247 1698 αι
2263 1662 2333 1698 τῶν

1283 1718 1591 1771 παραπεπηγότων
1623 1722 1772 1758 κακῶν
1792 1722 1835 1772 τῇ
1856 1722 1965 1772 θνητῇ
1986 1718 2098 1771 <palaet-
2129 1717 2248 1767 ἐπειδὴ
2272 1719 2332 1757 καὶ

1284 1776 1382 1828 μόνοι
1402 1777 1485 1830 πρὸς
1506 1778 1568 1824 τὴν
1601 1777 1745 1831 θεωρίαν
1767 1781 1836 1817 τῶν
1854 1777 1960 1822 ὅντως
1990 1779 2128 1828 ἀγαθῶν
2151 1776 2329 1829 ἐπεστρά-

1283 1851 1416 1888 φησαν,
1437 1835 1494 1880 οὒς
1511 1837 1602 1881 ἄξιον
1624 1837 1683 1875 καὶ
1703 1839 1750 1881 εἷς
1772 1836 1820 1875 τὸ
1841 1840 1966 1876 θεῖον
1983 1836 2108 1888 γένος
2129 1835 2328 1890 ἐγγράφειν,

1282 1898 1327 1939 ὡς
1347 1895 1414 1933 ὑπὸ
1449 1898 1510 1942 τῆς
1536 1898 1659 1948 ἱερᾶς
1693 1896 1879 1950 φύσεως,
1910 1895 2066 1934 τουτέστι
2106 1895 2331 1948 φιλοσοφίας,

1283 1954 1526 2006 διδαχθέντας,
1546 1955 1604 1993 καὶ
1620 1954 1831 2002 ἀσκηθέντας
1847 1955 1891 1992 τὰ
1912 1952 2047 1993 δέοντα.
2107 1956 2181 2001 Τῆς
2201 1952 2236 1991 δὲ
2257 1969 2332 1992 κοι-

1281 2013 1405 2058 νωνίας
1438 2017 1506 2052 τῶν
1535 2014 1635 2052 θείων
1668 2014 1801 2067 ἀνδρῶν
1834 2012 1876 2052 εἴ
1891 2029 1934 2051 τι
1974 2013 2183 2065 μέτεστιν
2220 2017 2242 2059 ἡ
2257 2018 2330 2062 μῖν

1282 2072 1484 2122 δηλώσομεν
1507 2072 1730 2125 ἀντεχόμενοι
1746 2075 1813 2111 τῶν
1836 2074 2032 2113 σπουδαίων
2052 2072 2161 2126 ἔργων
2182 2071 2241 2110 καὶ
2259 2073 2329 2110 τῶν

167 2259 250 2294 quae
269 2246 310 2282 in
330 2247 457 2283 animo
480 2254 681 2283 versantur
698 2259 776 2284 esse
795 2249 997 2297 volebant,
1014 2250 1109 2297 ipsas
1128 2261 1218 2285 vero

163 2304 418 2354 cogitationes
435 2305 690 2355 intelligentes
706 2319 833 2343 rerum
865 2315 991 2344 mente
1012 2314 1217 2356 concepta*

165 2377 252 2400 rum
265 2365 447 2414 imagines
461 2365 664 2404 faciebant.
681 2366 806 2413 Quum
823 2368 922 2403 enim
936 2367 1081 2404 assidua
1091 2380 1217 2403 rerum

165 2424 462 2473 intelligibilium
475 2424 725 2461 meditatione
745 2437 876 2462 earum
896 2427 1219 2476 contemplatione

165 2483 301 2531 repleti
336 2489 480 2532 essent,
514 2489 629 2531 atque
663 2483 753 2520 inde
781 2485 1007 2521 notionibus
1034 2485 1219 2535 gravidati

166 2541 417 2591 parturirent,
439 2543 480 2577 in
500 2554 614 2578 voces
635 2543 820 2579 continuo
849 2551 1142 2592 prorumpentes
1177 2557 1219 2581 ea

166 2601 283 2638 rebus
302 2602 461 2638 nomina
480 2601 751 2650 imponebant,
775 2614 860 2650 quae
878 2603 955 2652 ipsa
973 2615 1068 2639 voce
1099 2610 1136 2639 et
1157 2603 1216 2638 lit·

165 2660 255 2695 teris
277 2659 325 2696 ad
346 2672 428 2696 eam
461 2660 693 2696 efferendam
716 2662 906 2710 assumtis,
930 2669 1114 2710 quantum
1135 2661 1218 2699 fieri

165 2719 314 2767 potuit,
333 2731 457 2756 rerum
474 2720 756 2756 nominatarum
776 2720 916 2757 formas
946 2721 1216 2771 depingerent,

165 2789 309 2825 eosque
327 2778 392 2825 qui
410 2778 472 2814 illa
492 2785 597 2815 recte
624 2779 883 2828 intelligerent
901 2778 949 2816 ad
977 2781 1075 2828 ipsas
1093 2793 1216 2817 rerum

166 2843 321 2872 naturas
352 2843 516 2873 attentos
550 2837 778 2884 redderent,
808 2839 859 2875 ita
887 2846 930 2875 ut
949 2838 1033 2875 finis
1062 2840 1217 2876 illorum

164 2898 496 2947 contemplationis
532 2899 763 2948 principium
794 2901 905 2937 nobis
944 2902 1218 2950 consequendae

166 2968 296 2992 rerum
316 2955 572 3006 intelligentiae
591 2957 713 2995 fieret.
737 2959 790 2995 Ita
811 2960 926 3008 igitur
944 2960 1075 2996 mundi
1093 2961 1219 3010 opifex

166 3015 214 3051 ab
239 3017 311 3052 illis
332 3016 421 3051 olim
456 3018 718 3064 quaternarius
746 3030 948 3064 numerus,
970 3031 1072 3055 nunc
1093 3027 1219 3056 autem

165 3075 314 3122 Jupiter
319 3083 438 3123 pater
453 3082 614 3124 propter
633 3087 693 3112 eas
714 3089 807 3124 quas
827 3077 989 3113 diximus
1009 3090 1139 3115 causas
1156 3091 1219 3128 ap-

167 3133 326 3180 pellatus
345 3139 410 3169 est.
425 3134 540 3181 Quod
561 3142 684 3171 autem
705 3136 752 3172 ab
775 3149 821 3172 eo
841 3136 912 3172 hac
928 3149 1042 3185 prece
1060 3138 1219 3190 petitur,

167 3190 301 3238 idjam
336 3193 512 3229 omnibus
539 3202 702 3243 propter
721 3194 798 3242 ejus
829 3196 1039 3232 bonitatem
1065 3197 1219 3235 abunde

168 3250 368 3298 praebitum
396 3259 469 3297 εει,
491 3265 560 3288 nos
580 3266 671 3290 vero
691 3261 918 3304 potestatem
951 3256 1134 3294 habemus
1155 3270 1219 3295 ac-

169 3308 337 3357 cipiendi
358 3310 461 3357 quod
479 3323 628 3360 semper
644 3313 690 3349 ab
712 3326 758 3350 eo
779 3314 906 3354 datur.
935 3314 1084 3352 Etenim
1106 3329 1220 3366 supe-

152 3368 246 3411 ,rius
266 3368 410 3405 dictum
431 3377 486 3406 est
506 3381 515 3408 τ

553 3439 714 3481 accingere
729 3440 768 3474 ad
782 3451 863 3484 opus

324 3482 403 3516 deos
423 3487 586 3541 precatps,

1241 2282 1246 2326 l

1281 2248 1372 2295 quia
1392 2248 1445 2282 illi
1466 2260 1663 2296 nunquam
1688 2260 1768 2284 non
1795 2247 1899 2284 bona
1920 2248 2147 2297 largiantur,
2170 2260 2241 2284 nos
2261 2260 2327 2284 au-

1281 2314 1355 2342 tem
1375 2318 1419 2342 ea
1439 2313 1519 2343 tum
1553 2307 1805 2355 accipiamus,
1830 2319 1947 2355 quum
1975 2306 2026 2342 ad
2052 2307 2217 2342 divinam
2237 2307 2328 2343 libe-

1279 2365 1467 2401 ralitatem
1502 2366 1639 2402 intenti
1673 2378 1819 2412 sumus;
1860 2378 1986 2414 neque
2028 2367 2128 2401 enim
2167 2366 2328 2415 accipiat

1277 2424 1441 2460 liberum
1458 2425 1671 2473 arbitrium,
1687 2425 1758 2460 nisi
1776 2426 1864 2461 velit
1890 2438 1973 2473 quae
2002 2437 2090 2460 vere
2109 2424 2211 2460 bona
2222 2433 2322 2463 sunt.

1278 2484 1367 2519 Haec
1388 2490 1513 2520 autem
1529 2490 1617 2520 sunt
1635 2484 1772 2520 veritas
1789 2490 1826 2520 et
1843 2485 1961 2519 virtus
1975 2511 1985 2529 ,
2006 2495 2088 2531 quae
2116 2483 2163 2519 ab
2186 2482 2325 2531 opifice

1278 2553 1392 2578 causa
1413 2549 1505 2578 ortae
1525 2554 1674 2591 semper
1702 2541 1916 2590 eodemque
1938 2541 2055 2589 modo
2075 2542 2251 2578 omnibus
2267 2543 2327 2577 af-

1277 2601 1436 2651 fulgent.
1470 2600 1545 2637 Sed
1577 2600 1651 2636 hoc
1689 2602 1804 2637 etiam
1832 2601 1920 2637 loco
1953 2613 2105 2637 carmen
2140 2601 2326 2649 postulat,

1279 2667 1459 2708 tanquam
1479 2660 1734 2696 necessarium
1758 2659 1852 2708 quid
1879 2660 1928 2697 ad
1955 2661 2054 2696 mala
2077 2660 2264 2707 sananda,
2285 2668 2329 2696 ut

1278 2726 1449 2755 nostram
1473 2726 1649 2755 naturam
1672 2719 1956 2768 intelligamu53
1975 2719 2049 2755 hoc
2066 2720 2169 2756 enim
2186 2719 2328 2769 signifi-

1279 2785 1339 2814 cat
1354 2777 1448 2813 illud
1460 2805 1469 2823 ‚
1487 2779 1594 2826 quali
1605 2781 1720 2825 genio
1740 2785 1905 2824 utantur,
1922 2778 1962 2814 id
1976 2785 2050 2823 est,
2069 2779 2173 2826 quali
2187 2779 2326 2815 animo.

1279 2836 1505 2883 Hujusmodi
1525 2849 1618 2872 vero
1637 2836 1686 2872 ad
1707 2849 1777 2873 nos
1808 2838 2098 2873 conversionem
2117 2838 2326 2873 necessario

1277 2895 1384 2943 sequi
1414 2893 1578 2930 affirmat
1600 2901 1638 2930 et
1670 2895 1860 2931 malorum
1889 2895 2073 2944 effugium
2090 2923 2101 2939 ,
2127 2895 2164 2931 et
2192 2908 2325 2931 eorum

1279 2965 1362 3001 quae
1389 2952 1437 2989 ad
1456 2952 1675 2989 felicitatem
1697 2965 1720 2990 a
1739 2955 1818 2990 Deo
1838 2954 2090 3002 porriguntur
2108 2953 2329 3003 patefactio-

1277 3024 1376 3058 nem,
1393 3014 1425 3048 A
1441 3011 1664 3049 conditione
1679 3014 1796 3063 igitur
1810 3012 2069 3062 proficiscitur
2081 3013 2155 3048 hoc
2170 3013 2326 3059 dictum,

1279 3075 1313 3107 si
1334 3083 1459 3107 onmes
1472 3071 1650 3119 videant,
1670 3073 1736 3120 qui
1759 3073 1833 3109 sint
1853 3079 1889 3109 et
1908 3073 2015 3121 quali
2030 3068 2144 3119 genio
2163 3079 2324 3117 utantur,

1278 3142 1405 3166 omnes
1422 3143 1447 3166 α
1461 3131 1574 3166 malis
1591 3132 1804 3170 lt‘berencur.
1831 3133 1914 3168 Hoc
1934 3139 2057 3168 autem
2075 3129 2157 3167 fieri
2179 3133 2326 3180 nequit.

1278 3190 1412 3237 Neque
1432 3189 1533 3225 enim
1549 3202 1679 3226 omnes
1699 3190 1809 3226 simul
1828 3196 1988 3238 possunt
2009 3190 2271 3238 philosophari
2292 3197 2329 3227 et

1280 3247 1384 3284 bona
1402 3249 1606 3297 accipere,
1633 3261 1716 3297 quae
1749 3261 1772 3285 a
1793 3251 1876 3285 Deo
1897 3248 1946 3284 ad
1973 3249 2059 3284 vitae
2091 3248 2209 3284 felicis
2234 3261 2329 3298 per-

1280 3306 1479 3344 fectionem
1496 3319 1646 3357 semper
1664 3308 1930 3345 conferuntur.
1950 3307 2051 3355 Quid
2066 3308 2181 3356 igitur
2199 3315 2325 3352 restat,

1279 3366 1350 3401 nisi
1370 3372 1413 3401 ut
1431 3367 1485 3401 illi
1503 3367 1574 3402 soli
1601 3368 1695 3403 bono
1724 3370 1853 3403 animo
1873 3379 1952 3402 esse
1971 3365 2152 3411 debeant,
2183 3364 2250 3413 qui
2279 3365 2327 3402 ad

1281 3424 1515 3474 disciplinam
1535 3426 1638 3461 illam
1657 3438 1693 3462 se
1711 3427 1925 3475 applicant,
1946 3438 2029 3473 quae
2042 3425 2201 3472 propria
2217 3424 2328 3460 nobis

1279 3483 1383 3519 bona
1410 3484 1596 3521 ostendit?
1623 3486 1703 3521 Hos
1724 3486 1823 3521 enim
1847 3484 1950 3520 solos
1968 3491 2071 3533 patet
2091 3485 2216 3529 malis,
2244 3496 2327 3532 quae
