2612 3814
289 297 361 330 ¹34

283 376 449 426 spondei
469 374 700 412 succedunt.
725 373 957 410 Placuerunt
973 378 1098 408 autem
1115 378 1240 421 poetae
1255 383 1350 420 prae-

283 444 342 474 ter
363 443 520 473 caeteros
535 446 668 471 versus
683 433 895 470 tetrametri
914 431 1102 468 trochaici
1118 431 1259 480 quibus
1281 431 1347 467 tri-

283 504 429 534 metros
459 495 646 532 iambicos
666 493 820 531 alternis
839 493 1040 530 immiscet.
1064 492 1134 528 His
1162 491 1348 527 accedunt

284 557 438 595 dimetri
456 563 495 592 et
515 554 725 591 tetrametri
743 552 985 601 anapaestici,
1006 563 1084 600 quo
1102 559 1227 587 metro
1250 557 1347 586 totas

281 615 491 654 comoedias
511 614 559 651 ab
581 625 627 650 eo
649 612 879 662 compositas
907 622 984 647 esse
1004 616 1161 647 testatur
1184 610 1348 658 Hephae>-

280 677 382 713 stion
401 688 440 725 p.
464 672 512 718 45
543 673 639 724 (13).

338 735 572 784 Comparare
590 732 865 782 Epicharmum
885 742 973 767 cum
1000 729 1123 765 atticae
1147 729 1346 766 comoediae

283 795 527 847 principibus
547 792 706 841 ejusque
734 792 895 827 virtutes
927 803 1015 826 cum
1035 790 1191 826 illorum
1210 797 1347 840 poeta·

283 870 373 894 rum
390 855 570 892 laudibus
593 851 828 889 contendere
847 863 927 887 non
948 857 1001 886 est
1022 850 1061 885 in
1081 851 1210 886 animo
1225 878 1234 896 ‚
1255 863 1303 899 qn
1335 872 1349 878 -

285 918 389 953 niam
413 915 635 952 uberiorem
653 914 728 949 hoc
749 924 864 960 quam
882 911 945 947 hic
967 911 1075 946 lucus
1098 923 1127 946 ει
1142 911 1198 959 pit
1218 911 1348 960 dispu-

284 978 471 1015 tationem
501 973 707 1011 desiderat.
743 973 790 1008 In
811 983 890 1020 quo
917 970 992 1006 hoc
1029 981 1187 1018 quoque
1216 982 1343 1018 perm-

282 1035 485 1075 commode
499 1032 660 1079 accidit,
674 1031 782 1081 quod
795 1031 903 1067 nulla
920 1029 1137 1078 Epicharmi
1155 1029 1348 1066 comoedia

282 1099 432 1146 integra
451 1094 501 1131 ad
533 1100 704 1129 nostram
729 1098 878 1128 aetatem
912 1089 1068 1136 mansit,
1097 1089 1149 1125 ita
1184 1096 1229 1125 ut
1263 1101 1348 1138 quae

285 1156 401 1193 fuerit
420 1167 501 1191 non
523 1159 673 1188 tantum
701 1151 938 1200 singularum
957 1149 1129 1198 partium
1148 1155 1347 1198 venustas,

283 1216 351 1253 sed
383 1221 508 1252 totum
533 1211 825 1262 compositionis
859 1209 1067 1246 artificium
1106 1209 1156 1245 sci
1172 1221 1203 1245 .e
1234 1209 1348 1245 nobis

283 1274 401 1313 hodie
421 1286 502 1311 non
519 1274 648 1311 liceat.
681 1271 728 1308 Id
747 1283 841 1307 vero
860 1281 976 1306 nemo
993 1269 1151 1318 negabit
1164 1298 1175 1316 ‚
1202 1269 1349 1305 etiamsi

281 1336 440 1385 puriore
455 1334 619 1371 dialecto
640 1330 673 1382 (1
683 1331 720 1381 4)
738 1331 873 1368 dorica
884 1330 1035 1367 Siculus
1052 1336 1158 1366 vates
1168 1342 1256 1366 usus
1271 1342 1348 1367 esse

283 1395 447 1440 dicatur,
467 1393 570 1429 hunc
592 1391 698 1428 attici
717 1390 904 1427 sermonis
924 1390 1084 1438 gratiam
1109 1396 1147 1425 et
1165 1402 1346 1426 venerem

282 1462 567 1506 poetarumque
583 1453 803 1490 Atticorum
823 1451 1053 1502 elegantiam
1070 1462 1151 1486 non
1167 1462 1346 1500 aequasse,

282 1516 496 1553 limatiores
515 1525 594 1550 esse
613 1512 879 1561 Aristophanis
899 1523 1014 1561 quam
1034 1509 1256 1559 Epicharmi
1274 1522 1348 1546 nu-

283 1586 436 1620 meros,
467 1579 508 1609 at
537 1572 813 1608 sententiarum
847 1571 1055 1621 gravitate,
1091 1570 1236 1619 ingenii
1262 1583 1350 1606 acu-

1371 506 1374 589 Ι

1370 690 1374 757 l

1371 1312 1376 1512 1

1154 281 1223 321 DE
1259 279 1584 320 EPICHARMO.

1493 368 1602 407 Atque
1619 364 1700 398 adeo
1717 365 1780 398 hoc
1797 366 2029 408 argumentum
2045 365 2212 405 erasissat
2227 372 2336 399 tamen
2356 374 2364 395 ι

1495 426 1611 451 verum
1631 425 1697 450 non
1714 417 1870 450 atticissat
1883 441 1894 459 ,
1918 417 1952 450 at
1967 416 2160 450 sicilissitat.

1410 501 1680 550 Dalecampius
1699 508 1803 538 certe
1822 500 1870 538 ad
1891 501 2064 538 Athenaei
2086 501 2151 537 lib.
2171 500 2230 539 IX
2250 513 2292 551 p.
2317 499 2408 549 373,
2423 502 2477 548 D,

1410 560 1594 598 Plautum
1615 572 1636 597 e
1652 560 1855 597 Menandri
1873 560 2046 598 Geminis
2067 561 2392 598 Menaechmorum
2414 573 2476 598 ar-

1409 627 1634 671 gumentum
1654 621 1829 657 sumsisse
1847 621 2010 670 putavit.
2032 621 2253 669 Utcumque
2276 627 2347 667 est,
2359 619 2477 669 hujus

1410 681 1548 718 fabulae
1568 680 1715 717 fontem
1730 681 1966 730 ignoramus,
1989 679 2107 728 Quod
2122 687 2251 717 autem
2273 681 2476 729 antiquita·

1412 742 1457 778 tis
1486 740 1748 778 studiosorum
1766 738 1917 787 judicia
1951 746 2103 776 secutus
2141 740 2325 777 Horatius
2347 740 2417 780 lib.
2438 740 2476 776 11

1410 801 1519 850 epist.
1546 799 1565 838 Ι
1584 812 1641 837 vs.
1667 798 1718 836 58
1741 799 1916 848 scripsit,
1935 799 2113 835 Plautum
2134 798 2185 835 ad
2213 800 2406 850 exemplar
2418 800 2479 838 si-

1409 861 1486 897 culi
1504 871 1718 910 properare
1751 859 1995 909 Epicharmi,
2025 871 2105 895 non
2138 870 2185 895 eo
2220 865 2368 908 spectat
2396 871 2477 908 quo

1406 921 1585 969 plerique
1621 920 1771 957 volunt.
1811 920 1946 967 Neque
1981 918 2083 955 enim
2118 917 2264 955 fabulas
2299 917 2381 966 ejus
2414 930 2480 956 ex·

1405 981 1541 1030 pressit
1560 980 1738 1026 Plautus,
1767 978 1834 1015 sed
1859 991 1932 1028 pro
1959 990 2003 1015 ea
2024 989 2103 1028 qua
2128 978 2310 1020 excelluit
2336 978 2483 1028 ingenii

1407 1040 1601 1076 celeritate
1621 1046 1660 1076 et
1687 1038 1952 1089 magnitudine
1989 1037 2129 1075 multas
2158 1036 2367 1075 comoedias
2394 1050 2484 1075 cum

1405 1099 1588 1150 singulari
1623 1098 1738 1135 laude
1771 1103 2043 1148 properanter,
2079 1105 2123 1134 ut
2160 1097 2316 1135 Graecus
2345 1104 2481 1146 poeta,

1408 1159 1642 1209 composuit.
1667 1160 1767 1208 Ergo
1789 1171 1870 1195 non
1888 1158 2124 1204 imitatione,
2142 1156 2210 1194 sed
2225 1163 2363 1194 natura
2382 1156 2483 1195 duce

1412 1216 1573 1255 Plautus
1598 1218 1764 1268 gloriam
1782 1218 2041 1268 Epicharmeae
2068 1217 2231 1254 similem
2257 1218 2485 1254 consecutus

1409 1287 1477 1316 est.

1465 1337 1687 1389 Epicharmi
1706 1337 1920 1388 fragmenta
1942 1336 2033 1373 inde
2053 1349 2075 1373 a
2093 1336 2235 1373 renatis
2253 1334 2393 1373 litteris
2411 1334 2482 1373 do·

1411 1400 1598 1436 missimus
1626 1398 1792 1448 quisque
1824 1397 1991 1433 maxima
2026 1408 2114 1433 cum
2142 1396 2343 1445 voluptate
2375 1395 2482 1446 legit.

1410 1460 1571 1495 Exstant
1590 1458 1712 1508 igitur
1727 1457 1809 1506 jam
1833 1457 1947 1493 multi
1971 1455 2052 1504 ejus
2073 1467 2205 1492 versus
2227 1455 2269 1491 in
2286 1455 2484 1492 sententiis

1412 1518 1663 1557 Comicorum
1699 1517 1870 1554 collectis
1909 1516 1957 1553 ab
1982 1517 2103 1554 Henr.
2136 1515 2350 1565 Stephano,
2375 1514 2480 1553 Guil.

1407 1578 1597 1627 Morello,
1625 1578 1708 1616 JaC.
1744 1577 1919 1613 Hertelio
1944 1582 1982 1612 et
2008 1575 2110 1625 Hug.
2133 1573 2294 1621 Grotio‚
2315 1575 2407 1612 item
2436 1573 2479 1613 in

284 1634 389 1671 mine
409 1640 447 1670 et
468 1632 652 1669 doctrinae
668 1632 891 1681 praestantia
911 1631 1189 1681 Epicharmum
1206 1632 1350 1667 caeteris
1410 1640 1532 1675 fleur,
1563 1638 1748 1687 Stephani
1781 1637 1890 1673 poesi
1921 1635 2205 1685 philosophica,
2246 1632 2325 1672 Sed
2345 1634 2481 1672 deerat

285 1692 463 1731 omnibus
483 1691 550 1740 qui
567 1704 653 1728 cum
672 1703 718 1728 eo
734 1691 779 1728 de
797 1691 925 1741 palma
943 1697 1093 1727 certant
1109 1690 1348 1739 superiorem
1373 1714 1376 1726 .
1408 1699 1565 1748 plenior
1582 1698 1839 1746 reliquiarum
1867 1693 2175 1748 θῇς-συναγωγή,
2194 1708 2311 1746 quam
2328 1696 2479 1746 primus

285 1766 378 1792 esse.
395 1753 495 1789 Nam
525 1751 669 1800 reliqui
696 1764 830 1788 omnes
858 1758 985 1801 poetae
1006 1751 1147 1787 comici
1175 1752 1349 1798 quamvis
1373 1792 1375 1802 Α

284 1812 464 1850 acerrimi
495 1811 682 1847 vitiorum
703 1811 1003 1860 reprehensore-s
1035 1809 1199 1856 fuerint,
1221 1816 1351 1846 tamen

283 1870 431 1908 indicio
470 1878 578 1917 sunt,
615 1877 760 1918 quanto
797 1870 948 1906 facilius
978 1870 1026 1905 sit
1065 1869 1350 1919 reprehendere

285 1943 401 1981 quam
422 1930 641 1968 emendare.
659 1930 851 1965 Nimirum
868 1937 947 1966 tam
966 1927 1205 1979 singulorum
1221 1930 1349 1966 hom‘·

284 2003 379 2028 num
402 2003 518 2040 quam
537 1989 766 2039 reipublicae
782 1991 877 2027 vitia
902 1996 941 2026 et
959 1990 1059 2026 mala
1077 1997 1226 2027 notasse
1253 2003 1349 2027 con-

287 2051 404 2097 tenti‚
425 2050 561 2087 tollere
593 2050 687 2086 vitia
718 2056 757 2086 et
786 2049 936 2086 mederi
964 2049 1072 2086 malis
1101 2050 1351 2086 consiliorum

284 2110 454 2147 bonitate
469 2116 831 2159 praecep-torumque
846 2107 1028 2145 firmitate
1055 2121 1255 2158 nunquam
1271 2118 1351 2146 stu-

286 2169 468 2207 duerunt.
488 2169 582 2217 Quae
599 2165 721 2217 quuin
741 2169 797 2205 ita
816 2169 913 2215 sint,
937 2167 1188 2217 Epicharmus
1206 2171 1352 2206 meritis

285 2228 465 2266 laudibus
494 2241 516 2265 a
550 2228 709 2264 Platone
737 2235 776 2264 et
803 2228 1007 2264 Aristotele
1039 2228 1254 2265 celebratus
1280 2236 1348 2268 est.

285 2290 391 2325 Inter
420 2289 620 2325 Romanos
662 2300 752 2324 cum
783 2288 850 2325 alii
882 2288 1013 2326 Siculo
1043 2295 1131 2325 vate
1170 2289 1351 2327 delectati

284 2348 479 2395 videntur,
499 2356 581 2385 tum
602 2349 765 2396 Plautus·
788 2349 856 2398 qui
875 2361 974 2385 unus
988 2348 1107 2386 hodie
1129 2357 1302 2399 superest
1331 2363 1351 2387 e

287 2409 528 2446 comicorum
559 2409 771 2445 latinorum
805 2410 1040 2458 coryphaeis,
1071 2410 1112 2445 iu
1136 2423 1215 2459 quo
1246 2411 1350 2447 illam

288 2469 454 2518 antiquae
476 2476 514 2505 et
531 2469 748 2505 vernaculae
767 2468 983 2506 festivitatis
1002 2470 1207 2519 imaginem
1225 2471 1345 2520 possi—

280 2541 371 2565 mus
391 2540 611 2578 agnoscere.
637 2529 772 2577 Neque
791 2536 918 2565 tamen
933 2530 1014 2579 ipse
1033 2541 1196 2578 usquam
1213 2529 1354 2568 diserte

279 2595 465 2634 testatur,
489 2600 528 2624 se
559 2588 782 2637 Epicharmi
804 2589 950 2627 fabulas
965 2590 1027 2627 vel
1055 2589 1227 2628 studiose
1246 2592 1333 2628 lecti
1341 2612 1353 2621 ·

290 2654 386 2685 tasse
410 2647 474 2684 vel
511 2648 703 2695 imitatum
725 2661 816 2688 esse.
841 2650 1042 2687 Falluntur
1073 2650 1174 2687 enim
1211 2651 1280 2700 qui
1306 2664 1351 2688 eo

291 2707 463 2744 referunt
490 2707 609 2744 verba
641 2719 662 2744 e
710 2709 1032 2746 Menaechmorurr
1080 2711 1248 2760 prologo
1301 2724 1351 2746 vs.

298 2781 310 2803 1
325 2779 418 2804 1-12
442 2779 450 2802 :

338 2916 403 2957 (13)
426 2916 637 2958 Hephaestion
656 2925 688 2958 p.
703 2919 744 2950 45
766 2934 773 2950 ;
790 2918 871 2960 Παρ’
896 2919 1083 2962 Ἐπιχάρμῳ
1103 2921 1135 2958 ὃς
1149 2922 1204 2954 καὶ
1223 2922 1281 2954 ὅλα
1297 2922 1353 2954 δύο

286 2964 558 3046 ’ῗὲἃῗῖᾄντούτῳ
576 2967 622 3007 τῷ
642 2965 744 3007 μέτρῳ
762 2966 896 3008 γέγραφε
914 2967 987 3004 τοὺς
1005 2968 1196 3009 Χορεύονταε
1225 2971 1279 3002 καὶ
1300 2969 1355 3003 τὸν

1414 1759 1460 1796 fl.
1495 1759 1539 1794 P.
1576 1758 1839 1794 Krusemanus
1867 1755 2039 1793 Harlemi
2075 1755 2177 1802 1834
2213 1755 2352 1795 edidit.
2390 1753 2483 1793 Post

1408 1817 1512 1853 hune
1539 1819 1654 1855 δεῖν.
1677 1816 1908 1865 Ludolphus
1934 1815 2144 1853 Ahrensius
2178 1815 2221 1851 in
2253 1813 2485 1864 Appendice

1410 1877 1499 1912 lieri
1523 1877 1571 1914 de
1589 1875 1757 1913 dialecto
1785 1875 1922 1912 dorica
1944 1875 2139 1924 Gottingae
2171 1872 2271 1918 1843
2297 1874 2486 1924 divulgati

1411 1950 1498 1973 cum
1538 1937 1620 1973 aliis
1647 1937 1775 1986 poetis
1807 1935 1952 1973 doricis
1980 1934 2256 1984 Epicharmum
2270 1934 2480 1972 recensuit.

1411 1996 1562 2033 Eodem
1596 2003 1773 2046 tempore
1808 1995 2022 2033 Meinekius
2049 1996 2090 2031 in
2127 1994 2485 2033 Exercitationibus

1410 2056 1659 2107 philologieis
1688 2056 1830 2106 quibus
1859 2055 1966 2093 haud
1995 2067 2141 2105 paucos
2168 2053 2343 2092 Athenaei
2379 2055 2488 2092 locos

1413 2131 1557 2168 eosque
1566 2118 1662 2154 mire
1674 2116 1905 2165 depravatos
1920 2116 2088 2152 correxit
2103 2115 2238 2152 utilem
2246 2114 2487 2164 Epicharmo

1415 2190 1574 2227 operam
1597 2177 1767 2215 navavit.
1787 2176 1857 2212 His
1876 2175 2063 2212 doctrinae
2083 2173 2262 2211 subsidiis
2277 2174 2486 2211 instructus

1412 2249 1557 2273 novam
1577 2248 1761 2273 versuum
1778 2234 1860 2282 ejus
1878 2234 2141 2271 recensionem
2167 2244 2365 2282 aggressus
2378 2245 2477 2271 sum.

1414 2296 1547 2344 ltaque
1577 2293 1762 2332 consultis
1778 2294 1922 2343 ubique
1938 2300 2114 2330 veterum
2142 2292 2416 2340 monumentis,
2437 2292 2478 2329 in

1414 2355 1556 2405 quibus
1582 2362 1708 2406 poetae
1731 2354 1945 2403 fragmenta
1966 2354 2160 2402 leguntur,
2192 2352 2482 2402 emendatisque

1414 2428 1497 2464 quae
1525 2422 1710 2465 corrupta
1725 2414 1893 2451 necdum
1911 2414 1959 2450 ab
1985 2413 2068 2450 aliis
2097 2419 2227 2449 sanata
2252 2418 2363 2449 erant
2383 2413 2480 2462 Epi-

1416 2476 1631 2521 charmum,
1651 2481 1838 2524 quantum
1857 2473 1952 2510 mihi
1971 2473 2104 2519 licuit,
2120 2472 2270 2509 restitui
2290 2479 2329 2509 et
2345 2472 2484 2514 earmi-

1415 2548 1467 2571 na
1484 2533 1566 2583 ejus
1582 2535 1700 2571 latine
1719 2535 1994 2583 interpretatus
2010 2545 2107 2570 sum.
2124 2532 2313 2570 Caeterum
2333 2531 2487 2569 Ahren-

1416 2596 1463 2631 sii
1490 2589 1669 2645 exemplo
1697 2595 1887 2645 pleraque
1918 2593 2109 2630 vocabula
2127 2593 2168 2628 in
2201 2590 2261 2628 his
2285 2591 2488 2628 versiculis

1415 2654 1552 2691 dorico
1571 2662 1734 2691 accentu
1752 2655 1888 2691 notavi
1908 2654 1955 2690 iis
1983 2653 2153 2702 exceptis
2170 2664 2255 2701 quae
2274 2651 2337 2688 vel
2362 2650 2481 2688 dubia

1414 2721 1502 2748 sui-t.
1520 2725 1532 2737 ¹
1546 2722 1577 2749 e'
1598 2713 1647 2749 ab
1671 2714 1902 2762 Epicharmo
1925 2713 2144 2750 Atticorum
2171 2724 2281 2749 more
2299 2723 2480 2760 pronun·-

1415 2772 1507 2808 tiata
1527 2772 1721 2812 videntur.

1459 2921 1525 2962 (14)
1540 2921 1745 2955 Jamblichus
1758 2919 1815 2952 vit.
1834 2920 1930 2962 Pytli.
1948 2921 2006 2953 241
2024 2928 2033 2949 t
2048 2920 2111 2953 Τὸν
2127 2918 2324 2962 Ἐπίχαρμον
2339 2921 2402 2951 τῶν
2415 2918 2481 2950 δια·

1417 2967 1537 3001 Mum
1557 2968 1687 3011 ἀρίστην
1709 2967 1878 3010 λαμὸάνειν
1895 2969 1950 3007 τήν
1968 2967 2104 3010 Δωρίδα.
