2612 3814
903 289 1377 331 PYTHAGOREORUM
1406 290 1685 338 RELlQUlAE.

206 381 355 434 μόσθαι,
376 379 455 420 καθ’
469 379 618 419 ἕκαστον
639 377 675 418 δὲ
688 379 739 433 τῷ
758 378 819 417 καὶ
835 377 880 418 τὰ
899 374 991 418 κατὰ
1010 378 1112 431 μέρος
1131 377 1263 418 ποττὰν

206 440 317 480 αὐτὰν
347 439 518 492 ἁρμονίαν
571 454 609 478 τε
648 438 710 477 καὶ
748 437 939 491 ἁγεμονίαν
972 437 1264 491 συναρμόζεσθαι.

206 499 291 541 Ἔτι
308 499 338 538 δ’
359 501 394 539 ἐν
411 500 462 552 τῷ
480 496 579 537 ποιὲν
600 490 639 536 εὗ
656 496 717 536 καὶ
741 497 921 550 εὖεργετὲν
938 496 1007 542 τὼς
1027 495 1267 550 ὑποτεταγμέ-

204 574 271 603 νως
288 561 306 598 ὁ
332 556 499 611 βασιλεύς
536 558 629 596 ἐντι·
655 560 767 595 ταῦτα
798 557 827 595 δ’
859 558 920 596 οὐκ
942 557 1022 595 ἄνευ
1043 555 1266 600 δικαιοσύνας

204 618 266 657 καὶ
280 617 393 669 νόμω.
451 615 506 657 Τό
526 632 566 668 γε
587 615 658 668 μὰν
679 615 796 669 τρίτον
809 647 820 666 ,
841 615 935 667 λέγω
962 615 998 655 δὲ
1018 615 1058 654 τὸ
1076 613 1264 669 θεραπεύεν

205 678 273 723 τὼς
296 676 403 726 θεώς,
440 676 614 730 βασιλέως
642 675 818 721 ἀντάξιον.
877 676 942 716 Δεῖ
969 674 1038 729 γὰρ
1062 674 1101 713 τὸ
1122 674 1265 727 ἄριστον

205 736 273 776 ὑπὸ
292 739 344 776 τῶ
371 735 506 790 ἀρίστω
527 738 720 787 τιμᾶσθαι,
748 734 868 775 καὶτὸ
895 733 1086 787 ἆγεμονέον
1115 733 1184 773 ὑπὸ
1213 736 1264 773 τῶ

211 794 476 848 ἆγεμονεόντος.
535 797 618 835 Τῶν
649 794 712 847 μὲν
738 788 785 834 ῶν
813 795 895 849 φύσι
927 793 1152 846 τιμιωτάτων
1179 793 1265 846 ἄρι-

205 858 324 895 στονὸ
358 854 451 904 θεός,
479 857 548 894 τῶν
573 854 609 894 δὲ
645 854 725 907 περὶ
747 860 814 906 γᾶν
845 854 906 893 καὶ
931 853 1000 898 τὼς
1030 853 1221 907 ἀνθρώπως
1248 855 1266 891 6

205 915 386 967 βασιλεύς.
443 913 549 968 Ἔχει
569 914 605 953 δὲ
629 914 691 953 καὶ
711 916 758 958 ὡς
778 912 852 958 θεὸς
874 913 957 953 ποτὶ
993 912 1126 964 κόσμον
1161 915 1263 959 βασι-

203 973 282 1020 λεὺς
302 975 385 1015 ποτὶ
403 974 506 1013 πόλιν
522 1003 533 1023 ,
551 974 611 1013 καὶ
643 975 689 1018 ὣς
710 974 810 1018 πόλις
838 973 920 1013 ποτὶ
944 972 1076 1024 κόσμον
1100 972 1263 1024 βασιλεὺς

203 1035 285 1074 ποτὶ
305 1033 393 1074 θεόν.
451 1033 489 1073 ‘A
510 1033 573 1085 μὲν
587 1033 655 1087 γὰρ
675 1033 775 1078 πόλις
795 1035 835 1072 ἔκ
850 1034 989 1072 πολλῶν
1006 1031 1065 1070 καὶ
1087 1032 1266 1085 διαφερόν-

203 1111 274 1133 των
301 1097 585 1148 συναρμοσθεῖσα
620 1092 746 1140 κόσμω
786 1091 946 1137 σύνταξιν
985 1092 1046 1131 καὶ
1092 1092 1264 1143 ἁρμονίαν

205 1153 430 1205 μεμίμαται,
459 1154 477 1191 6
498 1151 532 1191 δὲ
556 1151 721 1205 βασιλεὺς
753 1150 867 1205 ἀρχὰν
891 1150 983 1204 ἔχων
1006 1149 1264 1202 ἀνυπεύθυνον,

203 1216 264 1252 καὶ
285 1213 389 1257 αὐτὸς
409 1213 458 1252 ὢν
484 1213 593 1264 νόμος
619 1212 800 1266 ἔμψυχος,
822 1210 895 1255 θεὸς
915 1212 950 1249 ἐν
971 1209 1165 1263 ἀνθρώποις
1193 1225 1266 1248 πα-

206 1272 506 1327 ρεσχαμάτισται.

260 1331 372 1372 (Όθεν
405 1331 458 1370 δεῖ
483 1329 543 1369 τὸν
568 1329 717 1383 βασιλέα
747 1328 796 1381 μὴ
831 1331 1032 1384 νενικῆσθαι
1063 1327 1118 1381 ὑφ’
1140 1327 1267 1372 ἁδονᾶς

205 1384 284 1424 ἀλλ’
306 1386 411 1424 αὐτὸν
430 1386 530 1432 νικῆν
549 1383 684 1422 ταύταν
699 1413 709 1431 ,
733 1383 818 1434 μηδ’
838 1381 957 1434 ὅμοιον
974 1386 1064 1433 ἠμεν
1092 1382 1162 1424 τοῖς
1178 1383 1267 1420 πολ-

206 1444 279 1489 λοῖς
295 1444 385 1483 ἀλλὰ
410 1443 468 1482 ἐπὶ
487 1442 617 1482 πολλὸν
649 1441 860 1495 διαφέροντα
880 1440 1035 1489 τούτων,
1065 1441 1147 1491 μηδ’
1167 1440 1267 1493 ἔργον

205 1504 367 1556 ἇγεῖσθαι
387 1501 451 1542 τὰν
473 1501 604 1542 ἁδονὰν
632 1501 726 1541 ἀλλὰ
749 1503 885 1552 μᾶλλον
920 1502 983 1540 τὰν
1005 1500 1241 1551 ἀνδραγαθίαν
1257 1516 1265 1524 ·

205 1561 282 1614 ἅμα
303 1562 341 1602 δὲ
361 1562 420 1602 καὶ
442 1561 577 1615 πρέπον
598 1560 658 1601 τὸν
694 1560 822 1614 ἑτέρων
857 1560 964 1615 ἅρχεν
990 1559 1168 1613 χρῄζοντα
1196 1561 1265 1597 τῶν

206 1621 373 1662 αὖταύτω
402 1621 543 1661 παθέων
569 1618 707 1674 πρᾶτον
741 1620 911 1659 δύνασθαι
934 1620 1055 1673 ἆρχεν.
1114 1618 1206 1670 Περί
1226 1635 1264 1670 γε

206 1682 277 1733 μὰν
298 1689 360 1727 τᾶς
380 1680 606 1726 πλεονεκτίας
628 1680 685 1720 ὅδε
707 1679 812 1732 λόγος
825 1696 834 1705 ·
859 1680 910 1719 δεῖ
929 1679 997 1732 γὰρ
1019 1680 1052 1723 ἐς
1076 1682 1181 1717 τοῦτο
1202 1694 1268 1717 πε-

204 1745 340 1782 πᾶσθαι
356 1740 401 1781 τὰ
422 1741 593 1795 χρήματα
614 1739 709 1780 ὥστε
730 1740 840 1793 φίλως
866 1738 1044 1793 εὗεργετὲν
1061 1739 1121 1777 καὶ
1141 1737 1267 1791 δεομέ-

203 1817 271 1846 νως
300 1800 552 1853 ὖπολαμὸοίνεν
586 1799 647 1840 καὶ
668 1798 804 1853 ε’χθρὼς
830 1798 866 1838 δὲ
899 1798 988 1849 μετὰ
1010 1797 1107 1842 δίκας
1136 1798 1265 1849 ἀμύνε-

205 1864 304 1901 σθαι·
327 1859 454 1900 ἇδίστα
474 1859 543 1913 γὰρ
564 1860 586 1899 ἆ
622 1861 700 1912 μετ’
729 1860 857 1912 ἀρετᾶς
878 1858 1073 1902 ἀπόλαυσις
1089 1863 1150 1901 τᾶς
1172 1857 1268 1895 εὐτυ-

204 1918 300 1973 χίας.
360 1918 406 1960 Ὁ
428 1918 456 1957 δ’
474 1919 578 1963 αὐτὸς
597 1918 726 1973 τρόπος
743 1918 803 1957 καὶ
831 1917 891 1958 ἐπὶ
911 1923 975 1962 τᾶς
1001 1920 1198 1970 ὓπεροχᾶς·
1217 1917 1267 1954 δεῖ

203 1980 273 2034 γὰρ
300 1978 544 2032 καθυπερέχεν
577 1978 646 2023 τὼς
678 1979 795 2022 ἄλλως
830 1979 939 2031 ἀρετᾷ·
966 1976 1026 2015 καὶ
1065 1975 1267 2015 κατταύταν

204 2037 299 2083 ἄξιον
317 2037 498 2091 κρίνεσθαι
513 2039 564 2075 τῶ
585 2037 712 2091 ἄρχεν,
730 2036 822 2076 ἀλλὰ
847 2036 897 2085 μὴ
926 2036 1053 2074 καττὸν
1076 2037 1226 2074 πλοῦτον
1244 2035 1266 2081 ἢ

203 2097 266 2136 τὰν
286 2097 434 2150 δύναμιν
453 2095 476 2144 ἢ
495 2097 557 2135 τὰν
580 2096 703 2152 ῥώμαν
726 2096 790 2137 τὰν
821 2099 891 2136 τῶν
912 2094 1029 2135 δ’πλων
1043 2112 1050 2120 ·
1069 2095 1086 2134 ὃ
1108 2094 1171 2147 μὲν
1198 2095 1265 2148 γάρ

2306 306 2382 340 533

1327 393 1360 416 τι
1377 377 1492 417 κοινόν
1511 379 1582 417 ἐντι
1599 378 1659 418 καὶ
1680 381 1749 417 τῶν
1769 379 1944 431 τυχόντων
1957 382 1999 432 ,ὃ
2021 383 2057 421 δὲ
2086 384 2199 424 κοινὸν
2232 386 2291 425 καὶ
2314 390 2382 427 τῶν

1328 437 1464 491 ἀλόγων
1490 438 1608 491 ζῴων,
1637 437 1655 477 ὃ
1681 437 1717 477 δὲ
1751 439 1865 478 κοινὸν
1895 441 1955 479 καὶ
1975 444 2044 481 τῶν
2070 444 2273 497 τυράννων,
2305 447 2323 487 ὃ
2347 449 2382 486 δὲ

1327 497 1431 547 μόνον
1446 497 1532 536 ἴδιον
1554 499 1624 535 τῶν
1645 499 1786 550 ἀγαθῶν
1805 499 2011 551 ἀνθρώπων.
2070 502 2187 542 τὨστε
2207 507 2301 550 ὅστις
2322 509 2383 559 βα·

1327 556 1442 601 σιλεὺς
1458 557 1607 611 σώφρων
1628 557 1691 609 μέν
1707 558 1778 596 ἐντι
1797 558 1878 612 περὶ
1898 559 1961 603 τὰς
1980 560 2124 611 ἁδονοίς,
2140 565 2387 610 κοινωνατικὸς

1327 615 1363 654 δὲ
1379 616 1461 669 περὶ
1481 616 1529 656 τὰ
1548 615 1720 670 χρήματα
1733 648 1742 665 ,
1758 617 1923 670 φρόνιμος
1941 618 1976 657 δὲ
1997 620 2057 658 καὶ
2086 622 2194 666 δεινὸς
2221 624 2302 677 περὶ
2321 624 2384 663 τὰν

1327 675 1454 728 ἀρετάν
1467 705 1478 727 ,
1500 670 1598 721 οῧτός
1612 678 1645 714 κ’
1661 675 1715 724 εἴη
1737 677 1870 716 καττὰν
1887 678 2044 732 ἀλάθῃαν
2061 682 2238 732 βασιλεύς.
2280 681 2386 736 Ἔχει

1326 734 1363 773 δὲ
1384 734 1446 786 καὶ
1466 738 1484 774 6
1509 736 1618 784 δᾶμος
1642 738 1710 774 τῶν
1738 736 1872 788 μερέων
1894 743 1957 782 τᾶς
1986 741 2036 777 τῶ
2057 740 2231 793 ἀνθρώπω
2263 744 2380 795 ψυχᾶς

1326 788 1391 827 τὰν
1413 789 1603 841 ἀναλογίαν
1622 788 1755 829 ταύταν
1777 792 1845 828 τῶν
1863 793 2002 842 ἀγαθῶν
2022 793 2081 832 καὶ
2102 796 2171 832 τῶν
2194 789 2338 834 κακῶνῖ
2360 798 2382 835 ἆ

1329 847 1392 899 μὲν
1412 848 1481 902 γὰρ
1499 848 1706 887 πλεονεκτία
1737 848 1870 900 γίνεται
1890 850 1972 903 περὶ
2000 850 2040 889 τὸ
2070 852 2257 904 ἆγεόμενον
2283 855 2386 908 μέρος

1326 913 1388 952 τᾶς
1420 910 1558 962 ψυχᾶς,
1589 908 1715 959 λογικὰ
1735 909 1803 962 γὰρ
1824 910 1846 948 ἁ
1867 910 2056 961 ἐπιθυμία·
2093 913 2116 951 ἆ
2140 913 2176 951 δὲ
2203 915 2386 967 φιλοτιμία

1325 967 1386 1005 καὶ
1403 967 1567 1020 θηριότας
1588 967 1669 1022 περὶ
1690 967 1730 1006 τὸ
1747 968 1944 1019 θυμοειδές,
1965 973 2069 1010 τοῦτο
2088 970 2156 1024 γὰρ
2176 972 2216 1011 τὸ
2235 973 2309 1019 ζέον
2326 975 2387 1013 καὶ

1331 1026 1522 1077 δυναμικὸν
1544 1025 1648 1080 μέρος
1675 1032 1737 1071 τᾶς
1763 1028 1900 1080 ψυχᾶς·
1922 1028 1945 1066 ἁ
1972 1029 2008 1068 δὲ
2038 1031 2223 1084 φιλαδονία
2248 1035 2328 1086 περὶ
2347 1034 2387 1073 τὸ

1330 1086 1603 1137 ἐπιθυματικόν,
1621 1090 1723 1125 τοῦτο
1744 1087 1813 1140 γὰρ
1829 1087 1869 1126 τὸ
1887 1090 1973 1136 θῆλυ
1991 1089 2051 1128 καὶ
2074 1090 2175 1143 ὑγρὸν
2201 1091 2305 1145 μέρος
2325 1100 2388 1138 τᾶς

1326 1148 1461 1200 ψυχᾶς·
1483 1147 1505 1185 ἆ
1523 1146 1560 1185 δέ
1581 1162 1620 1198 γε
1639 1146 1758 1185 ἀδικία
1772 1148 1978 1188 τελειοτάτα
1999 1150 2108 1188 κακία
2139 1150 2199 1190 καὶ
2228 1151 2387 1196 σύνθετος

1326 1208 1416 1245 ἐᾶσα
1428 1206 1509 1260 περὶ
1520 1206 1604 1246 ὅλαν
1618 1206 1752 1258 γίνεται
1770 1207 1834 1245 τὰν
1854 1208 1989 1261 ψυχάν.
2008 1209 2118 1249 “Οθεν
2134 1213 2180 1252 ὡς
2195 1209 2305 1263 λύραν
2327 1213 2385 1250 καὶ

1326 1266 1429 1305 πόλιν
1452 1266 1714 1318 εὐνομευμέναν
1736 1268 1788 1305 δεῖ
1820 1268 2110 1321 συναρμόσασθαι
2135 1271 2285 1323 βασιλέα
2308 1271 2386 1323 ὅρον

1327 1324 1548 1365 δικαιότατον
1572 1325 1633 1364 καὶ
1652 1325 1750 1378 νόμω
1773 1326 1869 1371 τάξιν
1894 1330 1928 1366 ἐν
1946 1329 2043 1380 αὑτῷ
2061 1335 2194 1381 πρᾶτον
2211 1345 2389 1368 καταστα-

1328 1383 1503 1433 σᾶμενον,
1520 1385 1638 1424 εἰδότα
1661 1385 1750 1423 διότι
1774 1387 1824 1423 τῶ
1848 1386 2020 1435 πλάθεος,
2041 1382 2069 1426 ῶ
2103 1383 2261 1428 δέδωκεν
2281 1392 2298 1427 6
2316 1389 2389 1433 θεὸς

1329 1446 1426 1497 αὐτῷ
1443 1443 1508 1483 τὰν
1525 1444 1738 1496 ἇγεμονίαν,
1760 1445 1782 1483 ἁ
1804 1445 2010 1499 συναρμογὰ
2031 1448 2109 1486 ποτ’
2128 1448 2230 1487 αὐτὸν
2257 1449 2388 1501 ὀφείλει

1328 1508 1640 1558 συναρμοσθῆμεν.
1698 1504 1792 1543 Ποτὶ
1817 1505 1853 1544 δὲ
1885 1511 1955 1549 τοῖς
1983 1508 2227 1559 ἀγορευμένοις
2254 1509 2304 1546 δεῖ
2328 1507 2389 1546 καὶ

1329 1562 1446 1607 θέσιας
1477 1563 1537 1602 καὶ
1559 1562 1651 1608 ἕξιας
1685 1563 1902 1617 ἐπιπρεπέας
1938 1565 2141 1604 ἐπιταδεύεν
2169 1565 2228 1604 τὸν
2259 1565 2389 1617 ἀγαθὸν

1332 1622 1481 1673 βασιλέα
1494 1652 1504 1671 ,
1527 1623 1718 1666 πολιτικῶς
1740 1623 1844 1662 αὑτὸν
1860 1623 2067 1663 πλάσσοντα
2088 1625 2149 1663 καὶ
2168 1641 2389 1677 πραγματω-

1330 1681 1436 1731 δέως,
1460 1681 1553 1726 ὅπως
1579 1681 1669 1733 μήτε
1689 1682 1822 1735 τραχὺ(
1843 1682 2010 1736 φαίνηται
2029 1685 2101 1728 τοῖς
2129 1685 2280 1724 πλοίθεσι
2302 1685 2389 1736 μήτ’

1329 1741 1657 1795 εὐκαταφρόνατος,
1693 1741 1785 1780 ἀλλὰ
1820 1741 1882 1781 καὶ
1916 1741 1999 1786 ἁδὺς
2028 1742 2089 1781 καὶ
2121 1743 2386 1797 ἀμφιστραφής.

1327 1799 1499 1844 Τεύξεται
1521 1799 1556 1838 δὲ
1574 1799 1727 1851 τούτων,
1743 1800 1828 1839 αἴκα
1845 1806 1979 1852 πρᾶτον
2001 1801 2063 1850 μὲν
2085 1802 2208 1854 σεμνὸς
2228 1797 2251 1853 ἦ
2272 1803 2332 1842 καὶ
2349 1805 2388 1842 ἐκ

1330 1861 1379 1897 τῶ
1400 1857 1470 1897 ἷδὲν
1493 1859 1553 1897 καὶ
1574 1861 1613 1898 ἐκ
1633 1862 1683 1898 τῶ
1706 1862 1853 1899 ἀκοῦσαι
1882 1860 1943 1898 καὶ
1963 1862 2002 1899 ἐκ
2022 1863 2071 1899 τῶ
2092 1861 2186 1907 ἄξιος
2205 1862 2388 1916 ἐπιφαίνε-

1329 1922 1410 1957 σθαι
1428 1923 1492 1961 τᾶς
1508 1920 1622 1971 ἀρχᾶς
1633 1949 1643 1967 ‚
1664 1919 1823 1972 δεύτερον
1840 1918 1876 1958 δὲ
1892 1919 2047 1972 χρηστὸς
2066 1920 2125 1958 καὶ
2141 1922 2180 1959 ἐκ
2196 1926 2258 1965 τᾶς
2273 1921 2389 1960 ἐντεύ-

1329 1976 1395 2022 ξιος
1409 1975 1470 2014 καὶ
1481 1978 1519 2015 ἐκ
1534 1984 1596 2021 τᾶς
1606 1976 1831 2031 ποτιέλέψιος
1842 1978 1903 2016 καὶ
1918 1982 1957 2018 ἐκ
1972 1985 2033 2023 τᾶς
2045 1980 2257 2032 εὐεργεσίας,
2271 1980 2386 2033 τρίτον

1329 2035 1365 2074 δὲ
1382 2035 1488 2080 δεινὸς
1507 2035 1567 2074 καὶ
1589 2038 1627 2075 ἐκ
1646 2042 1709 2082 τᾶς
1732 2038 1986 2090 μισοποναρίας
2000 2039 2060 2077 καὶ
2078 2041 2117 2078 ἐκ
2143 2047 2205 2083 τᾶς
2225 2041 2389 2084 κολάσιος

1328 2093 1388 2133 καὶ
1405 2095 1444 2133 ἔκ
1463 2100 1526 2139 τᾶς
1547 2095 1775 2148 ἐπιταχύσιος
1795 2096 1855 2136 καὶ
1874 2096 1962 2141 ὅλως
1981 2098 2020 2136 ἐκ
2046 2104 2109 2142 τᾶς
2129 2098 2313 2152 ἐμπειρίας
2328 2099 2388 2138 καὶ

203 2246 360 2280 virtutem
398 2255 509 2280 secum
553 2246 765 2288 reputaverit.
812 2245 1033 2285 Quamobrem
1058 2253 1187 2278 necesse
1218 2246 1267 2277 est

203 2306 384 2348 perlectum
408 2315 516 2347 regem
540 2308 573 2339 et
598 2306 724 2339 bonum
740 2305 818 2338 belli
847 2305 964 2338 ducem
986 2313 1056 2338 esse
1077 2305 1109 2337 et
1125 2303 1266 2345 judicem

204 2369 237 2402 et
257 2368 461 2400 sacerdotem
485 2381 493 2400 :
511 2367 583 2400 haec
599 2367 687 2400 enim
706 2367 788 2408 regis
810 2366 1038 2399 excellentiam
1061 2367 1094 2398 et
1109 2365 1263 2398 virtutem

205 2429 272 2460 tam
287 2427 483 2459 comitantur
495 2435 595 2468 quam
611 2426 740 2458 ornant.
785 2425 1018 2458 Gubernatoris
1034 2424 1121 2458 enim
1136 2425 1187 2457 est
1204 2432 1261 2455 na-

208 2492 282 2518 vem
298 2494 446 2526 servare,
470 2486 594 2526 aurigae
614 2493 746 2517 currum
762 2507 772 2524 ‚
804 2484 921 2517 medici
942 2487 1098 2525 aegrotos,
1126 2483 1208 2525 regis
1236 2487 1269 2515 et

206 2545 281 2578 belli
295 2545 386 2578 ducis
398 2553 454 2578 eos
466 2545 520 2585 qui
541 2545 574 2577 in
589 2544 674 2577 bello
688 2543 924 2586 periclitantur.
971 2544 1164 2583 cuicunque
1182 2542 1267 2575 enim

209 2604 254 2637 rei
273 2604 393 2646 aliquis
412 2605 551 2646 praeest,
575 2603 677 2645 huius
705 2603 802 2636 etiam
819 2603 952 2636 curator
969 2603 1001 2635 et
1028 2602 1269 2634 administrator

209 2661 360 2694 habetur.
407 2661 507 2702 Atqui
533 2660 681 2701 iudicare
697 2668 810 2693 causas
831 2660 864 2693 et
883 2659 961 2693 dare
974 2660 1028 2701 ius
1046 2668 1121 2692 cum
1136 2668 1269 2700 genera-

209 2721 269 2753 tim
285 2720 460 2760 omnibus,
483 2721 556 2753 tum
575 2719 756 2761 unicuique
786 2718 973 2760 singulatim
997 2719 1082 2759 regis
1102 2719 1269 2761 proprium

206 2782 254 2813 est
274 2780 311 2813 ut
327 2779 378 2812 dei
395 2779 427 2812 in
446 2779 570 2813 mundo
589 2779 682 2820 quus
695 2779 761 2811 dux
776 2779 810 2812 et
827 2787 946 2820 proeses
958 2778 1111 2819 habetur,
1123 2780 1270 2820 propter-

206 2848 245 2873 ea
263 2839 351 2881 quod
375 2848 482 2872 rerum
504 2839 700 2872 universitas
713 2838 810 2871 unius
827 2838 963 2880 imperio
977 2841 1009 2871 et
1026 2838 1174 2879 potestati
1194 2847 1269 2871 con-

209 2899 322 2939 venit,
343 2898 480 2939 singulae
498 2899 607 2931 autem
626 2898 697 2939 eius
719 2898 828 2939 partes
852 2897 893 2930 ad
910 2897 1045 2930 eandem
1067 2897 1270 2931 harmoniam

210 2958 243 2992 et
260 2957 346 2991 idem
363 2957 534 2998 imperium
553 2957 752 2990 referuntur.
797 2957 961 2990 Praeterea
980 2957 1063 2997 regis
1078 2959 1128 2989 est
1144 2956 1272 2990 benefa-

209 3025 284 3049 cere
303 3016 434 3049 civibus
461 3024 581 3057 eosque
605 3015 773 3049 demetere
798 3016 898 3058 idque
916 3024 980 3048 non
1003 3015 1072 3048 sine
1095 3015 1221 3056 justitia
1240 3018 1272 3049 et

212 3074 351 3116 legibus.
395 3075 540 3108 Tertium
554 3083 649 3116 vero,
668 3074 756 3116 quod
773 3074 813 3107 ad
830 3074 966 3107 deorum
984 3074 1108 3107 cultum
1125 3075 1264 3116 spectat,

211 3133 348 3166 omnino
368 3142 443 3175 rege
466 3133 600 3175 dignum
625 3136 688 3167 est.
734 3135 834 3168 Decet
865 3133 950 3167 enim
979 3134 1138 3175 optimum
1169 3133 1212 3166 ab
1236 3142 1270 3166 o-

213 3192 316 3233 ptimo
334 3192 367 3225 et
386 3191 418 3224 id
439 3193 527 3234 quod
547 3192 684 3235 imperat
701 3192 742 3226 ab
759 3193 936 3234 imperante
953 3192 1115 3225 honorari.
1157 3193 1272 3233 Itaque

213 3251 298 3285 inter
316 3260 440 3293 eaquae
459 3253 575 3285 natura
595 3256 672 3286 sunt
691 3253 955 3295 praestantissima
977 3252 1118 3286 maxime
1137 3253 1267 3286 excellit

212 3310 313 3352 deus,
335 3311 474 3344 terrenis
489 3315 600 3344 autem
618 3313 652 3346 et
676 3312 866 3346 bominibus
883 3321 937 3345 rex
956 3311 1129 3344 antecellit.
1147 3313 1271 3354 Nempe

213 3371 252 3404 ut
267 3370 348 3403 deus
366 3370 407 3403 ad
425 3370 605 3412 mundum,
619 3371 666 3405 ita
681 3381 716 3405 se
732 3381 788 3405 rex
806 3372 845 3405 ad
861 3372 1026 3404 civitatem
1045 3371 1141 3404 babet
1164 3373 1220 3404 :et
1235 3372 1273 3404 ut

216 3429 333 3463 civitas
350 3430 391 3462 ad
419 3430 600 3472 mundum,
633 3430 678 3464 ita
706 3439 764 3465 rex
792 3431 831 3464 ad
852 3431 962 3464 deum.
1006 3430 1127 3463 Civitas
1143 3431 1229 3463 enim
1255 3440 1273 3464 e

215 3488 330 3522 multis
353 3488 557 3531 diversisque
578 3489 723 3536 conflata.
741 3490 854 3523 mundi
880 3490 1075 3522 structuram
1097 3490 1129 3522 et
1146 3489 1271 3522 barmo-

213 3547 300 3582 niam
322 3548 495 3582 imitatur:
518 3557 574 3581 rex
595 3550 704 3582 autem
718 3549 892 3591 imperium
916 3548 1036 3582 liabens
1062 3548 1182 3581 nemini
1210 3548 1270 3581 ob-

1332 2244 1468 2276 noxium
1491 2245 1626 2286 ipseque
1644 2245 1730 2277 vivat
1751 2245 1828 2286 legis
1851 2246 1958 2277 locum
1976 2247 2090 2278 tenens
2110 2247 2160 2279 dei
2188 2248 2290 2279 instar
2307 2249 2391 2280 inter

1330 2303 1478 2336 homines
1500 2306 1562 2336 est.
1587 2321 1630 2327 —
1648 2304 1808 2343 Quocirca
1829 2313 1934 2346 regem
1953 2307 2080 2346 oportet
2093 2314 2110 2337 a
2130 2307 2299 2347 voluptate
2324 2316 2389 2340 non

1331 2363 1434 2403 vinci,
1452 2362 1507 2395 sed
1537 2371 1609 2395 eam
1637 2364 1784 2403 vincere,
1816 2373 1922 2404 neque
1942 2364 2079 2397 similem
2107 2374 2178 2398 esse
2200 2366 2307 2408 plebi,
2333 2367 2389 2399 sed

1329 2421 1423 2462 longe
1450 2430 1488 2454 ea
1518 2422 1801 2463 praestantiorem,
1819 2431 1926 2464 neque
1945 2423 2164 2465 voluptatem,
2199 2424 2254 2457 sed
2283 2425 2390 2466 potius

1330 2480 1553 2513 fortitudinem
1570 2480 1664 2513 oflicii
1681 2482 1729 2513 sui
1743 2480 1864 2514 ducere
1884 2494 1893 2514 ς
1909 2481 2007 2514 simul
2021 2482 2116 2514 etiam
2133 2487 2388 2516 consentaneum

1331 2543 1446 2581 putare
1468 2539 1559 2572 illum
1580 2539 1635 2581 qui
1661 2540 1744 2572 alios
1773 2549 1882 2580 regere
1913 2541 1990 2573 velit
2022 2540 2162 2582 primum
2185 2551 2261 2574 suas
2286 2542 2390 2583 ipsius

1331 2598 1521 2632 affectiones
1554 2602 1734 2640 temperare
1751 2607 1858 2640 posse.
1902 2601 2004 2632 Porro
2034 2600 2076 2633 de
2097 2601 2234 2633 avaritia
2253 2601 2300 2633 sic
2323 2605 2390 2633 sta·

1331 2658 1487 2690 tuendum
1515 2659 1576 2691 est.
1621 2660 1702 2691 Nam
1731 2658 1771 2690 ad
1794 2667 1870 2691 eum
1903 2658 2000 2691 finem
2025 2660 2197 2701 pecuniam
2234 2660 2388 2701 possideri

1331 2718 1482 2758 oportet,
1496 2719 1534 2749 ut
1549 2717 1670 2749 amicos
1692 2716 1855 2750 beneficiis
1870 2717 2048 2750 afficiamus
2062 2718 2094 2751 et
2111 2719 2239 2759 egentes
2256 2718 2390 2759 benigne

1331 2777 1533 2818 excipiamus
1561 2777 1593 2809 et
1607 2776 1755 2809 inimicos
1768 2776 1843 2817 jure
1863 2777 2057 2809 ulciscamur
2074 2787 2084 2810 ι
2111 2777 2230 2819 quippe
2253 2777 2389 2810 felicita-

1332 2835 1372 2867 tis
1386 2835 1512 2868 fruetus
1531 2843 1607 2867 cum
1632 2834 1756 2868 virtute
1776 2835 1972 2886 conjunctus
1992 2835 2205 2868 suavissimus
2224 2837 2283 2868 est.
2327 2837 2389 2867 Ea-

1333 2896 1406 2928 dem
1426 2897 1537 2928 autem
1560 2896 1642 2928 ratio
1655 2897 1688 2928 et
1703 2895 1737 2928 in
1749 2895 1835 2937 regio
1849 2896 1978 2937 fastigio
1997 2896 2084 2929 valet
2101 2906 2109 2928 z
2127 2897 2279 2928 nimirum
2296 2896 2390 2928 dccet

1333 2964 1440 2995 regem
1465 2957 1604 2988 caeteros
1622 2954 1744 2988 virtute
1761 2956 1884 2988 anteire
1911 2964 1952 2988 ex
1970 2964 2071 2996 eaque
2093 2955 2226 2996 dignum
2252 2953 2389 2996 imperio

1331 3015 1483 3056 judicari,
1509 3023 1576 3048 non
1602 3024 1621 3048 e
1646 3015 1787 3057 divitiis,
1807 3017 1865 3048 aut
1894 3016 2036 3057 potentia
2054 3018 2111 3048 aut
2128 3023 2295 3047 armorum
2317 3014 2350 3046 vi
2379 3023 2388 3044 τ
2410 3013 2420 3022 ”

1335 3083 1478 3116 namque
1497 3075 1568 3108 istae
1587 3083 1639 3108 res
1662 3074 1780 3117 partim
1802 3075 2000 3117 quibuslibet
2027 3084 2046 3108 e
2078 3074 2176 3115 vulgo
2201 3082 2391 3107 communes

1333 3138 1432 3175 sunt,
1448 3135 1564 3176 partim
1587 3134 1692 3168 brutis
1719 3134 1932 3176 animalibus,
1950 3135 2064 3176 partim
2086 3134 2184 3167 etiam
2214 3134 2362 3176 tyrannis
2377 3157 2388 3174 ,

1334 3194 1389 3227 illa
1407 3202 1484 3227 vero
1501 3194 1578 3227 solis
1595 3193 1672 3227 viris
1694 3193 1787 3226 bonis
1813 3192 1984 3235 peculiaris
2001 3194 2064 3226 est.
2109 3193 2226 3234 Itaque
2247 3201 2303 3225 rex
2329 3193 2389 3234 qui

1334 3254 1423 3287 circa
1443 3253 1626 3296 voluptates
1643 3254 1847 3295 temperans,
1865 3252 2007 3285 liberalis
2026 3253 2111 3285 circa
2126 3252 2278 3293 pecunias
2289 3275 2299 3291 ,
2314 3260 2389 3293 pru-

1334 3313 1481 3354 densque
1497 3313 1530 3346 et
1548 3313 1667 3345 eximia
1687 3313 1809 3346 virtute
1826 3312 1982 3353 praeditus
1995 3311 2113 3350 suerit,
2131 3307 2185 3343 i'lle
2201 3319 2314 3343 revera
2331 3318 2391 3343 rex

1333 3373 1406 3405 erit.
1451 3374 1614 3406 caeterum
1632 3374 1664 3406 et
1680 3374 1819 3415 populus
1835 3371 1970 3405 eandem
1992 3371 2149 3403 virtutum
2170 3369 2387 3410 vitiorumque

1336 3431 1498 3465 rationem
1518 3432 1615 3464 habet
1644 3441 1716 3474 quae
1738 3432 1821 3464 inter
1842 3430 1941 3463 animi
1969 3429 2101 3462 humani
2123 3430 2230 3469 partes
2245 3428 2386 3461 interce·

1336 3490 1383 3522 dit
1405 3499 1413 3519 ε
1437 3491 1558 3532 quippe
1575 3490 1709 3523 avaritia
1745 3491 1777 3522 in
1799 3490 1940 3531 principe
1969 3488 2066 3520 animi
2082 3490 2173 3529 parte
2194 3486 2326 3526 accidit,
2344 3486 2385 3519 si·

1336 3549 1468 3592 quidem
1486 3549 1644 3591 cupiditas
1666 3550 1714 3582 est
1731 3548 1896 3582 rationalis
1916 3561 1923 3581 :
1940 3546 2074 3580 ambitio
2093 3548 2202 3579 autem
2219 3549 2251 3579 et
2268 3545 2386 3577 imma·
