2612 3814
1018 265 1085 304 DE
1120 264 1363 311 Ml-:Llsso‚
1396 265 1506 304 ETC.

70 363 71 366 ’
114 349 375 402 Ξολαμδοίνει,
407 347 549 396 ἢούδὲν
571 345 715 386 κωλύειὶ
734 361 782 385 κα
815 346 932 391 ἄλλως
963 346 1074 400 ἔχειν,
1107 347 1236 391 ἱκανῶς

171 410 371 463 σκέψασθαι
401 409 471 447 δεῖ·
507 405 623 460 ἕτερον
655 404 766 460 γὰρ’
742 420 784 444 αν
813 421 847 445 τι
865 405 962 445 τοῦτ’
992 406 1076 451 ἴσως
1102 405 1235 446 ἐκείνου

170 469 239 518 εἴη.
289 468 362 509 Καὶ
377 470 518 521 πρῶτον
531 465 701 514 τεθέντος,
721 463 740 505 ὃ
755 467 894 520 πρῶτον
913 464 1105 518 λαμὸοίνει,
1124 465 1234 518 μηδὲν

167 527 330 580 γενέσθαι
350 527 390 566 ἂν
408 529 448 566 ἐκ
471 526 521 578 μὴ
538 525 653 574 ὄντος,
682 529 752 578 ἀρα
779 524 918 578 ἀνάγκη
940 525 1095 578 ἀγένητα
1116 524 1234 566 πάντα

168 590 276 635 εῖναι,
296 584 318 633 ἢ
346 584 444 624 οὐδὲν
473 583 602 625 κωλύει
627 582 808 637 γεγονέναι
825 583 929 638 ἕτερα
957 583 993 630 ἐξ
1010 584 1152 640 ἑτέρων,
1173 584 1234 624 καὶ

110 656 147 683 ab
165 649 267 685 τοῦτο
295 646 342 690 εἷς
373 645 518 698 ἄπειρον
537 642 692 695 ἰένγαι,ἢ
723 643 785 682 καὶ
818 643 1064 695 ἀνακάμπτειν
1086 644 1228 699 κύκλῳ,

166 705 258 745 ὥστε
275 704 315 744 τὸ
332 703 448 758 ἕτερον
468 705 509 743 ἐκ
537 706 596 743 τοῦ
618 703 736 757 ἑτέρου
761 704 960 756 γεγονέναι,
987 703 1042 743 οἷεί
1066 720 1104 743 τε
1122 704 1231 748 οὕτως

165 765 264 809 ὄντος
282 764 388 813 τινός,
404 764 465 804 καὶ
487 764 671 818 ἀπειράκις
686 762 838 804 ἑκάστου
851 763 1084 817 γεγενημένου
1101 763 1134 810 ἐξ
1163 765 1230 803 ἀλ-

164 825 307 874 λήλωνς
323 825 415 865 ὥστε
440 824 539 865 οὐδὲν
569 824 610 864 ἂν
634 822 764 864 κωλύοι
798 825 838 864 τὸ
864 824 1006 864 ἅπαντα
1025 823 1227 877 γεγονέναι,

164 885 325 939 κειμένου
342 889 402 925 τοῦ
415 885 525 938 μηδὲν
541 885 702 939 γενέσθαι
718 881 760 921 ἂν
771 885 811 924 ἐκ
829 883 879 936 μὴ
898 884 1009 937 ὄντος,
1020 884 1081 923 καὶ
1099 883 1230 938 ἄπειρα

164 1017 241 1050 αὐτὸ
257 1017 346 1059 quod
366 1016 522 1058 exprimit
543 1016 724 1049 Felicianus
741 1026 749 1049 z
765 1029 782 1045 et
803 1017 838 1049 at
863 1025 942 1049 vero
960 1015 1071 1048 fierine
1092 1016 1229 1056 possint,

164 1074 266 1098 necne
278 1073 316 1098 ea
333 1074 407 1106 quae
417 1065 509 1106 dicit,
523 1065 739 1098 omittendum
755 1063 897 1104 videtur,
912 1063 968 1097 sed
982 1063 1062 1095 illud
1081 1063 1230 1096 conside-

158 1112 314 1152 randum,
336 1113 444 1145 utrum
459 1122 500 1145 ex
520 1112 569 1153 iis,
586 1121 659 1153 quae
682 1111 796 1151 sumit,
820 1111 853 1143 id
868 1111 1070 1149 conficiatur,
1087 1119 1131 1143 an
1151 1111 1229 1143 nihil

162 1162 264 1197 vetet,
285 1160 460 1201 quominus
472 1159 534 1192 alio
556 1158 653 1191 modo
669 1167 738 1191 sese
755 1167 807 1191 res
826 1158 947 1192 habere
971 1161 1081 1199 queat.
1101 1170 1118 1186 ι»
1164 1160 1230 1191 Nos

164 1206 384 1240 multitudinis
396 1215 567 1238 numerum
583 1205 684 1246 magis
701 1206 956 1238 consentaneum
972 1204 1173 1246 judicamus.

208 1259 261 1289 20.
282 1257 356 1288 Post
376 1256 554 1296 σκέψασθαι
569 1263 645 1286 cum
664 1245 982 1295 Spaldingioinserui
1004 1254 1062 1286 δεῖ.

207 1306 258 1336 21.
280 1303 505 1335 Fiillebornius
530 1300 627 1334 scribi
654 1301 812 1334 volebat·
831 1302 935 1344 ἕτερον
956 1301 1018 1343 γὰρ
1037 1301 1075 1333 ἄν
1100 1313 1129 1334 τι
1146 1302 1231 1334 τοῦτ’

164 1349 242 1387 ἴσως
261 1350 381 1382 ἐκείνου
407 1350 456 1389 εἴη
480 1352 537 1382 τοῦ
558 1352 682 1392 πρῶτον
707 1349 844 1387 τεθέντος
862 1348 958 1391 μηδὲν
982 1348 1125 1390 γενέσθαι
1144 1350 1182 1382 ἃν
1197 1350 1232 1382 ἐκ

165 1399 208 1441 μὴ
225 1399 313 1436 ὄντος
334 1398 446 1439 eiectis
470 1398 576 1430 verbis
601 1398 618 1430 ὃ
644 1401 769 1439 πρῶτον
785 1398 948 1440 λαμὸάνει,
968 1397 1023 1430 sed
1044 1397 1163 1430 codicis
1180 1398 1231 1430 Li·

162 1446 298 1488 psiensis
331 1445 504 1487 scriptura,
542 1454 640 1486 quam
675 1445 902 1486 exhibuimus,
945 1445 1069 1478 servari
1112 1447 1230 1486 potest.

164 1496 342 1541 Postquam
370 1494 475 1535 primo
498 1493 604 1536 capite
625 1494 737 1526 docuit
764 1493 975 1543 philosophus
1004 1495 1119 1526 notum
1150 1493 1231 1526 illud

163 1533 380 1574 Eleaticorum
401 1540 518 1582 dogma
544 1549 608 1573 non
635 1548 704 1573 esse
728 1538 855 1573 certum
878 1543 910 1572 et
929 1540 1145 1581 exploratum,
1162 1540 1231 1582 J‘am

163 1588 196 1621 id
218 1597 352 1630 operam
382 1588 450 1628 dat,
476 1591 513 1620 ut
543 1588 592 1620 vel
619 1588 763 1621 maxime
789 1596 944 1621 concesso
968 1588 1041 1627 illo,
1062 1596 1101 1620 ea
1122 1589 1231 1620 tamen

161 1644 236 1677 quae
253 1635 387 1668 Eleatici
405 1635 479 1668 inde
502 1637 690 1677 coegerunt,
716 1637 869 1677 consequi
886 1637 994 1676 neget.
1040 1635 1094 1668 Ait
1123 1635 1230 1676 igitur,

162 1684 189 1716 si
208 1692 250 1716 ex
270 1683 371 1720 nihilo
395 1683 474 1716 nihil
498 1683 565 1716 fieri
585 1691 756 1724 ponamus,
772 1682 1027 1725 haudquaquam
1042 1682 1140 1723 citici,
1162 1683 1232 1715 nul-

156 1730 227 1763 lam
243 1731 377 1763 omnino
400 1739 468 1763 rem
482 1739 552 1764 esse
566 1731 684 1763 ortam.

207 1782 260 1814 23.
283 1778 344 1822 ἆρα
359 1778 480 1820 ἀνάγκη
497 1778 633 1820 ἀγένητα
657 1790 665 1811 :
679 1777 724 1810 ita
736 1777 823 1811 recte
839 1777 920 1810 cod.
933 1778 970 1811 L.
995 1786 1053 1819 pro
1065 1777 1231 1819 ἁγέννητα.

205 1830 257 1860 25.
275 1826 490 1867 ἀνακάμπτειν
507 1827 545 1859 G.
569 1827 605 1859 L.
630 1825 712 1858 bene
735 1833 794 1866 pro
816 1824 1033 1867 ἀνακάμπτεις
1057 1825 1234 1858 infinitivus

161 1874 249 1907 enim
266 1873 384 1916 pendet
399 1883 417 1906 e
430 1874 556 1906 κωλύει.
602 1873 823 1914 opponuntur
834 1872 886 1905 hic
900 1873 989 1915 ἔτερα
1003 1873 1033 1910 ἐξ
1052 1873 1165 1914 ἑτέρων
1179 1883 1232 1914 γε·

157 1922 285 1963 ’γονέναι
302 1924 336 1954 et
345 1922 380 1955 τὸ
395 1922 500 1964 ἕτερον
513 1922 549 1954 ἐκ
559 1924 616 1954 τοῦ
629 1922 735 1963 ἑτέρου
745 1921 919 1962 γεγονέναι,
930 1929 1070 1963 quorum
1085 1921 1175 1962 prins
1184 1925 1233 1954 est

158 1970 242 2003 ,alia
259 1977 305 2003 ex
323 1969 406 2002 aliis
417 1969 508 2010 fieri,
527 1972 564 2001 ut
581 1977 678 2001 causa
697 1969 898 2001 extrinsecus
917 1977 1045 2010 semper
1061 1969 1230 2009 afferatur,

163 2016 323 2058 posterius
340 2025 377 2049 se
394 2017 543 2049 invicem
569 2015 721 2058 qiynere,
748 2015 785 2048 ut
798 2015 934 2056 singulae
963 2024 1013 2048 res
1031 2016 1232 2056 singularum

161 2072 271 2096 causoe
284 2066 316 2096 et
331 2063 502 2104 genitrices
515 2063 580 2096 sint
601 2063 786 2105 pariterque
800 2062 881 2104 ipsae
895 2063 1028 2103 singulis
1044 2064 1231 2096 nascantur.

206 2115 259 2145 28.
277 2112 361 2144 ὥστε
383 2111 472 2144 οὐδὲν
491 2112 530 2144 ἂν
549 2112 666 2144 κωλύοι
680 2111 716 2144 τὸ
733 2110 858 2143 ἅπαντα
872 2111 1032 2151 γεγονέναι
1052 2119 1126 2143 cum
1144 2111 1234 2152 Spal-

162 2159 272 2201 ‹lingio
294 2159 406 2200 scripsi
421 2167 479 2201 pro
495 2159 627 2200 vulgato
640 2158 796 2191 κωλύοιτο
820 2157 956 2199 ἅπαντα,
975 2167 1050 2199 quae
1067 2158 1232 2199 coniectu-

164 2216 199 2240 ra
216 2206 426 2248 sequentibus
445 2205 553 2239 verbis
574 2207 720 2248 κειμένου
736 2206 796 2246 (ita
816 2206 902 2238 enim
922 2206 959 2238 C.
982 2208 1019 2239 L.
1044 2215 1102 2249 pro
1117 2206 1233 2239 vitioso

162 2253 362 2296 κινουμένου)
389 2256 447 2286 τοῦ
470 2254 566 2295 μηδὲν
584 2254 729 2296 γενέσθαι
754 2254 792 2286 ἂν
816 2253 853 2286 ἐκ
876 2254 919 2294 μή
951 2253 1039 2291 ὄντος
1072 2254 1233 2296 imprimis

164 2302 386 2335 confirmatur.
431 2301 558 2343 Quippe
570 2301 744 2334 articulum
756 2302 928 2343 propterea
944 2301 1067 2334 addidit
1083 2301 1232 2343 scriptor,

164 2350 202 2382 ut
215 2349 397 2382 evidentius
415 2348 657 2390 opponerentur
683 2357 758 2391 quae
779 2358 923 2390 pugnare
941 2358 1053 2382 secum
1081 2349 1234 2382 dixerant

166 2395 299 2429 Eleatici
320 2395 356 2428 τὸ
375 2394 500 2427 ἅπαντα
510 2395 670 2437 γεγονέναι
692 2397 726 2428 et
740 2395 778 2428 τὸ
805 2395 900 2437 μηδὲν
914 2396 1057 2436 γενέσθαι
1071 2396 1109 2428 ἃν
1132 2397 1168 2429 ἐκ
1190 2398 1232 2438 μή

163 2443 264 2481 ὄντος.
308 2443 399 2475 Adde
421 2443 509 2484 quod
533 2441 697 2475 Bekkerus
721 2442 754 2474 in
777 2443 888 2475 codice
909 2443 1054 2476 Palatino
1071 2444 1232 2477 Vaticano

164 2490 304 2531 repperit
323 2490 439 2522 κωλύει
463 2490 513 2527 τὸ,
531 2489 563 2521 in
589 2497 655 2531 quo
685 2488 760 2522 licet
787 2489 942 2522 mendoso
961 2498 1051 2523 verae
1087 2491 1234 2524 lectionis

164 2538 334 2580 vestigium
354 2539 414 2570 est.

207 2589 261 2618 29.
288 2585 365 2618 Post
386 2584 474 2622 ὄντος
497 2584 705 2625 Spaldingius
728 2592 846 2616 novam
876 2584 1002 2617 orditur
1025 2586 1231 2627 sententiam,

164 2632 220 2664 sed
240 2632 320 2664 mihi
335 2632 398 2664 hoc
419 2632 625 2664 enuntiatum
646 2640 747 2672 usque
761 2631 801 2663 ad
819 2631 983 2673 ὀνομάτων
1006 2633 1165 2673 pertinere
1185 2635 1234 2666 vi-

164 2679 272 2713 detur.
318 2680 406 2712 Inter
426 2678 541 2720 ἄπειρα
558 2682 590 2711 et
603 2678 679 2711 ὄντα
698 2678 783 2710 idem
799 2678 840 2711 τὰ
856 2681 944 2711 recte
961 2679 1107 2712 inseruit.

208 2729 261 2759 30.
279 2729 343 2758 τῶν
358 2729 404 2767 τῷ
427 2727 471 2758 ἑνὶ
487 2727 569 2759 cod.
592 2728 640 2767 L„
656 2726 769 2767 reliqui
789 2725 872 2759 male
887 2730 951 2759 τῶν
965 2727 997 2759 ἐν
1014 2730 1059 2768 τῷ
1080 2728 1136 2760 ἐνὶ.

208 2776 262 2807 31.
282 2775 346 2806 Pro
365 2773 453 2814 vulg.
476 2773 602 2806 ἅπαντα
624 2773 706 2806 Cod.
724 2774 760 2805 L.
779 2773 815 2805 τὸ
832 2773 928 2806 ἅπαν.
974 2776 1128 2807 Extrema
1149 2774 1234 2807 bunc

163 2830 297 2854 sensum
317 2821 467 2862 praebent
488 2834 496 2854 ι
520 2834 536 2849 «
559 2823 673 2862 Neque
691 2821 794 2852 ullum
815 2829 930 2853 eorum
948 2830 1022 2861 quae
1048 2822 1102 2853 uni
1130 2822 1235 2854 solent

160 2868 288 2919 'imponi
318 2869 486 2900 nominum
515 2868 634 2909 obstat,
664 2867 838 2909 quominus
865 2868 921 2900 illo
948 2870 1079 2901 auctore
1109 2868 1234 2900 infinita

165 2916 368 2950 nominemus
386 2925 424 2949 ea
441 2925 514 2957 quae
532 2917 618 2949 sunt.
667 2918 738 2956 lpsc
753 2915 837 2948 enim
855 2914 983 2949 infinito
999 2916 1030 2948 id
1049 2915 1175 2955 tribuit,
1197 2918 1234 2948 ut

166 2965 200 2997 et
215 2964 257 2997 sit
271 2967 304 2996 et
323 2967 460 2996 vocetur
479 2972 591 2997 omne.
611 2975 628 2991 n
675 2960 803 3004 Quippe
818 2963 855 2995 τὸ
872 2972 937 2996 non
959 2964 1096 2996 refertur
1119 2965 1158 2995 ad
1180 2972 1234 2996 so·

166 3010 235 3043 lum
251 3010 348 3052 ἅπαν,
366 3011 421 3044 sed
437 3011 477 3044 ad
499 3012 578 3044 εἶναι
598 3012 651 3043 καὶ
667 3012 813 3052 λέγεσθαι
833 3010 929 3044 ἅπαν.
974 3012 1126 3044 Nonnulli
1137 3011 1233 3044 codd.

162 3064 186 3091 v'a
198 3058 343 3091 Bekkero
360 3058 494 3100 inspecti
513 3068 678 3101 perperam
692 3059 731 3091 τὰ
749 3059 884 3091 ἅπαντα.
933 3061 968 3091 ln
985 3059 1065 3091 libro
1081 3058 1235 3100 Lipsiensi

167 3106 330 3140 invenitur
341 3106 515 3148 προσάπτει
528 3115 624 3149 supra
635 3107 747 3148 positis
762 3106 889 3139 duabus
908 3106 1047 3147 lineolis,
1062 3115 1127 3147 quo
1143 3107 1235 3147 siguo

168 3153 303 3188 Beckius
332 3154 528 3186 infinitivum
557 3155 590 3187 in
613 3155 668 3187 illo
685 3155 796 3188 codice
827 3162 956 3197 semper
984 3153 1120 3187 indicari
1143 3153 1232 3187 dicit.

168 3202 210 3235 At
230 3201 305 3234 huic
318 3201 388 3235 loco
408 3202 544 3235 verbum
562 3203 689 3235 linitum
709 3204 875 3236 convenit.

166 3269 169 3271 -
212 3252 264 3281 32.
287 3249 326 3281 In
345 3247 451 3281 verbis
464 3249 552 3283 οὐδέν
562 3261 595 3283 τε
617 3251 746 3289 κωλύει,
763 3253 817 3284 καὶ
836 3252 878 3293 μὴ
897 3251 1034 3293 ἀπείρων
1049 3251 1160 3293 ὄντων,
1178 3253 1236 3286 aut

169 3296 249 3329 nihil
271 3297 363 3329 deest
375 3299 432 3328 aut
448 3298 601 3332 articulus
614 3302 676 3331 τῶν
693 3299 910 3340 desideratur,
926 3309 1024 3342 quem
1044 3300 1128 3332 inter
1143 3300 1235 3333 ἀπεί-

170 3354 232 3385 ρων
249 3343 282 3375 et
295 3342 394 3376 ὄντων
406 3344 561 3378 omissum
582 3354 650 3378 esse
664 3346 868 3388 Spaldingius
884 3348 1069 3389 suspicatus
1087 3349 1147 3380 est.
1172 3350 1237 3380 Do-

171 3392 222 3423 cet
235 3391 344 3423 autem
363 3390 571 3433 philosophus
592 3393 644 3426 liic
659 3395 870 3435 posteriorem
890 3404 908 3428 e
921 3395 1062 3428 dumetis
1079 3396 1237 3428 Eleatico-

172 3446 245 3470 rum
261 3437 418 3471 evadendi
432 3440 588 3473 rationem
605 3450 613 3473 :
632 3441 757 3474 sienim
772 3443 824 3475 vel
842 3442 984 3475 maxime
998 3452 1094 3484 neges
1108 3443 1235 3476 infinita

171 3494 243 3518 esse
267 3494 305 3518 ea
325 3495 401 3528 quae
426 3489 516 3528 sunt,
549 3488 629 3522 nihil
654 3489 776 3531 obstat,
804 3491 980 3533 quominus
1003 3491 1141 3523 invicem
1165 3500 1235 3524 sese

175 3536 343 3575 procreent
355 3534 478 3576 singula
494 3537 734 3580 nascanturque
747 3539 830 3571 inter
845 3547 878 3572 se
894 3538 927 3571 in
945 3547 1060 3580 gyrum
1077 3539 1233 3572 revoluta.

2285 273 2360 305 283

1298 345 1343 385 τὰ
1363 345 1450 385 ὄντα
1477 346 1562 400 πρὸς
1580 346 1710 385 ἓκεινον
1724 348 2011 400 προσαγορεῦσαι
2025 346 2122 385 οὗδεν
2140 346 2268 387 κωλύει
2287 363 2358 386 των

1296 422 1346 459 τῳ
1361 405 1411 444 ἑνὶ
1435 405 1651 457 ἑπομένων’
1634 405 1840 456 ονομοίτων·
1857 405 1896 444 τὸ
1911 404 2006 444 ἅπαν
2023 405 2090 458 γὰρ
2109 399 2199 444 εἶναι
2225 406 2288 445 καὶ
2305 406 2418 445 λε’-30

1295 468 1418 518 γεσθαι
1435 464 1496 504 καὶ
1519 466 1648 510 ἐκεῖνος
1677 467 1727 503 τῶ
1759 463 1894 518 ἀπείρῳ
1916 466 2131 518 προσάπτει.
2190 464 2304 505 Οὐδέν
2323 481 2362 504 τε

1297 525 1447 577 κωλύει,
1473 523 1535 564 καὶ
1564 523 1614 577 μὴ
1638 524 1793 575 ἀπείρων
1827 524 1951 574 ὄντων,
1982 524 2102 578 κύκλῳ
2129 525 2244 563 αὐτῶν
2272 518 2361 564 εἶναι

1294 583 1358 632 τὴν
1378 584 1526 637 γένεσιν.
1584 583 1669 624 Ἔτι
1689 585 1719 623 εἷ
1740 584 1882 623 ἅπαντα
1895 583 2071 637 γίγνεται,
2089 582 2164 623 ἔστι
2188 582 2225 623 δὲ
2245 584 2359 636 οὐδέν,

1294 645 1342 691 ως
1357 662 1447 692 τινες
1465 646 1619 700 λεγουσι,
1638 648 1714 691 πῶς
1731 644 1773 685 ἂν
1789 642 1886 685 ἀιδια
1908 645 1985 693 εἴη·
1975 676 1986 698 ,
2015 644 2107 684 ἀλλὰ
2122 644 2191 698 γὰρ
2213 648 2272 684 τοῦ
2298 645 2360 696 μὲν

1294 699 1382 745 εἶναι
1413 707 1461 750 ὡς
1487 705 1585 751 ὄντος
1613 704 1675 745 καὶ
1707 705 1870 757 κειμένου
1903 704 2113 757 διαλέγεται.
2170 705 2223 743 Εἰ
2253 704 2360 757 γάρ,

1293 764 1393 819 φησί,
1424 765 1482 817 μὴ
1501 765 1702 818 ἐγένετο,
1729 765 1830 805 ἔστι
1850 764 1920 814 δέ,
1943 761 2128 803 ἂιδιον
2111 779 2157 802 αν
2188 763 2282 812 εἴη,
2317 766 2362 808 ὡς

1295 826 1370 864 δέον
1391 825 1562 880 ὑπάρχειν
1576 825 1617 864 τὸ
1634 819 1723 864 εἶναι
1739 831 1810 870 τοῖς
1825 825 2047 879 πράγμασιν.
2088 821 2173 863 Ἔτι
2191 824 2220 861 εἷ
2234 823 2295 862 καὶ
2309 822 2361 862 ὅτι

1295 884 1453 937 μάλιστα
1469 885 1560 938 μήτε
1579 885 1618 924 τὸ
1634 883 1684 938 μὴ
1698 883 1735 924 ὂν
1753 884 1933 939 ἐνδέχεται
1952 882 2132 937 γενέσθαι,
2154 882 2246 934 μήτε
2261 885 2361 922 ἀπο-

1335 1018 1387 1048 34.
1413 1016 1519 1057 Vulgo
1541 1016 1587 1048 sic
1610 1015 1762 1047 scribitur
1781 1025 1789 1047 :
1808 1017 1851 1048 ἔτι
1871 1016 1898 1047 εἶ
1916 1014 2040 1047 ἅπαντα
2059 1013 2229 1055 γίγνεσθαι,
2246 1014 2312 1046 ἔστι
2330 1013 2363 1045 δὲ

1293 1065 1394 1106 οὐδέν,
1413 1066 1455 1102 ὥς
1477 1076 1554 1101 τινες
1570 1065 1727 1106 λέγουσιν,
1747 1067 1814 1100 πῶς
1832 1064 1863 1095 ἓν
1881 1063 1969 1095 ἀΐδια
1978 1062 2046 1103 εῖη;
2059 1062 2137 1094 ἀλλὰ
2155 1062 2214 1104 γὰρ
2235 1066 2290 1094 τοῦ
2308 1062 2363 1103 μὲν

1293 1112 1370 1144 εἶναι
1391 1113 1423 1144 ἓν
1439 1123 1468 1144 τι
1486 1114 1527 1149 ὡς
1542 1112 1628 1148 ὄντος
1652 1112 1704 1143 καὶ
1730 1111 1875 1153 κειμένου
1897 1111 2084 1151 διαλέγεται.
2130 1111 2169 1142 Ei.
2183 1109 2256 1151 γάρ,
2273 1110 2361 1151 φησί,

1294 1161 1336 1200 μὴ
1357 1160 1490 1200 ἐγένετο,
1513 1159 1597 1191 ἔστω
1613 1159 1646 1191 δὲ
1666 1159 1764 1198 ἀΐδια,
1789 1160 1831 1195 ὡς
1849 1159 1918 1190 δέον
1946 1157 2101 1199 ὑπάρχειν
2122 1158 2158 1189 τὸ
2186 1157 2267 1189 εἶναι
2297 1162 2366 1195 τοῖς

1292 1207 1486 1250 πράγμασιν.
1533 1206 1654 1240 Eadem
1675 1206 1740 1239 sere
1758 1205 1881 1247 praebet
1897 1205 1976 1238 liber
1997 1205 2181 1246 Lipsiensis,
2201 1205 2260 1237 nisi
2275 1206 2362 1246 quod

1294 1254 1435 1295 primum
1454 1254 1496 1290 ὥς
1515 1264 1594 1290 τινες
1621 1253 1748 1294 λέγουσι
1770 1252 1878 1293 habet,
1897 1252 2014 1285 deinde
2037 1252 2117 1284 ἀλλὰ
2142 1251 2202 1294 γὰρ
2223 1255 2280 1284 τοῦ
2307 1252 2364 1292 μὲν

1293 1302 1372 1334 εἶναί
1390 1313 1419 1334 τι
1437 1301 1557 1333 omisso
1574 1301 1619 1341 ἓν,
1637 1301 1778 1342 denique
1796 1301 1822 1332 εἰ
1837 1300 1909 1344 γάρ,
1927 1300 2016 1342 φησί,
2035 1300 2079 1340 μὴ
2096 1300 2218 1340 ἐγένετο
2232 1300 2316 1333 ἔστω
2330 1301 2364 1333 δὲ

1293 1349 1393 1382 ἀΐδιον
1416 1350 1476 1387 εἶη.
1523 1350 1615 1381 Patet
1636 1351 1747 1380 autem
1771 1348 1932 1390 γίγνεσθαι
1957 1347 2155 1380 infinitivum
2189 1347 2263 1380 ferri
2296 1356 2363 1380 non

1295 1405 1387 1438 posse
1396 1420 1405 1436 ‚
1423 1396 1575 1437 praeterea
1588 1395 1724 1427 alienam
1736 1404 1754 1427 a
1764 1395 1921 1428 sententia
1934 1403 2004 1428 esse
2017 1394 2362 1432 commemorationem

1293 1448 1349 1477 τοῦ
1363 1444 1443 1481 ἑνός.
1467 1452 1562 1485 porro
1580 1443 1629 1476 bis
1645 1443 1764 1485 requiri
1781 1444 1819 1476 ἂν
1836 1442 2030 1484 particulam
2047 1442 2253 1476 librariorum
2265 1443 2362 1485 negli-

1293 1490 1400 1532 genua
1418 1489 1680 1532 praetermissam.
1725 1491 1807 1528 Quae
1826 1498 1930 1531 quum
1949 1489 1994 1522 ita
2013 1488 2078 1521 sint
2083 1489 2311 1531 ,Spaldingius
2328 1489 2360 1522 iu

1295 1538 1382 1570 hunc
1395 1537 1530 1570 modum
1549 1537 1650 1570 verba
1669 1537 1861 1570 constituit:
1884 1536 1928 1569 ἔτι
1945 1537 1972 1569 εἰ
1988 1536 2114 1570 ἅπαντα
2128 1537 2282 1579 γίγνεται,
2296 1537 2363 1570 ἔστι

1293 1584 1326 1617 δὲ
1337 1584 1480 1625 οὐδέν,ὥ
1484 1594 1589 1621 ςςτινε
1600 1584 1741 1624 )εγουσι,
1752 1586 1819 1621 πῶς
1834 1584 1872 1616 ἂν
1889 1584 1976 1616 ἀΐδια
1986 1584 2054 1623 εἴη·
2045 1609 2054 1625 ,
2070 1584 2149 1616 ἀλλὰ
2162 1584 2222 1627 γὰρ
2237 1588 2293 1617 τοῦ
2307 1584 2363 1626 μὲν

1293 1627 1385 1667 εἶναι,
1402 1629 1444 1664 ὡς
1469 1627 1556 1663 ὄντος
1577 1638 1630 1658 και
1651 1627 1795 1667 κειμένου
1816 1626 2003 1667 διαλέγεται.
2048 1627 2085 1658 Εἰ
2107 1627 2180 1668 γάρ,
2201 1626 2290 1668 φησί,
2319 1628 2362 1668 μὴ

1294 1675 1428 1716 ἐγένετο,
1446 1675 1545 1707 ἔστι
1530 1675 1574 1712 σέ,
1594 1674 1696 1706 ὰιὸιον
1719 1675 1757 1706 ἂν
1778 1685 1840 1712 ειη.
1885 1673 2020 1706 Be(·kius
2039 1683 2096 1715 pro
2117 1675 2195 1707 ἀλλὰ
2209 1675 2268 1717 γὰρ
2285 1683 2363 1707 exa-

1295 1719 1356 1755 rari
1373 1723 1476 1755 voluit
1495 1725 1551 1755 aut
1570 1722 1649 1754 ἀλλὰ
1664 1723 1733 1763 περὶ
1738 1722 1804 1754 'aut
1823 1722 1902 1754 ἀλλὰ
1918 1722 1978 1765 γὰρ
1994 1723 2076 1765 περὶ,
2101 1722 2157 1755 sed
2177 1723 2211 1755 in
2233 1722 2365 1764 vulgata

1294 1771 1459 1803 structura
1487 1770 1566 1802 nihil
1595 1769 1704 1803 mendi
1734 1773 1795 1802 est.
1841 1770 1923 1801 Nam
1949 1770 2035 1811 quod
2066 1770 2271 1811 Spaldingius
2295 1771 2363 1811 jam

1295 1818 1428 1851 minime
1445 1817 1622 1858 ignoravit,
1642 1826 1718 1858 quae
1742 1816 1794 1849 hic
1813 1817 1963 1858 leguntur
1981 1817 2114 1858 perinde
2139 1819 2217 1850 sunt
2241 1817 2364 1852 intelli-

1294 1866 1399 1906 genda
1420 1874 1457 1897 ac
1475 1866 1501 1897 si
1519 1865 1608 1897 dicas
1624 1878 1631 1897 ε
1649 1865 1739 1898 Ἀλλὰ
1757 1867 1850 1897 τοῦτο
1871 1865 1926 1906 μὲν
1943 1865 2063 1906 ἐατέον,
2079 1865 2253 1906 διαλέγεται
2267 1865 2327 1907 γὰρ
2347 1867 2364 1898 ὁ

1294 1914 1451 1950 Μέλισσος
1466 1915 1507 1950 ὡς
1531 1913 1616 1950 ὄντος
1632 1913 1687 1945 καὶ
1706 1913 1851 1954 κειμένου
1866 1914 1923 1946 τοῦ
1942 1913 2035 1946 εἶναι.
2079 1913 2244 1946 caeterum
2267 1913 2365 1946 verba

1295 1962 1337 1998 ὥς
1354 1972 1433 1998 τινες
1450 1961 1577 2001 λέγουσι
1607 1961 1647 1993 ad
1669 1960 1867 1993 Heraclitum
1896 1962 2044 2002 spectare
2064 1960 2096 1993 in
2123 1961 2276 2001 promptu
2302 1963 2363 1994 est.

1294 2009 1504 2040 cum-autem
1523 2008 1701 2040 Heracliteo
1716 2007 1858 2049 decreto,
1884 2017 1948 2049 quo
1968 2007 2050 2040 nihil
2066 2016 2151 2048 esse,
2179 2007 2237 2041 sed
2256 2009 2364 2041 onmia

1295 2056 1394 2090 fluere
1409 2060 1442 2090 et
1468 2059 1623 2098 perpetuo
1639 2057 1759 2089 mutari
1778 2057 1936 2098 Ephesius
1963 2057 2173 2098 philosophus
2191 2057 2364 2098 statuerat,

1294 2105 1462 2137 Melissum
1479 2105 1696 2146 impugnasset
1714 2104 1916 2145 Aristoteles,
1948 2106 2102 2146 reputans
2126 2113 2237 2137 secum
2265 2105 2364 2137 Hera·

1294 2153 1423 2186 cliteam
1445 2153 1603 2185 rationem
1620 2153 1699 2185 nihil
1730 2153 1816 2194 apud
1843 2152 2002 2186 Eleaticos
2023 2153 2147 2193 valere,
2162 2150 2254 2193 quasi
2270 2153 2363 2185 ante·

1295 2200 1444 2233 cedentia
1460 2201 1666 2233 correcturus
1683 2200 1842 2241 significat
1867 2201 1913 2233 ita
1937 2200 2113 2233 abhorrere
2141 2195 2363 2233 adversarium

1296 2249 1337 2281 ab
1353 2248 1508 2281 Heracliti
1524 2247 1687 2289 dogmate,
1704 2249 1742 2280 ut
1758 2256 1948 2289 persuasum
1966 2248 2083 2280 habeat
2092 2247 2246 2280 omnibus
2264 2249 2362 2281 rebus

1294 2298 1330 2329 τὸ
1348 2297 1427 2329 εἶναι
1447 2304 1518 2328 esse
1543 2295 1784 2329 ascribendum.
1842 2295 2023 2328 Felicianus
2052 2295 2160 2328 locum
2190 2305 2255 2328 non
2282 2297 2362 2329 satis

1296 2345 1448 2387 percepit.

1339 2395 1389 2425 38.
1408 2394 1492 2430 Quae
1507 2390 1761 2432 subjunguntur,
1793 2400 1812 2424 a
1834 2391 1977 2424 Bekkero
2006 2390 2114 2432 aliqua
2134 2400 2174 2424 ex
2191 2393 2283 2434 parte
2296 2392 2363 2432 jam

1294 2450 1312 2474 e
1326 2440 1398 2473 cod.
1418 2440 1507 2479 Lips.
1527 2439 1698 2472 emendata
1716 2443 1791 2471 suut
1805 2452 1812 2471 ι
1825 2440 1894 2471 Ἔτι
1911 2440 1938 2471 εἱ
1955 2440 2008 2471 καὶ
2023 2441 2070 2472 ὅτι
2082 2440 2219 2481 μάλιστα
2236 2441 2313 2481 μήτε
2327 2440 2364 2474 τὸ

1295 2489 1338 2531 μὴ
1355 2488 1390 2520 ὃν
1417 2487 1574 2528 ἐνδέχεται
1596 2487 1739 2527 γενέσθαι
1761 2487 1840 2527 μήτε
1858 2487 2026 2519 ἀπολέσθαι
2046 2487 2083 2519 τὸ
2103 2487 2146 2527 μὴ
2161 2487 2206 2527 ὄν,
2227 2488 2312 2528 ὅμως
2334 2487 2364 2521 τί

1294 2535 1408 2567 κωλύει
1425 2533 1465 2565 τὰ
1477 2533 1531 2574 μὲν
1549 2533 1702 2575 γενόμενα
1717 2534 1821 2565 αὐτῶν
1838 2534 1929 2573 εἶναι,
1955 2534 1996 2566 τὰ
2016 2533 2042 2566 δ’
2054 2534 2151 2574 ἀΐδια,
2166 2535 2208 2571 ὡς
2222 2535 2277 2566 καὶ
2290 2535 2364 2575 ’¹352-

1295 2583 1449 2620 πεδοκλῆς
1467 2581 1567 2622 λέγει;
1586 2581 1710 2612 ἅπαντα
1723 2581 1783 2623 γὰρ
1798 2581 1942 2618 κάκεῖνος
1958 2581 2058 2614 ταύτὰ
2084 2582 2297 2623 ὁμολογήσας,
2315 2583 2362 2614 ὅτι

1295 2631 1330 2663 ἐκ
1344 2642 1377 2663 τε
1394 2631 1436 2671 μὴ
1458 2629 1544 2666 ὄντος
1559 2629 1724 2671 ἀμήχανόν
1739 2630 1805 2661 ἐστι
1827 2630 1984 2671 γενέσθαι,
2013 2629 2050 2662 τό
2069 2640 2103 2661 τε
2127 2629 2161 2662 ὃν
2181 2630 2362 2667 ἐξόλλυσθαι

1295 2679 1466 2717 ἁνήνυστον
1483 2677 1539 2709 καὶ
1558 2678 1730 2719 ἄπρηκτον,
1749 2677 1797 2710 ἀεὶ
1819 2678 1879 2718 γὰρ
1907 2678 2072 2718 θήσεσθαι,
2100 2678 2162 2718 ὅπῃ
2178 2678 2215 2710 κέ
2243 2689 2273 2710 τι
2297 2679 2364 2711 αἰὲν

1295 2727 1408 2768 ἑρείδῃ,
1429 2727 1514 2769 ὅμως
1524 2728 1587 2758 τῶν
1607 2725 1707 2758 ὄντων
1726 2726 1766 2757 τὰ
1780 2725 1836 2768 μὲν
1853 2726 1939 2758 ἀίδια
1952 2726 2030 2758 εἶναί
2041 2738 2130 2767 φησι,
2141 2728 2202 2768 πῦρ
2214 2726 2267 2758 καὶ
2281 2726 2364 2768 ὕδωρ

1295 2775 1348 2806 καὶ
1366 2778 1424 2816 γῆν
1436 2775 1489 2806 καὶ
1504 2774 1592 2815 ἀέρα,
1606 2773 1646 2805 τὰ
1660 2772 1687 2805 δ’
1704 2773 1783 2805 ἄλλα
1798 2773 1938 2813 γίνεσθαί
1952 2784 1987 2805 τε
2000 2773 2054 2805 καὶ
2065 2774 2224 2813 γεγονέναι
2237 2773 2271 2805 ἐκ
2288 2774 2362 2805 τού-

1294 2834 1369 2854 των.
1415 2822 1567 2854 Nondum
1581 2823 1689 2854 tamen
1709 2821 1798 2853 locus
1815 2821 1991 2861 legitimam
2008 2820 2104 2853 habet
2121 2820 2271 2853 formam.
2319 2825 2362 2853 Ac

1297 2870 1437 2910 primum
1465 2870 1597 2910 quidem
1625 2877 1689 2901 non
1720 2870 1806 2901 recle
1836 2868 2047 2910 Empedoctes
2075 2868 2167 2900 nihili
2194 2867 2362 2900 interitum

1295 2926 1425 2950 assensu
1451 2916 1679 2959 comprobasse
1695 2916 1892 2958 perhibetur.
1940 2915 2004 2954 Qui
2021 2924 2126 2957 quum
2148 2915 2281 2955 dixerit,
2303 2925 2361 2949 ne-

1296 2974 1358 3006 que
1379 2973 1398 2997 e
1415 2965 1514 2997 nihilo
1531 2964 1709 3006 quidquam
1731 2963 1903 3006 procreari,
1927 2972 2036 3005 neque
2057 2972 2096 2995 ea
2118 2972 2194 3004 quae
2212 2964 2290 3004 sint,
2312 2963 2362 2996 in-

1297 3013 1452 3046 tercidere
1468 3021 1573 3054 posse,
1588 3012 1794 3054 Spaldingius
1813 3012 1880 3053 Jam
1899 3012 2039 3043 correxit
2057 3012 2135 3053 μήτε
2146 3011 2182 3043 τὸ
2200 3011 2242 3052 μὴ
2258 3011 2293 3043 ὃν
2311 3011 2361 3043 ἐν·

1296 3061 1419 3104 δέχεται
1438 3061 1596 3101 γενέσθαι,
1612 3060 1690 3102 μήτε
1707 3060 1878 3093 ἀπολέσθαι
1893 3060 1929 3092 τὸ
1949 3059 1997 3092 ὅν.
2042 3059 2166 3092 Deinde
2181 3067 2239 3100 pro
2261 3059 2362 3091 ταύτὰ

1296 3109 1522 3151 ὁμολογήσαςο
1538 3108 1633 3141 codd.
1650 3108 1736 3150 Lips,
1755 3109 1789 3142 et
1798 3107 1957 3142 Urbinate
1973 3107 2096 3139 restitui
2115 3115 2190 3139 cum
2211 3106 2361 3148 Spaldin-

1295 3157 1347 3198 gio
1364 3158 1492 3199 oportet
1517 3156 1641 3189 ἅπαντα
1661 3156 1721 3199 γὰρ
1749 3156 1892 3193 κάκεῖνος
1918 3158 2020 3188 ταῦτα
2045 3155 2256 3196 ὁμολογήσας.
2281 3157 2363 3188 Nam

1295 3206 1395 3236 ταῦτα
1411 3204 1552 3248 appellat
1566 3213 1640 3246 quae
1657 3204 1753 3245 paulo
1775 3204 1851 3237 ante
1867 3205 2120 3236 commemorata
2135 3204 2213 3235 sunt
2230 3202 2308 3244 μήτε
2325 3203 2362 3235 τὸ

1297 3252 1340 3293 μὴ
1359 3251 1395 3284 ὃν
1417 3252 1573 3294 ἐνδέχεται
1594 3252 1750 3294 γενέσθαι,
1770 3252 1849 3294 μήτε
1864 3252 1900 3283 τὸ
1917 3251 1952 3283 ὃν
1970 3250 2154 3282 ἀπολέσθαι.
2200 3250 2362 3282 Praeterea

1296 3300 1368 3334 cod.
1390 3301 1475 3342 Lips.
1496 3301 1531 3333 ἐκ
1543 3303 1599 3333 τοῦ
1614 3300 1657 3342 μὴ
1680 3299 1767 3337 ὄντος
1785 3299 1919 3341 praebet,
1933 3298 2020 3340 quod
2039 3296 2230 3340 Sylburgius
2252 3297 2362 3336 conje-

1296 3349 1397 3390 cerat,
1416 3357 1520 3390 neque
1534 3349 1602 3380 ullo
1621 3347 1718 3380 modo
1733 3347 1969 3388 repudiandum
1986 3348 2045 3379 est.
2090 3345 2142 3378 sic
2161 3344 2248 3377 enim
2270 3343 2362 3376 Philo

1297 3396 1337 3429 de
1354 3396 1467 3428 mundi
1484 3397 1602 3428 oetern.
1625 3395 1679 3437 (cf.
1701 3395 1792 3428 Galei
1811 3403 1923 3436 opuSC.
1946 3403 1977 3435 p.
2000 3392 2073 3434 510)
2096 3392 2229 3424 effatum
2244 3393 2361 3432 Empe.-

1296 3444 1446 3477 docleum
1466 3443 1581 3476 iisdem
1595 3452 1695 3485 prope
1712 3443 1821 3475 verbis
1839 3443 1981 3475 reserens
1996 3450 2004 3473 :
2027 3442 2160 3482 Λέγεται
2186 3439 2289 3482 μέντοι
2307 3439 2360 3471 καὶ

1297 3490 1394 3533 φθορὰ
1397 3515 1457 3523 .....
1459 3492 1480 3530 ἡ
1488 3494 1543 3523 τοῦ
1556 3490 1644 3528 ὄντος
1658 3490 1858 3532 ἀναφαίρεσις
1869 3489 2033 3527 παντελής,
2048 3489 2086 3526 ἢν
2096 3488 2149 3519 καὶ
2164 3486 2361 3528 ἀνύπαρκτον

1299 3539 1468 3580 ἀναγκαῖον
1492 3539 1604 3579 λέγειν.
1649 3538 1758 3580 ὥσπερ
1785 3539 1820 3570 ἐκ
1839 3540 1895 3569 τοῦ
1923 3537 1966 3576 μὴ
1998 3536 2086 3572 ὄντος
2110 3535 2199 3567 οὐδὲν
2222 3534 2361 3575 γίγνεται
