2612 3814
0 3406 6 3634 --w-..a—-w
0 3329 2 3395 -v—*
0 3291 1 3311 ⁴„
0 3245 1 3248 „

286 264 329 296 3⁴
1155 239 1575 283 communimus

289 343 553 393 significantur
574 338 718 377 foedera
737 334 924 387 auspiciis
943 333 1111 371 Junonis
1127 331 1274 383 jugalis
1297 339 1335 368 et
1398 330 1481 368 zius
1503 327 1650 379 recepit
1676 341 1684 364 :
1718 327 1750 364 οἱ
1770 326 1802 364 δ’
1830 319 1901 364 εἶτ’
1926 326 1949 373 ἢ
1976 325 2067 364 κατὰ
2088 327 2214 379 φωτῶν
2235 324 2364 387 ςγένος)
2391 341 2454 378 μι-

289 402 396 440 lovis
413 401 708 451 intel-sponsum
722 392 1138 448 sponsamquejuncta.
1151 389 1333 441 Ejusdem

287 469 407 513 poetae
435 458 555 497 verba
574 454 749 507 Choeph.
778 467 831 492 vs.
854 458 930 504 944
953 450 1052 503 ὅρκος
1072 450 1103 488 τ’
1122 447 1265 499 ἐμμένει
1278 463 1335 485 πι·

285 519 448 571 (πτώμασι
469 518 598 556 valent
626 530 634 553 :
650 515 918 564 jusjurandum
938 513 1029 548 data
1053 511 1134 558 fide
1156 516 1333 544 servatur.

285 578 547 626 Quamobrem
572 573 822 626 Empedocles
843 571 910 622 qui
936 570 1054 607 Musae
1074 566 1222 605 auxilio
1251 565 1335 617 phi-

289 636 505 689 losophiam
542 648 582 673 se
615 633 845 671 traditurum
888 642 972 667 esse
1011 627 1215 679 profitetur
1258 637 1335 661 non

289 704 413 749 potest
432 693 644 743 πιστώματα
668 691 869 730 nominare
895 688 971 726 nisi
992 688 1245 737 probationes,
1274 682 1334 720 vel

293 756 424 808 potius
451 764 551 791 certa
583 759 804 802 argumenta
834 761 920 799 quae
953 755 1133 796 tanquam
1162 743 1237 782 diis
1265 742 1336 779 du-

290 815 402 853 cibus
423 826 470 851 ex
493 812 643 849 infinita
664 815 978 858 argumentor-mn
996 803 1108 854 copia
1128 809 1335 840 sumuntur

291 874 338 912 ad
360 872 548 923 cujusque
572 870 626 907 rei
649 877 823 906 naturam
846 862 1107 916 aperiendam.
1134 860 1220 898 Jam
1245 872 1335 911 per-

291 934 466 984 spicuum
509 930 584 967 erit
616 927 711 979 quid
748 924 899 964 intersit
933 923 1034 960 inter
1070 922 1266 972 κρατοῦντα
1300 927 1337 956 et

292 992 522 1038 πιστώματα,
548 998 713 1038 quorum
737 984 804 1022 illa
824 982 907 1020 veri
930 981 1015 1018 loco
1037 977 1234 1025 habenda,
1256 976 1338 1015 haec

294 1050 454 1088 sontium
486 1048 607 1085 instar
646 1057 728 1083 esse
748 1042 945 1087 vidimus,
976 1053 998 1077 a
1028 1036 1174 1089 quibus
1204 1037 1338 1086 generi

292 1110 459 1150 humano
495 1106 541 1145 ad
581 1117 716 1142 verum
750 1101 949 1154 profluere
965 1095 1106 1136 'liceat.
1147 1096 1337 1134 Caeterum

292 1167 557 1206 'l'heodoretus
583 1163 698 1202 initio
717 1160 835 1212 hujus
854 1171 989 1198 versus
1009 1155 1209 1195 memoriae
1226 1155 1339 1207 lapsu

291 1222 358 1266 ὧδε
375 1225 442 1280 γὰρ
459 1238 530 1277 pro
551 1225 597 1266 ὡς
617 1221 652 1261 δὲ
674 1222 754 1272 παρ’
772 1218 902 1258 habet.

344 1285 410 1324 Vs.
455 1298 539 1331 ¹07·
578 1278 827 1331 διατμηθέντος
873 1277 989 1328 λόγοιο
1034 1274 1169 1327 paucis
1207 1282 1342 1312 tractat

294 1345 425 1384 Astius
446 1344 486 1382 in
506 1340 680 1380 Platonis
698 1337 851 1377 Phaedr.
873 1343 1081 1375 comment.
1100 1348 1139 1386 p.
1164 1334 1254 1380 362,
1275 1332 1342 1371 ubi

295 1418 334 1455 p.
370 1403 445 1442 265
475 1399 669 1451 διατέμνειν
689 1399 766 1436 κατ’
788 1396 901 1449 ἄρθρα
930 1395 977 1433 de
997 1394 1199 1433 dialectica
1229 1407 1344 1432 usur-

295 1471 419 1514 patur.
438 1461 494 1499 lta
510 1459 674 1509 serejam
693 1466 780 1495 ante
795 1469 882 1494 eum
901 1455 976 1493 loci
994 1454 1188 1492 Platonici
1212 1453 1345 1492 imme-

296 1535 381 1560 mor
395 1514 577 1559 statuerat
593 1518 783 1555 Sturzius.
802 1515 930 1553 Satius
952 1523 1008 1552 est
1029 1527 1115 1551 cum
1139 1513 1343 1550 Karstenio

294 1579 396 1631 λόγον
415 1579 479 1617 1110
500 1575 748 1628 interpretari
774 1573 832 1612 τὸν
854 1577 932 1611 νοῦν
956 1571 1168 1625 (quomodo
1192 1571 1345 1608 Parme-

296 1639 406 1678 nides
426 1652 482 1678 vs.
504 1638 551 1675 56
569 1637 682 1688 κρῖναι
697 1634 732 1673 δὲ
747 1633 851 1685 λόγῳ)
872 1642 913 1671 111
929 1633 980 1671 511
994 1630 1184 1670 sententia
1200 1645 1208 1666 :
1224 1640 1346 1668 meme

298 1703 337 1734 ite
353 1698 576 1748 pracordiis
593 1697 725 1732 divisa.
744 1692 829 1730 Non
849 1691 1012 1729 multum
1033 1689 1081 1728 ab
1103 1690 1174 1727 hac
1195 1687 1347 1750 abludit

299 1756 500 1794 Homerica
519 1762 711 1793 structura
734 1751 781 1791 ll.
804 1750 874 1789 lib.
898 1749 930 1797 1,
962 1751 1052 1800 189,
1075 1749 1109 1786 ἐν
1131 1747 1170 1787 δέ
1199 1749 1231 1786 οἱ
1261 1751 1347 1801 ἠτορ

298 1815 480 1861 στήθεσσιν
501 1812 652 1852 λασίοισι
673 1811 835 1864 διάνδιχα
865 1808 1093 1862 μερμήριξεν,
1114 1818 1152 1847 01
1173 1808 1347 1847 Maronis

299 1875 395 1914 illud
417 1875 501 1914 AEn.
521 1872 627 1920 Vlll,
645 1886 694 1910 2ο
727 1886 735 1910 :
763 1876 930 1909 animum
950 1884 1047 1907 nunc
1076 1870 1149 1906 huc
1175 1872 1339 1914 celerem,

291 1948 394 1972 nunc
411 1936 543 1971 dividit
556 1935 657 1972 illuc.
674 1933 730 1970 De
746 1931 924 1969 humanae
941 1930 1064 1980 igitur
1082 1929 1221 1968 mentis
1234 1958 1245 1977 ‚
1263 1943 1349 1980 quae

302 1994 417 2032 modo
430 1995 468 2031 in
483 1992 596 2039 hanc,
616 1991 731 2030 modo
746 1991 786 2029 in
801 1991 907 2028 illam
925 1997 1072 2041 partem
1095 1989 1217 2027 fertur
1235 1996 1349 2038 atque

300 2053 377 2091 alio
399 2061 570 2103 tempore
598 2052 673 2089 alia
693 2050 834 2102 probat
849 2079 859 2096 ‚
882 2050 1146 2088 inconstantia
1164 2058 1201 2087 et
1218 2048 1343 2087 imbe-

300 2111 460 2149 cillitate
471 2110 648 2161 queritur
660 2108 925 2160 Empedocles.
942 2108 1138 2155 Quocirca
1152 2108 1349 2146 Musarum

301 2169 487 2208 beneficio
507 2169 688 2207 mortales
703 2168 750 2206 ad
767 2167 1082 2219 perspiciendam
1106 2180 1236 2205 rerum
1261 2168 1352 2205 uni-

302 2229 521 2267 versitatem
558 2228 766 2279 pervenire
792 2240 907 2278 posse
935 2226 1148 2265 contendit.
1185 2226 1237 2264 Ut
1258 2240 1351 2265 vero

303 2287 365 2325 hic
379 2285 571 2337 διατέμνειν
590 2286 637 2325 de
654 2289 786 2327 animo
798 2286 838 2324 in
855 2286 986 2324 varias
1001 2294 1130 2337 partes
1140 2285 1350 2325 distracto:

305 2346 356 2384 ita
374 2346 491 2397 paulo
511 2346 673 2384 inferius
693 2346 794 2384 idem
816 2344 980 2383 verbum
1002 2347 1100 2396 [γυῖα
1118 2347 1249 2397 κακῇσι
1270 2345 1351 2383 δια-

303 2404 464 2454 τμηθέντ’
504 2403 670 2458 ἐρίδεσσι]
713 2404 761 2443 de
806 2417 971 2455 corpore
1014 2403 1163 2442 morbis
1209 2404 1354 2443 afflicto

306 2470 479 2513 usurpat.

359 2520 444 2558 Vss.
470 2518 664 2571 108-119.
687 2522 718 2559 ot
747 2521 776 2558 δ’
809 2518 829 2558 ὅ
847 2536 880 2559 τι
901 2536 956 2560 κεν
975 2519 1067 2559 κατὰ
1081 2544 1135 2551 -
1149 2521 1224 2560 ἐπεὶ
1251 2521 1353 2560 λύθεν

308 2578 405 2618 οὐδὲν
424 2578 478 2631 ἄρ’
497 2576 600 2629 εἰσίν]
621 2579 780 2617 exhibet
798 2580 1027 2619 Plutarchus
1057 2580 1143 2619 adv.
1164 2581 1291 2619 Colot.
1314 2595 1352 2632 p.

316 2638 435 2684 1113,
456 2637 532 2675 vol.
560 2635 592 2674 X
627 2651 667 2688 p.
702 2638 897 2686 578-580.
929 2638 995 2678 Vs.
1032 2653 1103 2676 112
1136 2639 1279 2677 citatur
1307 2638 1356 2676 ab

312 2696 448 2734 eodem
470 2696 581 2746 Reip.
605 2709 682 2745 ger.
703 2710 817 2748 praec.
849 2711 887 2748 p.
918 2698 994 2735 820
1009 2727 1019 2745 ,
1041 2699 1119 2736 vol.
1142 2697 1193 2735 IX
1215 2712 1255 2750 p.
1279 2699 1355 2735 266

312 2755 372 2793 ed.
398 2754 542 2801 Reisk.;
562 2756 757 2805 posterior
785 2755 957 2806 ejusdem
985 2770 1122 2795 versus
1142 2770 1232 2809 pars
1259 2756 1357 2810 νόμῳ

318 2814 396 2852 κτλ.
414 2813 499 2853 adv.
517 2813 641 2852 Colot.
662 2827 698 2865 p.
730 2827 818 2860 112,
844 2814 922 2854 vol.
942 2813 977 2851 X
994 2828 1035 2865 p.
1058 2815 1145 2862 577.
1168 2814 1358 2866 Rejicitur

316 2872 376 2910 his
405 2871 584 2910 versibus
610 2872 783 2921 vulgaris
806 2873 962 2924 opinio,
992 2886 1068 2924 qua
1100 2874 1206 2911 nasci
1243 2882 1358 2926 atque

316 2931 477 2969 interire
497 2931 634 2969 dicunt
651 2944 696 2969 ea
718 2944 804 2982 quae
823 2944 958 2970 revera
976 2940 1123 2970 tantum
1146 2941 1357 2982 mutantur,

315 2987 356 3026 id
376 2996 454 3036 est,
488 2987 604 3026 modo
636 2997 951 3038 coagmentantur
970 2989 1086 3027 modo
1107 2989 1358 3041 dissipantur.

315 3047 442 3093 Quum
464 3055 590 3085 autem
610 3047 858 3098 Empedoclis
885 3047 1008 3086 verba
1037 3048 1245 3086 admodum
1269 3064 1360 3088 cor-

318 3113 432 3156 rupta
451 3105 530 3143 sint
559 3106 600 3143 in
620 3105 819 3143 Plutarchi
851 3106 1073 3157 codicibus,
1107 3116 1236 3145 notata
1264 3110 1363 3147 scri-

317 3171 440 3214 pturae
464 3163 648 3202 varietate
682 3164 860 3202 virorum
891 3165 1093 3203 doctorum
1121 3165 1362 3216 conjecturas

318 3222 491 3261 breviter
510 3223 745 3263 memorabo,
775 3222 837 3263 Vs.
874 3225 946 3262 108
979 3225 1033 3263 ita
1055 3225 1254 3264 mutilatus
1273 3235 1330 3265 est
1351 3241 1359 3264 τ

317 3284 348 3320 οἱ
363 3283 392 3320 δ’
412 3281 468 3320 ὅτε
488 3282 580 3320 κατὰ
596 3284 694 3335 φῶτα
708 3282 807 3335 μίγεν
818 3286 889 3336 φῶς
907 3283 1031 3338 αἰθέρι,
1046 3285 1148 3323 unde
1166 3284 1364 3336 Xylander

318 3341 478 3380 effecit:
501 3343 532 3380 οἱ
561 3341 590 3380 δ’
619 3339 676 3380 ὅτε
696 3340 738 3388 δὴ
758 3342 850 3382 κατὰ
880 3345 979 3396 φῶτα
1011 3343 1110 3395 μίγεν
1139 3343 1225 3397 φάος
1254 3344 1363 3396 αἰθέρι

318 3399 437 3453 κύρει,
455 3401 631 3440 Reiskius
647 3402 863 3454 suspicatus
878 3411 936 3441 est
952 3403 983 3441 οἱ
1004 3404 1032 3442 δ’
1053 3403 1110 3443 ὅτε
1123 3402 1146 3451 ἢ
1160 3404 1251 3442 κατὰ
1264 3407 1362 3458 φῶτα

320 3457 418 3511 μιγὲν
436 3458 525 3512 φάνη
544 3458 653 3512 αἰθέρι
669 3460 838 3514 λαμπρῷ,
863 3461 1006 3500 Coraes
1022 3475 1116 3501 vero
1137 3463 1241 3514 quod
1260 3463 1364 3502 Stur-

1395 388 1511 439 σγέντ’
1541 389 1573 430 ἐς
1601 385 1688 439 φάος
1721 385 1825 438 ἔλθῃ,
1847 385 2076 424 Karstenius
2105 387 2136 423 οἱ
2157 386 2201 433 δ’,
2219 383 2331 432 εὖτ’-ἢ
2361 385 2455 427 κατὰ

1395 449 1512 500 φῶτας
1531 445 1588 498 ἴδῃ
1610 443 1692 498 φάος
1713 443 1862 495 αἰθέριόν
1881 459 1933 496 γε,
1948 444 2273 483 Panzerbieterus
2295 446 2327 483 οἱ
2349 444 2382 483 δ’
2396 445 2456 485 ὅτε

1396 505 1458 556 μὲν
1491 504 1583 543 κατὰ
1620 506 1719 557 φῶτα
1754 502 1854 555 μιγὲν
1888 502 1974 556 φάος
2006 504 2140 556 αἰθέρος
2174 502 2255 557 ἵκῃ,
2281 504 2456 545 Steinius

1395 565 1502 603 omni
1519 563 1751 602 emendandi
1772 570 1914 601 conatu
1933 562 2136 603 abstinuit.
2159 563 2257 602 Mihi
2274 563 2457 603 scriben-

1396 626 1488 662 dum
1513 623 1669 662 videtur
1693 637 1702 661 :
1728 624 1759 661 οἱ
1781 622 1812 660 δ’
1835 621 1869 672 ὅ,
1892 637 1925 660 τι
1945 638 2004 661 κεν
2024 621 2117 662 κατὰ
2134 624 2234 676 φῶτα
2252 622 2353 675 μιγὲν
2369 622 2458 677 φάος

1397 681 1530 735 αἰθέρος
1558 681 1634 734 ἵκῃ.
1666 682 1818 720 Falsum
1849 681 1954 720 enim
1994 690 2052 720 est
2083 682 2190 733 quod
2223 682 2457 722 Kar-stenius

1397 743 1598 794 opinatur,
1620 741 1842 780 necessario
1864 741 1928 779 hic
1949 741 2098 792 requiri
2117 742 2306 793 pluralem
2324 742 2456 795 φῶτας.

1398 802 1462 840 Sic
1485 802 1601 841 etiam
1620 800 1746 839 Graeci
1762 799 1807 838 τὰ
1827 801 1906 839 κατ’
1929 798 2111 853 ἄνθρωπον
2130 800 2269 839 dicunt
2285 814 2372 852 quae
2397 801 2459 840 sa-

1401 862 1581 900 cultatem
1597 861 1806 899 humanam
1825 873 1904 898 non
1924 859 2130 899 excedunt.
2146 859 2206 898 Cf.
2223 859 2347 912 Soph.
2363 861 2457 901 (Ed.

1401 920 1487 960 Col.
1505 934 1562 960 vs.
1580 922 1673 973 604,
1689 919 1722 958 τί
1735 919 1801 972 γὰρ
1816 918 1856 958 τὸ
1871 921 1986 969 μεῖζον
1999 918 2021 965 ἢ
2034 918 2114 956 κατ’
2124 919 2306 972 ἄνθρωπον
2320 921 2432 964 νοσεῖς
2446 934 2460 970 ς

1398 979 1495 1019 Plat.
1518 979 1672 1020 Phileb.
1696 993 1782 1032 pag.
1803 993 1847 1016 12
1868 979 1910 1017 C.
1931 978 1992 1018 ed.
2011 978 2145 1031 steph.
2162 978 2202 1017 τὸ
2222 979 2253 1017 δ’
2269 977 2354 1032 ἐμὸν
2369 979 2462 1033 δέος,

1399 1032 1428 1078 ὦ
1450 1038 1668 1093 Πρώταρχε,
1691 1037 1747 1077 ἀεὶ
1765 1037 1850 1091 πρὸς
1866 1036 1910 1076 τὰ
1930 1039 2000 1076 τῶν
2021 1039 2108 1075 θεῶν
2127 1037 2286 1090 ὀνόματα
2303 1041 2368 1077 οὐκ
2386 1037 2465 1079 ἔστι

1399 1100 1477 1137 κατ’
1503 1097 1686 1152 ἄνθρωπον
1706 1100 1782 1137 κτλ.
1809 1096 1873 1136 Vs.
1905 1111 1976 1148 ¹09
1998 1097 2200 1147 legebatur
2218 1095 2242 1144 ἢ
2271 1096 2365 1136 κατὰ
2395 1101 2463 1146 θη·-

1402 1159 1468 1210 ρῶν
1482 1156 1693 1211 ἀγροτέρων,
1704 1157 1812 1209 quod
1823 1170 1911 1195 cum
1928 1155 2139 1196 Ritschelio
2152 1155 2256 1208 apud
2269 1155 2462 1196 Steinium

1357 1243 1363 1248 -
1402 1217 1551 1256 mutavi
1581 1217 1624 1256 in
1645 1215 1687 1263 ἠὲ
1710 1216 1790 1254 κατ’
1812 1214 2010 1269 ἀγροτέρων
2033 1215 2147 1267 θηρῶν
2177 1215 2256 1255 κτλ.
2289 1213 2356 1256 Vs.
2390 1229 2465 1255 110

1402 1275 1605 1315 Plutarchi
1638 1274 1754 1315 codd.
1787 1274 1976 1314 exhibent
2010 1273 2084 1321 εήὲ
2106 1275 2186 1313 κατ’
2206 1274 2354 1327 οἰωνῶν,
2383 1275 2466 1315 τότε

1403 1334 1467 1386 μὲν
1504 1335 1563 1374 τὸν
1567 1363 1791 1376 .....
1830 1333 2005 1386 γενέσθαι.
2065 1333 2262 1372 Lacunam
2307 1334 2468 1385 explere

1403 1397 1575 1446 aggressi
1591 1403 1682 1433 sunt
1702 1393 1884 1432 Reiskius
1901 1401 1938 1432 et
1957 1392 2136 1431 Sturzius
2151 1393 2206 1431 ita
2222 1391 2433 1432 scribendo
2451 1407 2462 1432 ε

1403 1453 1481 1492 τότε
1507 1453 1571 1504 μὲν
1591 1453 1632 1492 τὸ
1654 1452 1797 1503 λέγουσι
1829 1451 2016 1506 γενέσθαι,
2050 1452 2281 1492 Karste'nius
2301 1451 2381 1492 τότε
2402 1451 2466 1503 μὲν

1405 1512 1565 1552 δοκέουσι
1596 1512 1778 1564 γενέσθαι,
1811 1511 2136 1550 Panzerbieterus
2170 1511 2251 1551 τότε
2285 1510 2350 1564 μὲν
2385 1511 2467 1564 τόγε

1405 1573 1492 1623 φασὶ
1506 1572 1685 1626 γενέσθαι,
1701 1572 1875 1611 Steinius
1890 1571 1969 1611 τότε
1986 1570 2049 1623 μὲν
2069 1570 2114 1610 τὰ
2134 1571 2275 1625 λέγουσι
2287 1571 2465 1624 γενέσθαι.

1406 1632 1488 1682 Ego
1510 1632 1736 1684 ponendum
1763 1623 1938 1670 arbitror
1957 1646 1966 1669 ι
1986 1630 2066 1685 τόγε
2087 1631 2151 1682 μὲν
2170 1631 2345 1686 φάσκουσι
2371 1632 2468 1685 γενέ-

1406 1694 1500 1731 σθαι.

1459 1751 1525 1791 Vs.
1550 1765 1565 1788 1
1579 1766 1591 1789 1
1605 1765 1639 1790 1.
1665 1749 1867 1789 Plutarchi
1883 1750 2126 1802 exemplaria
2145 1750 2332 1790 mendose
2354 1763 2364 1790 :
2388 1744 2470 1790 εῧτε

1407 1812 1437 1850 δ’
1460 1812 1678 1866 ἀποκριθῶσι
1698 1809 1742 1848 τὰ
1763 1810 1792 1848 δ’
1808 1802 1852 1848 αῧ
1866 1808 2084 1860 δυσδαίμονα
2100 1809 2250 1861 πότμον.
2268 1809 2470 1862 Rosci-ipsi

1408 1880 1536 1910 autem
1575 1884 1662 1909 cum
1695 1868 2000 1908 Panzerbietero
2027 1861 2107 1908 εῧτε
2134 1870 2165 1907 δ’
2202 1871 2467 1924 ἀποκρινθῶσι,

1409 1931 1522 1982 cujus
1552 1931 1639 1968 loco
1661 1929 1898 1968 Ritschelius
1930 1928 2036 1980 apud
2069 1929 2262 1968 Steinium
2300 1929 2471 1969 malebat

1410 1989 1662 2042 ἀποκριθέωσι.
1685 1989 1878 2027 Praeterea
1897 1987 1937 2026 τὸ
1957 1989 1986 2026 δ’
2006 1981 2051 2026 αῧ
2081 1988 2298 2040 δυσδαίμονα
2331 1989 2472 2042 πότμον

1410 2063 1627 2103 praegresso
1661 2049 1821 2087 Reiskio
1858 2061 1947 2086 cum
1993 2047 2195 2099 plerisque
2247 2049 2470 2090 editoribus

1409 2109 1581 2159 vulgavi.
1604 2107 1671 2148 Vs,
1699 2121 1771 2145 112
1794 2120 1858 2158 ap.
1889 2106 2090 2146 Plutarch.
2115 2107 2206 2147 adv.
2236 2108 2360 2148 Colot.
2382 2110 2410 2149 1.
2432 2124 2468 2149 c.

1411 2171 1467 2209 sic
1491 2178 1670 2208 exaratus
1689 2176 1747 2206 est
1770 2182 1779 2205 ε
1807 2160 1896 2206 εἶναι
1922 2165 2121 2206 καλέουσιν·
2142 2165 2237 2218 ὅμως
2266 2167 2298 2205 δ’
2318 2167 2472 2221 ἐπίφημι

1412 2229 1472 2268 καὶ
1493 2227 1607 2278 αὐτὸς,
1626 2227 1694 2267 sed
1708 2228 1830 2266 altero
1846 2227 1935 2265 loco
1948 2226 2092 2276 legitur
2112 2220 2160 2278 :Z
2175 2225 2274 2277 θέμις
2289 2227 2474 2279 καλοῦσιν,

1412 2288 1507 2339 ὅμως
1527 2287 1635 2341 ἐπίφη
1658 2288 1718 2326 καὶ
1739 2285 1840 2330 αὐτός
1871 2286 1934 2325 vel
1963 2285 2063 2338 νόμῳ
2084 2284 2120 2324 δὲ
2141 2284 2163 2332 ἢ
2184 2284 2219 2324 τί
2242 2300 2334 2339 φημς
2387 2288 2471 2329 κτλ,

1414 2349 1588 2401 Expulso
1621 2346 1816 2385 vocabulo
1840 2339 1927 2384 εἶναι
1949 2346 2180 2386 Karstenius
2199 2355 2238 2385 et
2261 2346 2473 2388 Diibnerus

1414 2409 1553 2451 εἰκαίως
1573 2407 1799 2455 ediderunt,
1822 2405 2044 2457 subjunctis
2073 2405 2136 2444 his
2164 2405 2300 2445 verbis
2320 2405 2418 2460 νόμῳ
2441 2408 2474 2446 δ’

1414 2467 1565 2521 ἐπίφημι
1585 2466 1646 2505 καὶ
1677 2464 1801 2514 αὖτός;
1824 2474 1960 2504 contra
1975 2464 2155 2504 Sturzius
2179 2474 2218 2504 et
2236 2465 2476 2506 Panzerbie·

1416 2536 1522 2566 terus
1553 2526 1719 2579 probata
1751 2525 1898 2564 Reiskii
1929 2525 2176 2563 correctione
2210 2539 2219 2562 :
2253 2525 2289 2564 ἔν
2317 2540 2357 2578 γε
2376 2524 2477 2579 νόμῳ

1416 2584 1603 2633 καλέουσι,
1623 2583 1724 2638 νόμῳ
1757 2584 1788 2622 δ’
1809 2584 1960 2634 ἐπίφημι
1980 2583 2041 2622 καὶ
2066 2583 2181 2628 αὐτός.
2203 2583 2264 2622 Ab
2299 2583 2361 2623 his
2389 2583 2476 2623 dis-

1418 2653 1617 2684 cesserunt
1644 2643 1972 2695 lVyttenbachius
2004 2652 2042 2681 et
2071 2643 2270 2694 Steinius,
2305 2656 2477 2694 quorum

1418 2705 1514 2749 alter
1543 2704 1759 2753 refragatus
1799 2703 2016 2742 Reiskianae
2053 2702 2320 2742 emendationi
2353 2702 2421 2755 οὐχ
2451 2697 2478 2751 ἦ

1417 2765 1515 2816 θέμις
1549 2765 1597 2803 ad
1627 2763 1828 2804 Plutarch.
1845 2757 1965 2816 praec.
1988 2763 2088 2814 reip.
2114 2775 2194 2813 ger.
2211 2762 2423 2813 proposuit
2451 2746 2478 2815 ’ᾖ

1419 2824 1516 2876 θέμις
1535 2826 1572 2862 οὗ
1593 2832 1631 2862 et
1647 2823 1694 2861 ad
1712 2823 1886 2874 ejusdem
1905 2824 1996 2862 adv.
2021 2822 2150 2861 Colot.
2166 2820 2313 2860 librum
2331 2820 2476 2869 ἀλοιτὴν

1419 2882 1586 2922 καλέουσι
1604 2883 1809 2933 legendum
1847 2882 1926 2921 sibi
1955 2878 2087 2920 videri
2107 2881 2358 2928 observavit,
2381 2881 2480 2921 alter

1419 2943 1462 2981 in
1479 2941 1726 2994 Empedoclis
1743 2941 1918 2980 editione
1937 2940 1959 2989 ἢ
1979 2941 2077 2992 θέμις
2094 2939 2183 2990 ἐστὶ,
2201 2941 2364 2989 καλοῦσι,
2379 2940 2480 2994 νόμῳ

1421 3002 1451 3040 δ’
1473 3001 1625 3054 ἐπίφημι
1644 2999 1705 3038 καὶ
1727 2999 1828 3043 αὐτός
1849 3001 2025 3040 tentavit.
2054 2999 2153 3038 Mihi
2174 3000 2382 3051 utriusque
2399 2999 2479 3039 loci

1422 3060 1742 3113 depravationem
1764 3060 2006 3111 comparanti
2024 3059 2244 3098 verisimile
2262 3067 2320 3098 est
2342 3058 2480 3097 adver-

1421 3114 1530 3153 bium
1552 3112 1714 3164 aliquod
1728 3113 1823 3151 olim
1842 3113 1957 3151 initio
1973 3126 2112 3152 versus
2129 3113 2320 3164 scriptum
2341 3112 2476 3153 fuisse.

1421 3173 1563 3219 Quare,
1578 3171 1685 3224 quod
1704 3171 1935 3222 Empedocle
1953 3185 2031 3209 non
2050 3172 2256 3221 indignum
2275 3170 2476 3218 existimo,

1423 3232 1606 3284 ἀπρεπέως
1650 3229 1841 3278 καλέουσι,
1890 3229 1987 3281 νόμῳ
2022 3229 2051 3268 δ’
2081 3229 2235 3283 ἐπίφημι
2274 3228 2335 3268 καὶ
2376 3228 2480 3273 αὐτός

1422 3302 1560 3328 versus
1576 3288 1787 3341 supplendi
1810 3288 1934 3339 gratia
1955 3288 2130 3339 reposui.
2147 3287 2213 3327 Vs.
2242 3287 2330 3327 115.
2352 3285 2479 3337 Vulgo

1423 3346 1499 3394 ἤτοι
1519 3348 1774 3396 καταθνήσκειν
1797 3376 1986 3388 .....
2019 3347 2152 3395 πάντη.
2188 3347 2266 3386 Sed
2291 3346 2408 3394 πάντη
2437 3347 2480 3384 111

1424 3405 1564 3454 ἁπάντη
1584 3407 1663 3458 jam
1681 3406 1900 3458 Stephanus
1921 3406 2112 3456 correxit,
2136 3405 2215 3453 ἤτοι
2243 3405 2422 3445 Sturzius
2439 3404 2482 3444 in

1423 3463 1465 3512 ἠὲ
1502 3466 1678 3506 mutavit.
1717 3466 1764 3503 At
1796 3466 1918 3504 multo
1953 3466 2097 3503 rectius
2127 3465 2307 3504 Reiskius
2335 3462 2482 3511 111ἤτοι

2596 841 2612 1033 ὠκινήιιυψνψ
2595 686 2612 814 .=.·.Jv<³-..
2603 658 2609 673 -ι
2595 630 2609 646 „t
2591 555 2609 590 ¹:-
2599 530 2606 534 τ
2603 510 2606 514 ,
2600 487 2603 491 -
2594 400 2607 465 ;-
2606 374 2607 378 Α
2602 358 2605 359 ,
2591 288 2612 343 ¹:⁴5*
