2612 3814
931 232 1216 282 HERACLITI
1243 233 1584 273 FRAGMENTA.
2064 278 2066 280 v
2276 240 2353 275 323

172 337 226 362 ss.
257 320 319 360 Διὸ
334 321 384 358 δεῖ
405 319 552 358 ἔπεσθαι
573 319 622 371 τῷ
639 315 748 370 ξυνῷ·
768 319 831 356 τοῦ
850 315 956 370 λόγου
978 316 1015 355 δὲ
1035 315 1149 360 ἐόντος
1167 315 1234 361 ξυ-

258 383 315 419 ιοῦ
338 378 485 424 ζώουσιν
504 379 535 416 οἱ
552 375 676 415 πολλοὶ
692 378 739 419 ὡς
755 375 846 415 ἰδίαν
860 374 1000 428 ἔχοντες
1019 374 1203 428 φρόνησιν.

312 438 479 491 (Sextus
502 436 727 488 Empiiicus
757 435 847 475 adv.
881 434 1109 484 Math.V11,
1146 435 1234 475 133.

255 499 479 548 Sequuntur
497 495 601 547 apud
615 508 703 534 eum
720 494 834 534 haec.
851 493 897 534 ‘H
911 494 942 533 δ’
958 492 1052 533 ἐστὶν
1065 495 1131 549 οὐκ
1149 494 1236 533 ἄλλο

256 571 290 595 τι
314 554 337 603 ἢ
358 554 524 607 ἐξήγησις
546 569 608 593 του
630 554 762 607 τρόπου
779 556 842 602 τῆς
865 570 926 593 του
949 552 1078 599 παντὸς
1098 552 1235 600 διοική-

252 630 355 658 σεως.
373 613 437 653 Διὸ
456 612 615 652 καθότι*
599 629 641 651 αν
658 614 765 652 αὐτου
785 616 847 660 τῆς
863 628 1004 664 μνημης
1015 611 1236 659 κοινωνήσω-

256 688 319 724 μεν
341 671 577 723 ἀληθεύομεν,
604 671 627 710 ἃ
652 670 689 712 δὲ
718 670 760 711 ἂν
789 672 982 724 ἰδιάσωμεν
1011 672 1232 726 ψευδόμεθα,

250 745 342 784 quae
358 732 587 784 interpretis
604 731 737 783 potius
756 745 874 783 quam
894 731 1021 784 ipsius
1045 731 1235 771 Heracliti

250 804 339 831 esse
357 791 479 832 dicas.
504 791 580 830 Sed
601 792 711 831 illius
731 791 830 837 ξυνοῧ
851 791 957 844 λόγου
979 792 1035 830 ita
1054 791 1234 830 meminit

255 851 472 890 Heraclitus
484 851 588 903 apud
609 851 659 891 M.
678 852 822 890 Anton.
840 851 905 900 IV,
925 853 991 899 46,
1010 860 1055 890 ut
1073 864 1096 889 a
1110 850 1234 904 γνώμῃ

254 911 264 964 (
283 911 421 962 fragm.
453 910 528 962 55)
552 924 633 949 non
656 911 884 962 distinguat.
907 911 1113 963 Apponam
1130 909 1236 949 inte-

251 984 368 1022 grum
398 971 544 1021 locum,
565 970 678 1022 cujus
707 979 836 1009 tamen
862 982 1003 1020 magna
1027 981 1118 1021 pars
1146 981 1233 1006 cum

255 1031 346 1070 aliis
374 1030 601 1081 fragmentis
636 1029 913 1081 conjungenda
941 1037 1000 1068 est
1037 1041 1047 1068 ι
1079 1026 1149 1066 Ἀεὶ
1175 1032 1235 1067 τοῦ

216 1104 222 1112 ’
252 1089 520 1143 ἹΙρακλειτείου
538 1092 738 1141 μεμνῆσθαι
754 1088 807 1127 ὅτι
823 1091 886 1141 γῆς
899 1087 1047 1131 θάνατος
1067 1085 1161 1140 ὕδωρ
1176 1102 1235 1138 γε·

250 1148 396 1200 νέσθαι,
418 1148 480 1188 καὶ
514 1148 639 1193 ὕδατος
673 1148 819 1191 θάνατος
846 1146 934 1200 ἀέρα
962 1145 1146 1200 γενέσθαι,
1172 1147 1233 1185 καὶ

255 1208 356 1263 ἀέρος
377 1224 463 1263 πυρ,
484 1207 546 1247 καὶ
575 1206 743 1259 ἔμπαλιν.
778 1209 991 1258 Μεμνησθαι
1026 1204 1062 1244 δὲ
1085 1204 1147 1244 καὶ
1173 1208 1234 1244 του

252 1267 572 1318 ἐπιλανθανομένου
603 1271 626 1321 ᾗ
650 1270 672 1315 ἡ
693 1266 770 1312 ὁδὸς
801 1266 898 1318 ἄγει·
919 1265 981 1304 καὶ
1006 1264 1079 1314 ὅτι,
1098 1269 1127 1319 ᾧ
1153 1264 1233 1317 μά-

251 1329 384 1366 λιστα
424 1327 642 1374 διηνεκῶς
676 1328 896 1378 ὁμιλοῦσι
922 1324 1056 1379 λόγῳ,
1093 1328 1150 1379 τῷ
1181 1324 1234 1364 τὰ

250 1385 333 1424 ὅλα
368 1386 635 1424 διοικοῦντι
658 1385 806 1438 τούτῳ
835 1384 1152 1439 διαφέρονται·
1173 1385 1235 1424 καὶ

251 1439 303 1489 οἷς
321 1444 405 1485 καθ’
427 1445 564 1498 ἡμέραν
586 1447 770 1499 ε’γκυροῧσι
790 1448 902 1484 ταῦτα
924 1446 1039 1491 αὖτὀῖς
1055 1444 1134 1491 ξένα
1154 1443 1235 1497 φαί-

206 1524 208 1526 v
254 1519 373 1543 νεται·
402 1505 464 1544 καὶ
495 1504 549 1544 ὅτι
584 1506 623 1544 οὗ
651 1507 704 1544 δεῖ
723 1504 843 1557 ὥσπερ
866 1504 1098 1549 καθεύδοντας
1123 1506 1233 1543 ποιεῖν

256 1563 318 1603 καὶ
351 1564 487 1615 λέγειν·
525 1564 586 1603 καὶ
616 1564 670 1602 ὅτι
691 1565 730 1604 οὗ
749 1565 803 1603 δεῖ
829 1566 877 1610 ὣς
913 1564 1044 1608 παῖδας
1069 1562 1201 1603 τοκέων
1219 1592 1231 1612 ,

253 1622 347 1662 τοῦτ’
369 1621 444 1662 ἔστι
460 1622 552 1662 κατὰ
572 1623 673 1678 ψιλὸν
695 1623 816 1663 καθότι
839 1621 1152 1676 παρειλήφαμεν.)

172 1695 223 1720 ον.
255 1682 412 1734 Ψυχῇσι
434 1681 578 1727 θάνατος
596 1681 689 1735 ὕδωρ
706 1682 890 1735 γενέσθαι,
913 1681 1014 1721 ὕδατι
1033 1683 1069 1721 δὲ
1089 1682 1236 1727 θάνατος

255 1743 321 1793 γῆν
338 1741 517 1793 γενέσθαι·
539 1743 580 1781 ἐκ
594 1745 657 1794 γῆς
672 1742 708 1782 δὲ
724 1742 818 1796 ὕδωρ
837 1741 991 1794 γίνεται,
1006 1741 1041 1788 ἐξ
1061 1741 1184 1787 ὕδατος
1199 1742 1235 1781 δὲ

255 1799 368 1853 ψυχή.

311 1859 508 1913 (Clemens
544 1861 690 1899 Strom.
711 1861 795 1911 ‘Vl‚
836 1875 858 1899 2
890 1875 899 1899 :
930 1859 1159 1913 Ἡράκλειτος
1196 1864 1235 1901 ἐκ

254 1918 388 1958 τούτων
409 1919 662 1971 συνιστάμενος
681 1936 759 1964 τους
777 1919 900 1971 λόγους
914 1914 984 1959 ὧδέ
1003 1935 1078 1964 πως
1090 1919 1234 1974 γράφει·

253 1982 390 2033 ψυχῇσι
420 1980 500 2018 κτλ.
529 1980 588 2019 Cf.
627 1980 744 2018 Philo
766 1980 814 2018 de
854 1980 989 2020 mund.
1025 1980 1171 2019 inc01r.
1195 1994 1234 2032 p.

253 2038 366 2090 958.
389 2032 440 2078 Ευ
468 2038 529 2077 καὶ
565 2041 583 2077 ὁ
604 2038 873 2091 Ἥράκ)ειτος’
859 2054 894 2077 εν
915 2031 964 2082 οἷς
986 2053 1072 2092 φησι
1097 2039 1235 2091 ψυχῇσι

253 2096 401 2142 θάνατος
425 2100 492 2150 γῆν
514 2097 689 2149 γενέσθαι.
716 2098 832 2150 Apud
851 2098 903 2136 Pr
906 2098 1067 2136 oclum
1056 2111 1098 2136 ln
1127 2098 1232 2137 Tim.

255 2170 294 2208 p.
319 2157 368 2196 36
389 2157 451 2209 (p.
471 2158 521 2196 83
542 2157 604 2195 ed.
630 2156 879 2211 Schneider.)
898 2170 907 2197 :
929 2157 990 2196 καὶ
1010 2156 1116 2202 ἄλλος
1136 2162 1235 2202 οὗτος

255 2218 381 2270 ψυχῶν
398 2220 468 2256 τῶν
483 2219 612 2270 νοερῶν
634 2217 784 2261 Θάνατος
807 2218 935 2270 ὖγρῇσι
953 2215 1140 2268 γενέσθαι,
1163 2233 1234 2270 φη-

254 2276 311 2315 σὶν
332 2276 588 2330 Ἡράκλειτος,
610 2277 799 2316 Heracliti
830 2278 1048 2316 orationem
1078 2278 1236 2317 insertis

254 2336 389 2376 verbis
401 2340 470 2376 τῶν
490 2339 618 2389 νοερῶν
633 2347 670 2376 et
689 2351 761 2390 pro
778 2338 939 2376 nomine
955 2337 1048 2391 ὕδωρ
1063 2338 1236 2390 epitheto

256 2397 300 2444 ὖγ
304 2399 385 2449 ρῇσι
402 2398 532 2448 posito
546 2398 649 2435 intei
652 2397 850 2449 polatam'
840 2398 1078 2438 mvenimus.
1098 2398 1236 2437 Verbis

259 2455 492 2494 Heracliteis
515 2456 631 2494 Philo
631 2456 888 2530 nsubjungit:
913 2457 1054 2511 Ψυχὴν
1076 2457 1144 2510 γὰρ
1165 2457 1237 2496 οἷό-

256 2528 360 2565 μενος
384 2509 474 2552 εἶναι
496 2513 536 2553 τὸ
566 2517 726 2566 πνεῦμα,
747 2514 811 2563 τὴν
847 2514 910 2566 μὲν
946 2515 1046 2568 ἀέρος
1070 2514 1235 2564 τελευτὴν

254 2571 392 2625 γένεσιν
421 2572 569 2624 ὕδατος,
594 2573 659 2622 τὴν
683 2575 714 2612 δ’
738 2572 863 2618 ὕδατος
881 2591 946 2627 γης
975 2575 1082 2614 πάλιν
1103 2575 1237 2626 γένεσιν

255 2631 468 2682 αἰνίττεται,
490 2631 596 2684 quod
612 2632 929 2685 improbandum.
945 2633 1042 2677 Nam
1058 2634 1158 2673 illud
1172 2650 1237 2674 πε-

257 2691 377 2744 ριέχον
400 2688 505 2731 unde
521 2692 771 2744 prudentiam
792 2701 829 2731 et
847 2693 1146 2744 intelligentiam
1165 2693 1237 2732 du-

255 2751 383 2789 cimus
394 2750 591 2789 Heraclito
603 2750 738 2802 judiee
755 2760 812 2789 est
827 2754 994 2805 φρενῆρες
1008 2761 1047 2790 et
1060 2752 1234 2803 igneum.

252 2808 396 2848 Sextus
420 2809 643 2861 Empiricus
659 2810 745 2848 adv.
765 2809 884 2850 Math.
902 2809 988 2859 Vll,
1015 2812 1088 2849 126
1113 2825 1122 2849 ε
1142 2812 1237 2851 Τοῦ·

253 2883 315 2907 τον
343 2867 385 2916 δὴ
412 2867 469 2908 τὸν
487 2871 577 2908 θεῖον
597 2867 699 2921 λόγον
715 2869 795 2908 καθ’
822 2868 1057 2922 “Ηράκλειτον
1085 2870 1133 2908 δι’
1153 2871 1235 2909 ἀνα-

252 2930 363 2975 πνοῆς
383 2927 582 2973 σπάσαντες
600 2927 713 2981 νοεροὶ
730 2929 909 2981 γινόμεθα.
938 2929 1169 2968 Plutarchus
1189 2929 1238 2968 de

257 2986 309 3026 Is.
339 2996 377 3026 et
393 2987 494 3027 Osir.
514 3001 597 3040 cap.
628 3002 694 3036 77,
717 2989 798 3027 vol.
816 2987 873 3028 IX
902 3003 941 3041 p.
963 2991 1038 3028 208
1063 3003 1071 3028 :
1093 2990 1172 3029 Οὐκ
1201 2991 1236 3028 ἐν

252 3049 392 3099 χροιαῖς
411 3046 493 3101 γάρ,
527 3049 599 3086 οὐδ’
616 3048 652 3085 ἐν
671 3043 856 3100 σχήμασιν
870 3078 882 3099 ‚
910 3049 981 3087 οὐδ’
1004 3050 1038 3087 ἐν
1060 3047 1236 3096 λειότησιν

219 3193 273 3223 58.
297 3192 501 3232 Quapropter
520 3200 588 3225 rem
616 3192 769 3226 omnibus
800 3202 1007 3228 communem
1029 3193 1120 3235 sequi
1140 3201 1245 3236 opor-⁷r

177 3249 249 3281 tet:
270 3250 420 3291 quamvis
440 3251 551 3283 autem
583 3252 666 3284 ratio
691 3253 733 3286 sit
757 3253 962 3294 communis,
986 3253 1103 3293 vulgus
1130 3254 1239 3286 tamen

179 3307 259 3340 vivit
280 3308 371 3350 quasi
389 3309 515 3351 propria
535 3310 676 3352 quadam
692 3311 903 3354 intelligentia
929 3311 1098 3354 praeditum
1122 3312 1176 3345 sit.

220 3372 271 3401 59.
296 3369 485 3402 Animorum
502 3379 589 3404 mors
601 3372 649 3405 est
665 3381 778 3406 eorum
792 3372 824 3406 iu
838 3382 957 3416 aquam
975 3373 1139 3414 transitus,
1153 3382 1239 3414 aqua

175 3428 255 3461 ‘item
277 3429 309 3461 in
341 3429 462 3462 terram
489 3431 613 3464 mutata
632 3431 767 3473 interit3
793 3442 812 3467 e
831 3434 918 3467 terra
936 3435 1046 3466 autem
1067 3442 1149 3475 aqua
1182 3432 1237 3474 tit,

174 3495 218 3519 ex
236 3495 320 3529 aqua
335 3487 478 3521 animum*

1296 2586 1344 2612 61.

1379 314 1554 368 ἐγγίνεται
1574 315 1613 354 τὸ
1634 316 1743 363 θεῖον,
1771 317 1851 354 ἀλλ’
1879 317 2093 370 ἀτιμοτέραν
2124 317 2197 371 ἔχει
2222 319 2356 371 νεκρῶν

1379 379 1525 427 μοῖραν,
1545 373 1612 413 ὅσα
1631 374 1680 426 μὴ
1708 375 1860 428 μετέσχε
1875 405 1886 426 ,
1911 375 2001 425 μηδὲ
2028 376 2188 430 μετέχειν
2209 380 2273 416 τοῦ
2294 380 2357 431 ζῇν

1376 432 1545 487 πέφυκεν.
1567 433 1614 474 Ἡ
1637 433 1673 472 δὲ
1695 435 1792 489 ζῶσα
1820 438 1881 473 καὶ
1903 435 2083 487 βλέπουσα
2103 437 2164 475 καὶ
2190 436 2359 485 κινήσεως

1378 490 1494 547 ἀρχῆν
1511 493 1547 540 ἐξ
1567 496 1674 542 αὑτῆς
1689 493 1821 547 ἔχουσα
1842 494 1902 533 καὶ
1916 496 2045 546 γνῶσιν
2063 495 2198 534 οἰκείων
2219 496 2279 535 καὶ
2296 499 2360 536 ἀλ-

1378 553 1526 608 λοτρίων
1560 553 1661 608 φύσις
1693 554 1810 598 ἄλλως
1842 570 1881 592 τε
1921 553 1932 606 (
1950 554 2026 605 leg.
2062 553 2172 607 ὅλως)
2206 553 2359 594 ἔσπακεν

1377 613 1555 668 ἀποῤῥοὴν
1573 614 1635 653 καὶ
1657 619 1783 668 μοῖραν
1801 616 1839 653 ἐκ
1858 617 1917 652 τοῦ
1937 617 2162 667 φρονοῦντος,
2185 613 2280 661 ὅπως
2294 631 2359 655 κυ-

1377 672 1544 726 ὅερνᾶται
1565 673 1606 713 τὸ
1625 673 1770 726 σύμπαν
1792 675 1872 712 καθ’
1890 672 2141 725 Ἡράκλειτον.
2157 672 2167 726 )

1378 730 1422 771 Ὁ
1444 732 1479 771 δὲ
1506 732 1740 786 “Ηράκλειτός
1774 748 1902 785 φησιν,
1930 732 1982 771 ὅτι
2002 732 2063 771 καὶ
2092 732 2131 771 τὸ
2158 735 2219 786 ζῇν
2241 733 2361 772 καὶτὸ

1376 791 1564 830 ἀποθανεῖν
1592 792 1653 831 καὶ
1687 793 1722 830 ε’ν
1760 795 1811 845 τῷ
1843 793 1904 845 ζῇν
1926 794 2021 843 ἡμᾶς
2050 793 2125 831 ἐστι
2154 792 2214 831 καὶ
2243 793 2279 831 ἓν
2310 794 2361 846 τῷ

1374 849 1549 892 τεθνάναι.

1431 910 1593 964 (Sextus
1607 910 1830 964 Empiricus
1841 911 1982 963 Pyrrh.
1996 910 2071 959 ΙΙΙ,
2091 912 2180 959 230,
2199 912 2267 963 qui
2287 912 2362 951 He·

1379 971 1509 1010 racliti
1537 971 1660 1009 verba
1677 971 1880 1023 paululum
1898 971 2137 1011 immutavit.
2163 971 2234 1009 Hic
2255 971 2362 1009 enim

1376 1031 1462 1069 sine
1482 1029 1607 1068 dubio
1629 1028 1750 1081 ζώειν,
1769 1028 1979 1068 ἀποθανέειν
1999 1038 2037 1069 et
2054 1028 2166 1081 ἡμέας
2181 1030 2358 1082 scripsit.

1375 1090 1433 1128 Cf.
1453 1089 1569 1128 Philo
1583 1089 1709 1140 Alleg.
1726 1089 1802 1139 leg.
1825 1103 1840 1127 1
1862 1089 1929 1129 fin.
1952 1090 2121 1142 εμονονοὺ
2137 1090 2196 1128 καὶ
2213 1089 2363 1142 §.qipd-

1375 1150 1531 1196 κλειτος,
1554 1148 1647 1188 κατὰ
1676 1152 1779 1188 τοῦτο
1815 1148 1998 1195 Μωῦσέως
2035 1150 2276 1198 ἀκολουθήσας
2305 1153 2357 1203 τῷ

1376 1207 1528 1259 δόγματί
1543 1219 1643 1262 φησι·
1662 1209 1789 1258 Ζῶμεν
1808 1207 1866 1247 τὸν
1889 1207 2028 1246 ἐκείνων
2051 1209 2197 1248 θάνατον
2210 1239 2220 1257 ,
2236 1212 2362 1258 τεθνή-

1376 1281 1489 1318 καμεν
1511 1266 1548 1305 δὲ
1572 1265 1631 1305 τὸν
1652 1265 1794 1305 ἐκείνων
1810 1265 1883 1319 βίον
1896 1279 1904 1289 ·
1919 1269 1965 1310 ὡς
1984 1270 2042 1304 νῦν
2058 1265 2121 1318 μὲν
2134 1265 2190 1306 ὅτε
2210 1269 2362 1319 ε’νζῶμεν

1374 1325 1578 1375 τεθνηκυίας
1597 1328 1660 1374 τῆς
1688 1328 1805 1380 ψυχῆς
1838 1325 1899 1365 και
1931 1328 1978 1370 ὥς
2010 1342 2052 1365 αν
2076 1329 2111 1366 ἐν
2146 1326 2281 1378 σήματι
2312 1344 2362 1370 τι)

1376 1385 1517 1438 σώματι
1547 1384 1887 1437 ἐντετυμὸευμένης.
1917 1386 2118 1425 Hierocles
2158 1387 2200 1424 in
2239 1400 2359 1430 carm.

1377 1458 1464 1483 aur.
1483 1459 1523 1497 p.
1547 1451 1656 1490 142:
1676 1444 1741 1483 Διὸ
1757 1444 1818 1483 καὶ
1836 1445 2108 1500 ἐπαμφοτερίζει
2130 1451 2206 1488 ταῖς
2228 1445 2362 1499 σχέςε-

1377 1520 1454 1556 σιν,
1479 1504 1536 1544 ὁτὲ
1567 1504 1629 1555 μὲν
1658 1506 1730 1543 ἐκεῖ
1751 1507 1846 1550 ζῶσα
1867 1504 1930 1551 τὴν
1962 1504 2086 1557 νοερὰν
2113 1503 2281 1554 εὐζωίάν,
2302 1505 2360 1544 ὁτὲ

1380 1564 1417 1602 δὲ
1432 1565 1581 1603 ἐνταῦθα
1597 1563 1661 1612 τὴν
1684 1563 1892 1611 αἰσθητικὴν
1912 1565 2107 1615 ἐμπάθειαν
2122 1565 2361 1617 προσλαμὸά-

1377 1637 1502 1663 νουσα.
1527 1621 1654 1662 Ἔνθεν
1675 1622 1736 1661 καὶ
1761 1622 1904 1675 λέγεται
1935 1625 2043 1676 ὀρθῶς
2064 1624 2130 1662 ὑπὸ
2166 1624 2361 1677 ἹΙρακλεί-

1377 1698 1438 1720 του
1455 1713 1466 1731 ,
1492 1682 1545 1721 ὅτι
1565 1685 1680 1734 ζῶμεν
1694 1682 1751 1721 τὸν
1769 1682 1911 1721 ἐκείνων
1935 1683 2104 1731 θάνατον,
2138 1684 2360 1735 τεθνήκαμεν

1378 1741 1414 1778 δὲ
1437 1740 1496 1779 τὸν
1520 1741 1663 1780 ἐκείνων
1692 1741 1781 1795 βίον.
1801 1742 1992 1780 Similiter
2020 1743 2236 1782 Numenius
2255 1744 2361 1796 apud

1377 1800 1643 1852 Porphyrium
1656 1801 1704 1839 de
1713 1802 1836 1839 Antro
1849 1815 1887 1853 p.
1902 1801 1977 1838 256
1997 1801 2058 1839 ed.
2070 1801 2255 1841 Cantabr.
2276 1817 2284 1841 z
2301 1803 2363 1841 καὶ

1380 1861 1542 1913 ἀλλαχοῦ
1563 1860 1599 1899 δὲ
1620 1861 1729 1913 φάναι
1750 1863 1811 1913 ζῇν
1827 1864 1921 1911 ἡμᾶς
1941 1860 1996 1899 τὸν
2019 1859 2159 1899 ἐκείνων
2184 1862 2275 1912 [τῶν
2295 1864 2363 1913 ψυ-

1375 1917 1474 1973 χῶν]
1493 1919 1659 1973 θάνατον,
1678 1919 1737 1958 καὶ
1757 1922 1818 1973 ζῇν
1834 1919 1969 1965 ἐκείνας
1983 1919 2041 1958 τὸν
2067 1918 2239 1972 ἡμέτερον
2255 1920 2363 1959 θάνα-

1377 1993 1452 2017 τον.
1474 1978 1534 2017 Ad
1555 1988 1782 2031 perpetuam
1800 1988 1877 2017 tam
1895 1982 1984 2017 vitae
2007 1982 2221 2031 mortisque
2243 1993 2361 2031 quam

1377 2037 1600 2077 divinitatis
1616 2039 1949 2090 humanitatisque
1967 2039 2287 2091 conjunctionem
2303 2054 2363 2079 re-

1379 2098 1580 2137 ferendum
1600 2107 1638 2137 et
1663 2099 1762 2137 illud
1791 2107 1849 2137 est
1871 2098 2031 2137 effatum
2059 2099 2165 2149 quod
2187 2100 2364 2138 servavit

1379 2157 1572 2208 Diogenes
1593 2157 1663 2195 lib.
1682 2157 1748 2205 IX,
1766 2171 1811 2206 7:
1829 2157 1946 2195 πάντα
1967 2159 2088 2210 ψυχων
2100 2158 2267 2197 εἰναικαι
2285 2159 2362 2196 δαι-

1377 2217 1493 2267 μόνων
1528 2216 1668 2270 πλήρη,
1693 2225 1732 2256 et
1763 2217 1928 2255 alterum
1961 2217 2067 2269 quod
2102 2226 2226 2256 exstat
2258 2219 2364 2270 apud

1377 2277 1626 2315 Aristotelem
1642 2276 1690 2315 de
1718 2285 1836 2328 partt.
1859 2277 1979 2316 anim.
2006 2276 2038 2324 Ι,
2064 2276 2084 2314 5
2104 2290 2141 2328 p.
2160 2277 2235 2322 645
2259 2291 2281 2315 a
2301 2279 2361 2316 ed.

1377 2336 1528 2376 Bekk.:
1554 2335 1628 2376 Καὶ
1657 2335 1817 2387 καθάπερ
1838 2334 2067 2389 Ἡράκλειτος
2098 2335 2239 2387 λέγεται
2277 2337 2364 2388 πρὸς

1377 2393 1457 2439 τοὺς
1477 2394 1589 2440 ξένους
1607 2395 1717 2434 εἰπεῖν
1739 2410 1816 2438 τους
1832 2395 2064 2447 βουλομένους
2085 2397 2241 2447 εντυχεῖν
2266 2397 2362 2435 αὐτῶ

1412 2453 1582 2494 ..ἕκελευε
1602 2453 1670 2506 γὰρ
1690 2454 1814 2497 αὐτους
1850 2454 1993 2493 εἰσιέναι
2020 2456 2252 2508 θαῤῥουντας·
2272 2460 2360 2495 εἶναι

1377 2513 1445 2567 γὰρ
1462 2530 1523 2554 και
1547 2517 1694 2554 ἐνταῦθα
1715 2513 1847 2564 θεούς.)

1378 2572 1450 2613 Καὶ
1471 2580 1561 2612 τοῖσι
1584 2572 1768 2625 ἀγάλμασι
1788 2571 1960 2612 τουτέοισι
1983 2572 2168 2627 εὔχονται,
2190 2574 2304 2613 ὁκοῖον
2333 2574 2365 2614 εἴ

1378 2648 1431 2677 τις
1462 2639 1554 2672 τοῖσι
1587 2632 1726 2684 δόμοισι
1755 2632 2030 2685 λεσχηνεύοιτο,
2065 2631 2144 2671 οὔτε
2179 2633 2363 2686 γινώσκων

1379 2691 1475 2736 θεοὺς
1492 2691 1571 2731 οὔτε
1593 2692 1711 2746 ἥρωας
1731 2690 1854 2736 οἵτινές
1872 2694 1954 2732 εἷσι.

1433 2746 1642 2805 (Origenes
1671 2761 1809 2790 contra
1837 2751 1939 2792 Cels.
1967 2751 2038 2790 V11
2058 2766 2100 2804 p.
2136 2753 2213 2801 738
2251 2769 2258 2791 :
2300 2754 2360 2793 καὶ

1381 2810 1451 2863 μὴν
1477 2811 1538 2850 καὶ
1554 2810 1786 2864 ἹῘράκλειτος
1812 2804 1881 2850 ὧδέ
1915 2828 1988 2856 πως
2017 2812 2266 2866 ἀποφαίνεται·
2289 2813 2363 2853 Καὶ

1381 2876 1455 2915 τοῖς
1492 2870 1678 2923 ἀγάλμασι
1703 2872 1783 2910 κτλ.
1826 2873 1844 2910 ὁ
1866 2870 1928 2922 μέν
1961 2887 2000 2923 γε
2026 2871 2124 2922 μάλα
2157 2872 2364 2927 ἀπορῤήτως

1382 2929 1618 2981 ὑποσημαίνει
1637 2929 1772 2978 ἠλίθιον
1798 2929 1840 2969 τὸ
1858 2933 1930 2975 τοῖς
1948 2931 2151 2983 ἀγάλμασιν
2172 2930 2362 2985 εὔχεσθαι,

1379 2988 1440 3028 ἐὰν
1458 2988 1506 3040 μὴ
1523 2989 1702 3042 γιγνώσκῃ
1716 3005 1768 3035 τις
1787 2989 1885 3035 θεοὺς
1905 2989 1964 3029 καὶ
1979 2990 2097 3044 ἥρωας
2112 2990 2236 3035 οἵτινές
2254 2993 2357 3031 εἰσιν.

1377 3048 1556 3088 Clemens
1575 3048 1738 3088 Cohort.
1756 3063 1791 3088 c.
1810 3049 1861 3088 lv
1881 3063 1920 3102 p.
1948 3055 1995 3096 44
2015 3065 2023 3088 :
2048 3049 2100 3089 Σὺ
2122 3050 2157 3090 δὲ
2173 3050 2249 3089 ἀλλ’
2268 3051 2297 3089 εἷ
2312 3049 2363 3101 μὴ

1343 3198 1396 3229 60.
1420 3196 1602 3229 Heraclitus
1620 3205 1697 3230 vero
1722 3198 1767 3230 ait
1789 3198 1824 3231 et
1846 3198 1945 3230 vitam
1979 3200 2011 3230 et
2028 3199 2166 3231 mortem
2195 3198 2225 3230 in
2253 3199 2363 3231 nostra

1301 3255 1369 3288 vita
1390 3257 1565 3298 nostraque
1578 3258 1681 3290 morie
1694 3257 1811 3291 inesse.

1347 3317 1400 3348 61.
1435 3317 1542 3357 Atque
1561 3316 1619 3349 has
1654 3318 1779 3350 statuas
1800 3318 1984 3358 precantur,
2010 3317 2101 3350 velut
2128 3318 2155 3349 si
2190 3317 2261 3358 quis
2288 3325 2362 3348 cum

1301 3372 1452 3407 domibus
1484 3376 1729 3416 sermocinetur,
1762 3376 1912 3417 ignorans
1946 3376 2001 3418 qui
2026 3377 2071 3409 dii
2097 3378 2129 3409 et
2160 3377 2214 3417 qui
2249 3375 2363 3408 heroes

1302 3432 1377 3466 sint.

2205 3552 2251 3581 2⁴.
